3038 5018
548 1353 788 1431 ΚΕΦΑΛΗ
829 1355 874 1430 Β.

152 1645 227 1713 Ὀτι
249 1647 298 1712 καὶ
320 1647 400 1717 Θεδς
422 1649 470 1713 καὶ
491 1650 650 1729 δμοοθσιος
671 1648 711 1734 τῷ
734 1649 832 1730 Ποτρὶ
853 1646 993 1732 ὑπάρχων
1014 1649 1031 1712 ὁ
1053 1648 1126 1716 ’Υἱὸς
1149 1649 1183 1713 ἐν
1205 1649 1263 1733 ἰδία

356 1776 439 1841 ἐστὶν
460 1775 635 1854 ὑποστάσει,
658 1776 764 1857 ὁμοίως
785 1777 818 1840 δὲ
841 1776 889 1840 καὶ
910 1777 927 1840 ὁ
950 1775 1066 1858 Πατήρ.

408 2018 466 2085 Καὶ
493 2020 511 2088 ὁ
537 2019 638 2095 Λόποα
666 2014 704 2085 ἦν
732 2017 814 2108 πρὸς
841 2016 897 2086 τὸν
924 2017 1019 2086 Θεόν.

79 2254 97 2315 5
162 2221 362 2304 ἝΩΛΟΝ
381 2223 459 2326 ἤδη,
475 2228 533 2305 καὶ
552 2228 616 2323 τῆς
634 2223 804 2323 ἀληθείας
821 2222 1108 2329 ἀπεσφαλμένην
1121 2222 1345 2329 ἀποδείξαςᾱ

112 2351 239 2431 ἱκανῶς
263 2345 330 2447 τὴν
357 2350 477 2449 ἀμαθῆ
502 2353 576 2428 τῶν
597 2348 710 2428 ἐκεῖνα
735 2343 957 2454 δοξαζόντων
978 2345 1148 2445 διάνοιαν,
1169 2348 1227 2427 καὶ
1253 2343 1312 2426 διὰ

112 2478 175 2551 τοῦ
195 2476 304 2551 εἰπεῖν
323 2483 344 2520 “
357 2470 425 2552 Ἐν
443 2474 539 2577 ἀρχῇ
556 2469 602 2572 ἦν
620 2471 641 2550 ὁ
660 2470 810 2573 Λόγος,”
829 2478 955 2551 πᾶσαν
972 2471 1194 2555 ἀποκλείσας
1214 2503 1309 2573 παρ-

112 2593 277 2673 είσδυσιν
306 2601 379 2679 τοῖς
412 2595 457 2701 ἐξ
487 2595 551 2674 οὐκ
583 2593 697 2674 ὄντων
728 2590 816 2673 εἶναι
850 2590 999 2695 λέγουσι
1030 2591 1095 2674 τὸν
1124 2591 1225 2692 Υίδν,
1254 2596 1312 2675 καὶ

112 2722 237 2797 πᾶσαν
262 2718 379 2798 αὐτῶν
406 2714 473 2817 τὴν
499 2720 538 2798 ἐν
558 2717 696 2800 τούτοις
724 2718 962 2819 είκαιολογίαν
990 2715 1180 2818 ἀποτόμως
1207 2753 1309 2822 περι·

64 2839 216 2939 ιοελῶν,
249 2843 305 2948 ἐφ’
338 2840 461 2945 ἑτέραν
492 2841 631 2947 ἔρχεται
664 2838 806 2941 γείτονά
841 2874 880 2919 τε
913 2843 970 2920 καὶ
1007 2841 1313 2944 δυστροπωτάτην

113 2964 263 3066 αἵρεσιν.
304 2967 361 3044 καὶ
379 2962 504 3068 ῶσπερ
522 2962 567 3044 ἀν
585 2963 686 3047 εἴτις
704 2960 852 3066 ἄριστός
870 2997 909 3042 πε
931 2964 1021 3061 ὁμοῦ
1045 2967 1103 3043 καὶ
1124 2963 1314 3064 τληπαθὴς

113 3085 326 3194 φυτουργὸς,
354 3095 427 3171 τοῖς
454 3085 521 3186 μὲν
548 3088 606 3167 ἐπὶ
633 3093 678 3190 τῇ
709 3085 856 3191 δικέλλῃ
890 3088 947 3166 καὶ
980 3082 1083 3184 μάλα
1115 3083 1159 3185 δὴ
1191 3085 1314 3171 πόνοις

112 3207 291 3316 ἐφήδοιτο,
309 3210 589 3314 περιεζωσμένος
613 3207 652 3289 δὲ
676 3208 743 3310 τὴν
764 3211 897 3318 ὀσφῦν,
916 3212 975 3290 καὶ
1001 3212 1049 3294 ῶς
1074 3210 1125 3290 ἔνι
1148 3209 1343 3310 μάλισταο

113 3341 189 3417 τοῖς
207 3334 303 3443 αυτῷ
320 3334 520 3437 πρέπουσιν
538 3331 821 3437 ἀγροικιζόμενος
838 3332 1016 3439 σχήμασι,
1034 3340 1160 3415 πᾶσαν
1177 3341 1314 3414 ποιοῖτο

63 3455 280 3557 15σπουδτ)ν
308 3461 371 3558 τῆς
400 3457 444 3566 ἐξ
471 3460 635 3537 ἀκανθῶν
663 3457 787 3557 ἀηδίαις
818 3457 1009 3562 ἐλευθέραν
1036 3456 1221 3565 ἀποδεῖξαι
1250 3466 1315 3538 τοῦ

113 3580 336 3681 παραδείσου
360 3576 426 3681 τὴν
448 3579 547 3687 ὄψιν,
567 3579 687 3679 ἀλλην
709 3577 747 3659 δὲ
770 3580 824 3661 ἐπ’
849 3580 970 3681 ἀλλην
994 3579 1255 3687 καταστρέφων
1273 3581 1316 3659 οὐ

113 3701 275 3801 παύεται,
308 3707 366 3783 καὶ
398 3702 519 3812 κύκλῳ
551 3708 775 3807 περινοστῶν
806 3704 859 3783 ἀεὶ
893 3702 934 3783 τὸ
967 3711 1107 3784 λυποῦν
1138 3702 1315 3807 ἀνοχλίζει

114 3826 240 3933 ξύλον,
267 3826 332 3907 τδν
359 3825 523 3931 σκληρόν
550 3827 680 3907 ὀδόντα
707 3829 771 3926 τῆς
798 3827 966 3926 δικέλλης
995 3828 1184 3911 ὑποτιθείς·
1211 3827 1315 3928 οὕτω

115 3953 174 4028 καὶ
202 3951 223 4030 ὁ
249 3950 422 4054 μακάριος
448 3947 616 4051 Ἰωάννης
642 3948 707 4030 τὸν
731 3949 846 4053 ζῶντα
873 3954 931 4029 καὶ
958 3952 1083 4052 ἐνεργη
1111 3952 1169 4029 καὶ
1199 3947 1316 4047 τομιό-
1359 3965 1428 4080 ξοδ·
1441 3964 1474 4013 iv.

61 4115 101 4156 20
115 4105 225 4153 τατον
249 4082 314 4153 τοῦ
338 4078 434 4155 Θεοῦ
453 4072 576 4176 Λόγον
602 4076 641 4153 ἐν
664 4073 801 4181 διανοίᾳ
828 4079 966 4181 φορῶν,
986 4070 1250 4179 ὀξυωπέστατά
1276 4106 1345 4158 πει
1387 4067 1425 4158 ib
1440 4102 1482 4157 Δ.

115 4198 174 4276 καὶ
199 4196 460 4304 νοννεχέστατα
485 4201 548 4296 τῆς
572 4203 646 4277 τῶν
664 4195 965 4304 ἑτεροδοξοθντων
984 4195 1106 4280 κακίας
1132 4195 1179 4276 τά
1204 4194 1316 4300 πικρά

151 4426 179 4484 5.
197 4411 402 4484 ἀπεοφολμίνην
415 4412 448 4467 Β.
460 4411 699 4483 ἀποσφαλλομίνην
712 4410 763 4466 Ed.
890 4411 932 4466 18.
950 4411 1128 4483 σκληροδόντα
1140 4429 1188 4484 pro
1200 4413 1316 4483 σκληρὸν

116 4484 209 4539 ὀδόντα
222 4483 256 4538 Ε.
399 4499 443 4539 20.
460 4481 564 4555 Φαρῶν]
577 4483 666 4554 φόρων
680 4482 713 4537 Β.
