3038 5018
88 306 210 390 vii.24.
263 307 321 371 IN
351 304 667 371 S.JOANNEM.
713 304 807 369 LIB.
831 303 891 369 IV.
937 303 1039 369 CAP.
1055 303 1117 368 VI.
1226 305 1288 368 621

144 469 327 574 Ἐπιτήρει
346 471 384 550 δέ
400 469 497 555 ὅπως
516 473 748 578 ἀποφατικῶς
767 468 830 568 μέν
848 475 965 575 φησιν
983 472 1004 549 ό
1027 466 1229 567 νομοθέτης,
1247 466 1289 544 τό

90 597 149 676 Οῦ
179 592 443 699 προσκυνήσεις
472 601 566 678 θεοῖς
593 593 734 695 ἐτέροις·
774 590 839 673 τόν
867 591 905 671 δέ
935 595 992 672 ἐπὶ
1024 597 1075 699 τῷ
1108 587 1320 696 σαββάτιρο

90 718 228 820 θεσμόν
257 719 399 822 γείτονα
426 717 542 825 τούτῳ
569 720 677 801 τιθείς
704 715 747 796 τό
776 714 975 817 Μνήσθητι
1006 715 1115 817 λέγει,
1143 718 1201 793 καὶ
1231 710 1290 791 διά

90 845 197 925 ποίαν
216 845 355 938 αἰτίους
385 841 440 921 ὅτι
464 849 528 921 τοῦ
553 839 618 939 μέν
636 838 686 941 μή
711 846 928 943 προσκυνεῖν
951 847 1043 924 θεοῖς
1066 839 1198 940 ἐτέροις
1222 838 1291 939 ἤδη

59 972 211 1071 5παρῆν
229 970 249 1048 ὁ
267 964 399 1070 καιρός.
438 963 497 1046 διά
523 963 594 1068 γάρ
619 999 675 1044 τοι
699 972 806 1045 τοῦτο
831 967 889 1045 καί
915 959 1078 1067 ἐνεργοῦς
1099 960 1187 1043 εἰναι
1209 965 1291 1066 περὶ

91 1091 179 1173 αὐτὸ
197 1094 418 1195 παραχρῆμα
438 1085 661 1186 διεκελεύετο,
680 1085 739 1167 διά
755 1087 897 1188 μνήμης
918 1089 962 1167 δέ
979 1121 1057 1172 πως
1075 1092 1226 1167 κατιδεῖν
1245 1085 1291 1166 τά

92 1215 256 1314 ἐσόμενα,
275 1218 334 1294 καί
361 1213 408 1294 τά
434 1215 472 1292 ἐν
497 1210 622 1296 τύποις
649 1212 701 1293 ἔτι
728 1211 1011 1319 ζωγραφούμενα
1038 1218 1115 1295 ταῖς
1142 1212 1292 1295 ἐννοίαις

91 1344 375 1442 προαναθεωρεῖν
407 1337 596 1441 ἐνεδέχετο·
638 1333 714 1416 εἰτα
745 1333 838 1439 πρὸς
867 1335 983 1443 τούτῳ
1015 1337 1154 1417 κάκεῖνο
1185 1369 1289 1437 περι·

92 1461 280 1541 σκεπτέον·
311 1462 350 1540 εῦ
368 1458 440 1565 γάρ
458 1459 503 1559 δὴ
522 1462 580 1539 καί
598 1457 700 1558 μάλα
719 1456 934 1564 διατεταχάις
952 1456 997 1538 τά
1018 1460 1077 1549 ἐπί
1102 1465 1147 1563 τῇ
1169 1461 1292 1538 πίστει

45 1622 80 1664 ιο
92 1582 298 1683 παθήματα,
316 1585 458 1685 τίθησιν
477 1581 580 1666 εύθῦς
601 1587 665 1681 τῆς
689 1586 745 1664 ε’πί
771 1580 869 1663 τέλει
886 1590 959 1663 τῶν
977 1582 1115 1662 αἰιόνων
1133 1586 1288 1686 ἐπαγγε-

93 1711 175 1793 λίας
203 1707 269 1808 τήν
297 1706 451 1807 μνήμην,
476 1704 550 1787 εἶτα
577 1705 707 1787 λοιπὸν
735 1703 817 1792 τοῦς
844 1709 984 1810 ἐτέρους
1011 1705 1116 1810 ὁρίζει
1144 1704 1326 1807 νόμους,ι1

93 1831 135 1912 τό
155 1844 177 1880 “
190 1834 299 1931 Τίνα,
319 1836 423 1938 φημὶ,
441 1829 505 1912 τὸν
526 1830 664 1933 πατέρα
689 1864 761 1910 0⁰¹²
785 1835 843 1911 Καὶ
867 1830 933 1931 Τὴν
954 1829 1089 1934 μΨὲΡα
1110 1830 1212 1930 ⁰⁰⁰⁹„
1233 1834 1291 1911 καὶ
1336 1827 1433 1943 ῦοῦ

93 1953 136 2036 τό
155 1957 214 2035 Οῦ
232 1955 428 2060 φονεύσεις,
449 1957 508 2034 καί
525 1952 572 2033 τά
589 1951 712 2051 λοιπιί,
731 1955 790 2034 ἵνα
808 1953 858 2054 μή
876 1955 921 2060 ἐξ
937 1954 1044 2058 ἔργου
1067 1958 1292 2035 δικαιοῦσθαι

94 2077 298 2181 νομίζωμεν,
326 2077 416 2178 μηδέ
449 2084 521 2158 τῶν
551 2079 685 2157 οἰκείων
714 2078 836 2158 πόνων
864 2075 1003 2180 καρπόν
1034 2076 1100 2178 τὴν
1130 2078 1293 2184 ἀφθονον

45 2230 81 2291 15
94 2212 158 2282 τοῦ
187 2209 281 2283 Θεοῦ
308 2201 596 2305 μεγαλοδωρεάν,
622 2200 707 2281 ἀλλ’
734 2204 772 2281 ἐκ
799 2202 957 2285 πίστεως
983 2207 1130 2300 μᾶλλον
1157 2205 1293 2288 ἑαυτοῖς

94 2325 244 2405 ἔσεσθαι
274 2324 599 2428 προσδοκήσωμεν.
650 2324 709 2405 διά
740 2333 847 2405 τοῦτο
878 2324 951 2427 πρὸ
979 2331 1052 2405 τῶν
1083 2323 1201 2425 νόμων
1229 2330 1292 2425 τῆς

95 2451 171 2530 κατ’
203 2448 387 2545 εῦσέβειαν
413 2450 607 2546 πολιτείας,
636 2450 763 2550 γείτων
791 2447 894 2532 εῦθῦς
925 2454 971 2555 τῇ
1002 2449 1124 2530 πίστει
1156 2456 1228 2529 τῶν
1255 2453 1293 2529 ἐν

95 2575 241 2652 ἐλπίσιν
263 2575 410 2675 ἀγαθῶν
433 2574 456 2673 ἡ
481 2571 585 2677 χάρις
609 2573 810 2671 εἰσβέβηκε.

153 2697 320 2796 Σημαίνει
347 2706 538 2801 τοιγαροῦν
566 2698 589 2796 ἡ
617 2696 708 2776 κατὰ
735 2695 778 2776 τό
806 2696 1000 2792 σάββατον
1025 2698 1134 2799 ἀργία
1161 2695 1229 2796 τήν
1255 2698 1323 2777 ἐνο

45 2819 296 2900 ιοάναπαύσει
324 2824 382 2901 καί
409 2824 581 2929 ἁγιασμῷ
609 2828 681 2900 τῶν
708 2822 822 2921 ἁγίων
849 2820 951 2924 ζωὴν,
981 2820 1039 2900 ὅτε
1068 2821 1110 2920 δὴ
1141 2820 1294 2919 σύμπαν

97 2945 364 3043 ἀποδυσάμενοι
389 2942 431 3025 τό
459 2953 609 3042 λυποῦν,
627 2948 685 3024 καί
713 2944 826 3025 πόνου
852 2942 988 3029 παντός
1016 2944 1294 3052 καταλήξαντες,

97 3073 170 3150 τοῖς
198 3065 320 3148 θεόθεν
347 3067 637 3176 ἐντρυφήσουσιν
664 3072 824 3171 ἀγαθοῖς.
871 3071 928 3148 καί
957 3078 1046 3171 γοῦν
1074 3070 1094 3148 ό
1122 3068 1296 3170 μακάριος

100 3195 260 3290 Παῦλος,
279 3190 337 3272 ὅτε
355 3191 438 3276 τοῦς
455 3200 536 3294 περὶ
558 3192 694 3273 τούτων
710 3194 795 3293 ἡμῖν
812 3194 963 3273 ἐποιεῖτο
987 3191 1130 3296 λόγους,
1149 3195 1208 3273 καί
1232 3191 1297 3272 τὸν

98 3315 155 3394 ἐπὶ
197 3321 249 3421 τῷ
292 3321 543 3424 σαββατισμῷ
585 3327 649 3397 τοῦ
690 3325 782 3396 λαοῦ
823 3314 1120 3419 διερευνήσασθαι
1159 3315 1297 3421 τρόπον

45 3469 85 3530 α5
98 3436 232 3541 ἀριστοί
258 3473 296 3519 τε
324 3447 438 3521 ποιῶν
465 3441 677 3543 ἐδοκίμαζεν,
706 3443 799 3520 οὕτω
828 3441 927 3546 φησί
951 3452 971 3488 “
990 3442 1080 3521 Τίσι
1107 3439 1146 3520 δέ
1172 3437 1294 3540 ὤμοσε
1343 3477 1430 3571 181'9.

98 3573 120 3610 “
138 3560 188 3663 μή
217 3562 492 3644 εἰσελεύσεσθαι
520 3568 567 3648 εἰς
596 3563 662 3663 τὴν
686 3562 912 3645 κατάπαυσιν
939 3566 1060 3663 αῦτοῦ,
1087 3570 1117 3644 εἰ
1143 3562 1193 3664 μὴ
1221 3571 1326 3650 τοῖςα
1344 3543 1461 3643 4ῦ5Α.

98 3694 121 3732 “
139 3683 385 3785 ἀπειθήσασι;
415 3689 472 3766 καί
491 3687 687 3786 βλέπομεν,
704 3685 759 3766 ότι
785 3689 848 3767 οῦκ
871 3685 1103 3789 ἠδυνήθησαν
1120 3695 1297 3769 εἰσελθεῖν

99 3819 121 3856 “
140 3808 199 3887 διά
223 3810 431 3890 ἀπιστίαν.”
462 3809 582 3910 ἐπειδὴ
610 3807 682 3913 γάρ
706 3809 820 3917 ᾤοντό
844 3846 936 3895 τινες
961 3814 1095 3913 ἐκείνην
1119 3810 1206 3891 εἰναι
1233 3817 1298 3912 τῆς

100 3933 359 4018 καταπαύσεως
383 3932 449 4034 τήν
475 3939 555 4034 γῆν,
579 3941 628 4017 εἰς
651 3935 697 4034 ἣν
719 3933 881 4040 ἐβάδιζον
905 3939 968 4034 τῆς
997 3943 1070 4015 τῶν
1088 3938 1298 4037 Αἰγυπτίων

45 4054 387 4160 3οἐκκεχωρηκότες,
412 4059 527 4138 καίτοι
554 4066 762 4164 ληφθεῖσαν
787 4066 836 4143 εἰς
858 4058 971 4140 τύπον
996 4064 1059 4158 τῆς
1084 4068 1157 4144 τοῖς
1182 4063 1297 4163 ἁγίοις

140 4293 167 4357 Ι.Ι
181 4276 363 4346 ἀποφαντικῶς
378 4278 409 4332 Β.
558 4293 583 4346 5.
601 4281 661 4349 περὶ
673 4280 736 4333 οῦτό
747 4277 917 4350 παραχρῆμα]
931 4282 1087 4365 παραχρῆμα
1099 4283 1158 4351 περί
1171 4282 1249 4335 αὐτοῦ
1264 4280 1297 4336 Β.

103 4347 198 4427 ὃῖαῑιῐιι
212 4347 370 4402 διεκελεύετο
383 4367 437 4403 om.
452 4348 486 4404 Β.
557 4364 582 4421 7.
600 4353 632 4405 τὰ
645 4368 698 4405 om.
714 4350 746 4404 Β.
818 4352 844 4404 8.
862 4371 1031 4420 περισκεπται
1045 4350 1077 4404 Β.
1148 4370 1174 4422 9.
1193 4351 1295 4424 πίστει]

140 4433 147 4456 ί

100 4433 188 4558 τῦὶἰττερ
203 4467 235 4522 Β.
257 4538 265 4555 ,
346 4487 386 4524 12.
405 4468 486 4541 φημὶ]
498 4472 585 4596 φησὶν
598 4472 630 4527 Β.
743 4488 781 4538 14.
799 4469 877 4541 μηδὲ]
890 4469 954 4537 μήτε
967 4470 1000 4524 Β.
1103 4487 1145 4597 23.
1164 4471 1205 4544 τε]
1219 4494 1249 4543 γε
1264 4473 1296 4528 Β.

102 4538 144 4593 26.
163 4541 363 4595 εισελευσεσθαι
377 4541 409 4595 Β.
423 4541 496 4596 εἰσελ
514 4564 552 4596 ειν
564 4542 615 4597 Ed.
724 4544 766 4598 28.
786 4542 827 4598 διό
841 4541 877 4597 Ι).
889 4541 922 4596 δι’
936 4542 969 4595 Β.
982 4541 1024 4595 διὰ
1036 4541 1117 4610 τὴνΒ
1139 4583 1145 4598 .
