3038 5018
65 307 175 372 iii.11.
257 309 313 372 IN
346 308 379 371 S.
403 308 659 373 JOANNEM.
705 306 873 371 LIB.II.
920 307 1075 371 CARI.
1205 309 1269 370 223

66 472 203 572 μάτων·
233 480 291 554 καὶ
309 485 331 520 “
349 450 529 556 Γνωστιῦς
548 471 585 554 δέ
610 471 723 552 πάλιν
741 472 928 577 ἐπιγνώσῃ
952 470 1078 578 ψυχὰς
1102 471 1269 570 ποιμνίου
1314 478 1392 592 ξξζζι

67 608 90 646 “
108 598 210 694 σου,”
230 596 320 701 πρὸς
346 598 438 698 ἡμᾶς
462 631 533 677 που
559 600 675 704 φησὶν
700 598 720 675 5
746 595 964 701 σοφώτατος
983 593 1174 694 Σολομάν·
1206 594 1270 672 οῦκ
1316 621 1356 672 2³·

68 720 270 824 ἀδιάκριτόν
294 728 411 827 φησιν
435 727 508 805 τοῖς
537 727 734 823 προσιοῦσι
762 717 825 798 τὸν
853 716 1110 798 διδασκαλικὸν
1136 715 1271 797 ἐθέλων

66 851 278 947 προκεῖσθαι
312 843 435 947 λόγον,
468 841 568 922 ἀλλά
605 850 678 926 τοῖς
712 842 867 922 ἑκάστου
904 845 1046 946 μέτροις
1082 837 1270 952 ἀναλόγως

35 989 53 1049 5
68 970 356 1074 έφηρμοσμένον.

292 1261 349 1325 Καὶ
377 1258 436 1326 τάν
463 1257 639 1355 μαρτυρίαν
668 1258 761 1335 ἡμῶν
789 1260 826 1323 οὐ
854 1261 1047 1338 λαμβάνετε.
1281 1266 1437 1322 ι15οΔ.

125 1455 192 1564 Ὡς
210 1455 301 1562 έχων
319 1460 357 1537 ἐν
375 1458 489 1565 ἑαυτῷ
513 1455 577 1537 τὸν
597 1456 743 1561 Πατέρα
769 1461 826 1537 καὶ
851 1455 893 1536 τὸ
914 1463 1063 1557 Πνεῦμα
1089 1462 1267 1561 φυσικῶς,

71 1586 119 1665 εἰς
149 1579 393 1682 πληθυντικὸν
422 1579 573 1683 ἀριθμὸν
601 1580 642 1660 τὸ
670 1587 743 1661 τῶν
770 1580 1045 1684 μαρτυρούντων
1071 1580 1271 1681 πρόσωπον

71 1703 239 1809 ἐξέτεινεν
267 1706 287 1783 5
317 1704 457 1807 Σωτήρ·
502 1706 560 1785 ἵνα
589 1704 724 1806 τρόπον
753 1704 833 1784 τινά
866 1704 957 1785 κατὰ
989 1705 1053 1784 τὸν
1082 1705 1271 1788 Μωυσέως

18 1861 58 1901 10
72 1827 182 1925 νόμον
200 1838 222 1874 “
235 1829 321 1908 Ἐπὶ
340 1827 523 1927 στόματος
541 1829 605 1908 δύο
624 1831 683 1907 καὶ
702 1835 810 1930 τριῶν
828 1827 1037 1933 μαρτύρων”
1058 1827 1271 1931 κρατύνηται
1315 1834 1393 1912 ⁹5⁰³·

97 1949 108 1974 κ
165 1958 172 1978 '
258 1950 269 1978 Ι
419 1954 427 1977 ’
513 1951 522 1975 Ι
646 1951 656 1980 x
691 1952 708 1981 α
827 1957 837 1978 ,
929 1952 940 1979 Ι
1128 1950 1139 1981 Ι
1316 1912 1420 1962 XIX-15.

72 1985 114 2030 το
146 1986 337 2054 ειρημενον.
388 1956 586 2051 ουδαμοθεν
619 1957 656 2031 δε
689 1962 784 2035 ολως
816 1952 1067 2055 ανασωζεσθαι
1099 1956 1272 2036 θελοντας

72 2075 274 2155 ἐπιδεικνύει
297 2076 378 2160 τοῦς
403 2077 604 2174 Ἰουδαίους,
627 2077 811 2180 ἀχαλίνοις
839 2075 876 2155 δέ
905 2077 1030 2159 ἀπλῶς
1059 2081 1116 2154 καὶ
1145 2078 1269 2180 ἀπερι-

73 2197 241 2283 σκέτττοις
278 2201 403 2301 ὁρμαῖς
440 2202 497 2280 ἐπὶ
534 2198 576 2280 τὸ
613 2197 708 2294 βσθῦ
745 2203 808 2298 τῆς
840 2200 1020 2283 ἀπωλείας
1060 2196 1274 2303 φερομένους

73 2321 271 2424 βάραθρον·
303 2330 332 2402 εί
356 2322 427 2426 γὰρ
453 2322 541 2424 μήτε
568 2330 661 2403 νοεῖν
679 2324 870 2428 ίσχύουσιν
889 2325 927 2403 ἐκ
952 2326 1097 2421 πολλῆς
1122 2323 1308 2420 ἀμαθίαςί)

23 2443 116 2532 15τῦ
135 2446 403 2548 κηρυττόμενον,
422 2447 512 2547 μήτε
531 2449 652 2526 πίστει
670 2454 854 2527 ποιοῦνται
874 2444 1009 2544 δεκτόν,
1024 2447 1078 2530 τίς
1096 2445 1140 2525 ἀν
1158 2447 1277 2528 αὐτοῖς

74 2572 255 2672 σωτηρίας
274 2571 391 2674 ἕτερος
409 2570 608 2671 ἐπινοηθείη
626 2570 757 2674 τρόπος
774 2604 784 2668 ;
816 2577 936 2654 καλῶς
955 2568 998 2670 δὴ
1018 2570 1081 2650 οῦν
1099 2572 1157 2650 καὶ
1177 2568 1278 2668 μάλα

75 2694 216 2778 δικαίως
241 2692 515 2796 ἀναπολόγητον
540 2695 690 2775 έσεσθαι
716 2695 782 2794 τὴν
802 2696 1045 2797 Ἰερουσαλὴμ
1071 2695 1232 2802 ἔφασκεν
1257 2695 1276 2773 5

76 2816 216 2919 Σωτὴρ,
254 2822 302 2903 ὡς
338 2817 559 2917 αύτόκλητον
595 2821 651 2924 ἐφ’
690 2818 818 2918 ἑαυτὴν
856 2817 1088 2922 άρπάζουσαν
1127 2817 1278 2922 ὄλεθρον

75 2952 98 2988 “
116 2940 356 3042 Ἰερουσαλὴμ
380 2940 453 3044 γάρ
470 2941 721 3043 Ἰερουσαλὴμ,
741 2946 866 3046 φησὶν,
887 2941 909 3038 ἡ
928 2941 1177 3021 ἀποκτείνουσα
1195 2941 1277 3027 τοῦς
1322 2949 1443 3079 EQ?

23 3100 63 3140 20
76 3074 98 3110 ‘⁶
116 3064 305 3171 προφήτας
347 3068 405 3144 καὶ
449 3072 699 3158 λιθοβολοῦσα
736 3064 818 3149 τοῦς
855 3065 1150 3163 ἀπεσταλμένους
1185 3065 1276 3167 πρὸς
1324 3082 1363 3143 38·
1440 3052 1446 3071 ’

76 3200 98 3236 “
117 3189 238 3288 αὐτὴν,
260 3187 415 3273 ποσάκις
443 3189 608 3289 ἠθέλησα
635 3192 912 3289 ἐπισυναγαγεῖν
936 3187 981 3269 τά
1009 3191 1113 3268 τέκνα
1139 3223 1209 3269 σου
1235 3187 1276 3268 ῦν

77 3324 99 3359 “
117 3312 252 3415 τρόπον
288 3312 384 3414 ὄρνις
421 3312 628 3414 ἐπισυνάγει
670 3310 716 3391 τά
757 3313 892 3392 νοσσία
935 3315 1061 3412 ἑαυτῆς
1102 3310 1171 3394 ὑπὸ
1211 3311 1306 3397 τάςθ

77 3448 99 3483 “
116 3438 305 3539 πτέρυγας,
347 3436 405 3516 καὶ
450 3439 512 3516 οῦκ
557 3435 773 3535 ἠθελήσατε·
829 3434 904 3515 ίδοῦ
949 3437 1091 3542 ἀφίεται
1132 3441 1214 3534 ὑμῖν
1255 3440 1275 3517 5

78 3570 100 3607 “
118 3557 212 3642 οἶκος
247 3560 381 3659 ῦμῶν.”

115 3815 140 3852 2.
158 3821 208 3852 που
220 3798 304 3867 φησὶν
315 3815 360 3851 om
375 3796 407 3851 B.
527 3812 553 3867 3.
572 3799 656 3867 φησιν
667 3805 835 3868 assumptum
849 3815 881 3851 ex
896 3797 928 3852 Β.
1047 3814 1088 3869 19.
1105 3796 1276 3867 Ἰερουσαλὴμ

77 3870 123 3923 alt.
137 3887 191 3923 om.
205 3869 237 3923 B.
296 3868 473 3923 ἂποκτένουσα
493 3867 528 3922 D.
547 3867 581 3922 cs.
599 3867 627 3922 in
645 3867 680 3922 xii
702 3866 799 3939 Proph.
812 3884 864 3940 504
879 3867 906 3932 d,
923 3867 975 3939 78⁶
987 3885 1011 3923 θ.
1024 3867 1211 3923 ἀποκτείνουσα
1224 3868 1276 3924 Ed.

78 3956 122 3995 22.
140 3941 290 4011 ἐπισυνάγει
302 3956 356 3993 om.
370 3938 402 3993 B.
