3038 5018
258 292 323 356 280
561 292 601 358 B.
623 293 837 359 CYRILLI
867 292 1157 359 ALEXANDR.
1345 287 1389 352 iv.
1404 304 1457 354 αν.

258 458 413 554 θελῆσαι
441 454 504 537 τὸν
525 456 616 538 Υῖὸν
642 456 843 562 προσάγειν
870 464 921 567 τῷ
949 459 1069 562 Πατρὶ
1096 455 1162 556 τὴν
1189 452 1456 559 προσκύνησιν,

259 582 464 683 στοχασταὶ
481 579 626 680 μᾶλλόν
644 580 777 684 εἰσινῆ
803 587 865 682 τῆς
892 582 1061 685 ἀληθείας
1085 577 1329 680 ἐπιστήμονες.
1366 578 1406 656 τί
1420 577 1458 656 δ’

260 698 306 781 ἀν
332 703 498 783 κωλύσαι
525 706 583 784 καὶ
609 704 747 807 ἑτέρους
771 710 890 805 εἰπεῖν,
912 703 1165 812 ῥιφοκίνδυνόν
1189 737 1269 783 τινα
1295 711 1460 782 πλαττο-

259 825 386 923 μεῦους
404 827 596 926 εὐσέβειαν,
615 827 671 908 ότι
688 827 840 929 θελητὸν
856 834 908 938 τῷ
927 831 1045 932 Πατρὶ
1063 830 1345 932 προσκυνεῖντῲ
1363 827 1457 930 Υῖφ,

261 949 373 1028 καίτοι
387 949 479 1030 κατὰ
493 951 607 1055 φύσιν
620 952 684 1032 οὐκ
698 950 775 1032 ὄντι
789 959 1041 1056 προσκυνητῇ;
1061 949 1171 1032 Ἀλλ’
1185 947 1281 1046 αὐτὸ,
1297 949 1403 1055 φησὶ,
1414 944 1460 1026 τὸ
1474 966 1493 1026 5

260 1072 407 1174 πρέπον,
426 1071 468 1153 τὸ
486 1073 552 1171 μὲν
569 1083 633 1155 τοῦ
653 1075 797 1175 Πατρὸς
817 1077 1037 1183 ῦπεξελεῖται
1054 1071 1264 1179 πρόσωπον,
1283 1070 1461 1169 ὑποθήσει

261 1193 299 1275 δὲ
321 1200 373 1305 τῷ
394 1195 581 1301 πράγματι
603 1195 667 1278 τὸν
685 1198 785 1297 Υίὸν,
803 1200 868 1279 οῦκ
891 1200 1097 1300 ἀβούλητον
1115 1198 1243 1302 ἔχοντα
1267 1193 1309 1275 τὸ
1333 1227 1458 1296 προσ·

261 1326 376 1400 τευτευ
393 1327 445 1427 τῷ
465 1322 595 1424 11.er.
1393 1312 1396 1317 ’

93 1454 156 1508 1⁸⁸
167 1452 207 1507 Α
231 1466 250 1506 ⁸
318 1445 369 1524 Τι’
383 1440 511 1549 φῂς,ο’)
529 1445 649 1543 οὕτως
670 1444 782 1527 πάλιν
796 1447 879 1547 ἡμῖν
892 1447 940 1529 ὡς
957 1445 1002 1552 ἐξ
1017 1443 1167 1542 ἀδύτων,
1182 1444 1260 1545 ἤτοι
1280 1441 1462 1547 τριπόδων

92 1660 130 1710 Hi
262 1567 501 1671 Ἑλληνικῶν,
529 1567 717 1677 ἀναφέρεις
747 1569 812 1654 τὸς
842 1570 1018 1669 μαντείας,
1046 1568 1070 1669 ἢ
1101 1569 1177 1648 κατ’
1208 1570 1339 1648 ἐκεῖνον
1369 1564 1461 1671 ἔρχῃ
1478 1611 1513 1652 ιο

92 1677 178 1776 ιιῖῖι.
263 1700 285 1737 “
301 1687 365 1769 τὸν
386 1692 559 1791 ἐλαμίτην
581 1694 746 1794 Σομέαυ”
767 1691 814 1772 τὸ
841 1690 913 1774 ἀπὸ
941 1693 1087 1795 καρδίας
1114 1689 1341 1796 ἐρευγόμενοι
1369 1695 1458 1790 σῆς,

94 1805 137 1907 ἔξ,
145 1856 216 1906 xxxii
262 1814 322 1892 καῖ
355 1814 419 1893 οῦκ
450 1813 522 1894 ἀπὸ
556 1818 737 1913 στόματος
772 1816 929 1918 Κυρίου,
969 1814 1012 1896 τὸ
1046 1815 1083 1895 δὲ
1115 1814 1253 1917 πρέπον
1283 1814 1376 1916 ἡμῖν,
1411 1817 1463 1899 ὡς

97 1920 135 1972 '⁶'
263 1936 556 2038 ἀκαταγῶνιστον
578 1940 616 2019 ἐν
635 1937 782 2035 τούτοις,
802 1938 1008 2045 ἀντεξάγων
1031 1939 1094 2018 οὐκ
1121 1941 1306 2044 ἐρυθριᾷςς
1336 1934 1358 2036 ἢ
1387 1934 1462 2038 γάρ

262 2061 325 2140 οὐκ
350 2059 406 2164 οἴη
430 2061 577 2164 πρέπειν
595 2059 659 2142 τὸν
676 2060 763 2142 ὄντα
789 2061 880 2142 κατὰ
905 2062 1019 2168 φύσιν
1038 2061 1142 2160 Θεὸν,
1162 2060 1258 2142 Θεὸν
1280 2061 1373 2166 ἔχειν
1396 2059 1463 2141 τὸν

261 2184 305 2290 ἐξ
330 2186 438 2264 αὑτοῦ
466 2187 679 2286 γεννηθέντα
699 2184 822 2287 Λόγον
849 2189 907 2265 καὶ
936 2184 999 2265 τὸν
1027 2182 1056 2292 ᾦ
1084 2189 1283 2288 προσκυνεῖ
1305 2190 1409 2264 πᾶσα
1436 2184 1513 2283 ἦτε

250 2308 388 2406 4κτίσις,
415 2308 728 2411 προσκυνουμίνου
757 2306 796 2388 δὲ
823 2316 969 2406 μᾶλλον
998 2307 1021 2410 ἢ
1053 2317 1341 2413 προσκυνοῦντος
1367 2312 1458 2389 Υῖοῦ

263 2429 410 2533 Πατέρα
427 2437 617 2512 καλεῖσθαι
636 2435 693 2511 καὶ
712 2431 799 2513 εἶναι
817 2438 863 2539 τῇ
883 2431 1015 2539 φύσει,
1037 2432 1122 2511 ἀλλ’
1142 2429 1239 2530 οἶμαι
1255 2434 1330 2516 τοῖς
1347 2429 1461 2514 ὅντως

226 2556 392 2660 ι)σοφοῖς
411 2555 475 2634 οῦκ
497 2553 683 2662 ἀντᾴδοντα
704 2556 833 2659 λε’γειν.
875 2565 953 2642 πῶς
971 2557 1009 2637 δὲ
1028 2559 1087 2636 καὶ
1104 2558 1252 2658 πρέπειν
1269 2554 1463 2660 ὁριούμεθα

261 2680 544 2779 προσκυνεῖσθαι
579 2677 678 2782 παρὸ
713 2688 778 2760 τοῦ
817 2681 905 2760 ἰδίου
941 2679 1162 2783 γεννήματος
1197 2677 1260 2759 τὸν
1298 2681 1461 2780 Πατέρα,

262 2800 443 2896 τοσαύτην
467 2802 713 2903 ὑπομενούσης
737 2804 863 2905 ζημίαν
888 2807 952 2904 τῆς
979 2804 1032 2883 ἐπ’
1054 2807 1190 2909 ἀμφοῖν
1210 2801 1459 2908 ῦπολήφεως;
1479 2839 1513 2884 οι

262 2931 406 3027 πρῶτον
423 2924 489 3025 μὲν
507 2925 578 3029 γάρ
598 2928 678 3006 οὔτε
695 2929 733 3005 ἐν
754 2924 893 3027 ἰσότητι
912 2931 976 3026 τῆς
996 2928 1109 3034 ἀξίας,
1128 2929 1207 3006 οὔτε
1232 2929 1270 3007 ἐν
1287 2928 1462 3030 ἀπαραλ-

263 3046 385 3156 λοὶκτῳ
415 3053 478 3149 τῆς
506 3049 650 3157 φύσεως
678 3048 784 3129 εῖκόνι
811 3049 853 3130 τὸ
880 3047 930 3149 μὴ
957 3058 1186 3152 προσκυνοῦν
1216 3057 1267 3158 τῷ
1292 3084 1462 3154 προσκν-

265 3181 382 3252 νοῦντι
401 3175 566 3255 κείσεται.
594 3181 793 3274 προσκυνεῖ
807 3173 878 3278 γὰρ
896 3176 944 3257 ὡς
962 3171 1132 3273 ε’λάττων,
1149 3182 1207 3255 καὶ
1228 3176 1268 3254 οὐ
1283 3173 1466 3274 ποσότητι

264 3295 438 3399 μετρητὸς
459 3302 505 3401 τῇ
530 3294 622 3376 κατά
641 3332 674 3376 τι
692 3304 764 3377 τῶν
783 3297 1107 3405 προσπεφυκότων·
1138 3299 1180 3376 ού
1205 3295 1277 3399 γάρ
1301 3296 1467 3377 ε’λοὶττων

266 3417 369 3496 ἔσται
389 3417 482 3503 Θεὸς
507 3418 530 3521 ἢ
558 3418 702 3522 Κύριος·
733 3423 886 3505 ἀλλ’ὡς
911 3420 984 3528 όρερ
1011 3420 1190 3525 διαφέρων
1207 3425 1258 3528 τῷ
1282 3419 1373 3500 κατὰ
1398 3418 1465 3501 τὸν
1482 3465 1513 3522 25

237 3549 331 3620 ατοῦ
355 3547 433 3626 πῶς
458 3538 544 3621 εῖναι
570 3541 692 3645 λόγον.
731 3540 806 3624 εἶτα
831 3551 908 3628 πῶς
933 3544 1070 3644 ἀληθὴς
1094 3546 1324 3651 ἀναφανεῖται
1343 3543 1468 3646 λέγων

96 3650 182 3783 {5¹¹5}
268 3675 290 3711 “
307 3665 356 3744 ‘O
388 3665 551 3768 ἑωρακὼς
583 3665 643 3763 ε’μὲ
674 3666 804 3770 ἑόρακε
837 3667 900 3747 τὸν
932 3666 1076 3769 Πατέρα
1089 3669 1121 3764 ;”
1154 3675 1231 3753 πῶς
1264 3666 1302 3747 δὲ
1334 3672 1468 3772 χρῆναι

267 3790 444 3888 τιμᾶσθαί
468 3797 585 3897 φησιν
608 3788 733 3870 ἑαυτὸν
755 3792 818 3870 οὐκ
842 3794 880 3871 ἐν
902 3789 1067 3871 ε’λιίττονι
1088 3793 1195 3899 μοίρᾳ
1215 3799 1279 3870 τοῦ
1306 3789 1465 3894 Πατρὸς,

266 3909 308 3990 τὸ
332 3912 415 3993 ἴσον
437 3914 502 3994 οῦκ
529 3913 621 4018 ἔχων
644 3916 682 3992 ε’ν
705 3910 795 4021 δόξῃ
820 3913 911 3995 κατά
935 3948 977 4016 γε
1002 3914 1066 3994 τὸν
1087 3923 1150 3995 τοῦ
1174 3922 1467 4018 προσκυνοῦντος

266 4035 400 4139 λόγον,
437 4035 513 4117 εἶτα
540 4035 630 4141 πρὸς
657 4036 783 4144 τούτῳ,
802 4040 859 4117 καί
888 4038 994 4123 αὐτὸς
1022 4039 1104 4137 ἡμῖν
1128 4039 1147 4116 ὁ
1173 4037 1301 4139 Πατὴρ
1330 4040 1371 4117 ού
1399 4043 1468 4139 τῆς
1485 4081 1513 4138 3<

305 4249 327 4285 1.
340 4230 463 4299 ε’θελησοι
475 4232 510 4286 D.
565 4247 591 4300 3.
603 4231 719 4286 κωλύσαι
732 4231 773 4285 καί
784 4232 887 4300 ἑτέρους
898 4232 950 4287 hoc
962 4231 1055 4286 ordine
1069 4232 1101 4286 B.
1115 4233 1156 4286 καί
1167 4209 1269 4302 ίτίρους
1280 4232 1397 4288 κωλύσαι
1411 4233 1468 4290 Ed.

266 4321 292 4369 4.
311 4302 445 4366 εὐσέβειαν
459 4303 490 4356 Β.
504 4302 641 4365 εὐλάβειαν
654 4301 704 4356 Ed.
816 4319 856 4357 11.
874 4305 923 4371 σῆς
935 4311 1105 4372 assumptum
1116 4321 1148 4358 ex
1162 4303 1198 4357 D.
1316 4321 1355 4370 14.
1374 4302 1416 4372 οἴη
1431 4304 1469 4360 B.

265 4371 342 4439 οῖήση
355 4372 406 4427 Ed.
524 4387 565 4442 15.
583 4376 723 4443 προσκυνεῖ
736 4381 796 4443 poet
809 4373 892 4428 κτίσις
903 4372 1054 4442 transponit
1068 4373 1099 4427 B.
1215 4372 1255 4428 16.
1274 4373 1423 4444 Assumpta
1436 4375 1469 4430 δὲ

266 4460 297 4494 ex
312 4442 354 4506 B„
366 4445 428 4497 Υίοῦ
440 4461 472 4498 ex
487 4443 558 4497 ΠΙ).
666 4460 708 4498 22.
727 4445 757 4498 τὸ
772 4443 807 4513 μὴ
818 4447 981 4513 προσκυνοῦν
991 4446 1028 4515 τᾷ
1042 4443 1074 4498 Β.
1086 4446 1122 4515 τῷ
1134 4444 1169 4513 μὴ
1184 4443 1234 4499 Ed.
1349 4458 1392 4515 25.
1411 4445 1468 4518 τῷ]

266 4514 312 4565 τοῦ
327 4512 358 4566 Β.
466 4512 507 4567 26.
526 4513 692 4585 ἀναφανεῖται
704 4514 801 4584 ἀληθὴς
812 4515 918 4570 inverso
929 4513 1022 4569 ordine
1036 4515 1068 4570 B.
