3038 5018
98 288 707 379 v'i.17,18.1NS.J0ANNEM.
753 300 937 367 LIB.III.
985 303 1088 368 CAP.
1113 303 1173 367 IV.
1240 303 1305 369 427

99 460 208 545 αὑτὸς
240 465 456 570 ἀποτρέψειν
485 464 668 562 ἐβούλετο,
697 466 886 565 ἀτονῆσειν
914 469 957 545 δέ
980 502 1058 553 πως
1089 462 1197 546 αὑτὸν
1223 466 1305 569 περὶ

98 592 205 665 τοῦτο
229 585 411 671 Φίλιππός
439 622 477 667 τε
503 592 561 668 καὶ
580 589 752 691 Ἀνδρέας
778 588 1015 685 ὑπίλαβου,ό
1041 589 1106 689 μὲν
1124 588 1303 693 ἀργυρίων

98 709 177 805 οῦκ,
191 708 388 815 ἐλάχιστον
413 710 566 814 ἀριθμὸν
591 710 697 810 μόλις
724 713 844 795 αὑτοῖς
871 712 1075 818 ἐξαρκέσειν
1097 719 1145 796 είς
1172 710 1303 812 ὀλίγην

98 836 226 933 κομιδῆ
251 833 317 934 τῆν
340 835 548 915 ἀπόλαυσιν
573 835 728 938 εἰρηκὼς,
753 837 773 914 ὁ
801 835 838 915 δὲ
866 836 970 917 πέντε
998 834 1064 935 μὲν
1088 836 1217 937 ἀρτους
1244 836 1304 915 καὶ

62 953 239 1060 ὄάψάρια
265 957 328 1037 δύο
351 960 437 1060 παρ’
457 960 508 1038 ἑνὶ
531 966 605 1038 τῶν
622 961 820 1061 παιδαρίων
839 961 1017 1062 ηὑρῆσθαι
1040 958 1231 1049 διδάσκων,
1251 957 1301 1058 μὴ

97 1075 171 1177 μὴν
193 1074 285 1159 εἶναί
309 1115 345 1160 τι
372 1079 414 1161 τό
441 1081 638 1184 ηὑρημένον
662 1087 711 1166 είς
739 1081 852 1186 ὄχλον
873 1085 965 1163 οὕτω
993 1081 1122 1171 πολὺν,
1145 1085 1203 1161 καὶ
1230 1078 1303 1161 ἀπδ

97 1197 256 1299 πάντων,
288 1207 337 1288 ὡς
370 1203 453 1289 ἔπος
487 1212 606 1302 εἰπεῖν,
635 1211 708 1284 τῶν
738 1207 871 1285 οἰκείων
897 1205 1066 1310 ῥημάτων
1094 1203 1204 1304 μηδέν
1232 1205 1336 1311 ε”ξωδ

99 1322 276 1404 δύνασθαι
313 1330 378 1426 τῆς
414 1329 707 1430 χρεωοτουμένης
740 1330 954 1412 ἀκολουθίας
985 1337 1059 1412 τοῖς
1092 1328 1175 1408 καθ’
1210 1329 1303 1427 ἡμᾶς

97 1445 315 1551 πράγμασιν
327 1449 500 1546 ἐνόμισαν
513 1450 632 1531 αὑτόν·
653 1452 865 1552 ἀναγκαίως,
880 1452 938 1531 ἵνα
954 1456 1018 1552 τῆς
1038 1454 1131 1532 οὕτω
1150 1486 1301 1554 σμικρο-

45 1605 86 1644 10
98 1581 257 1674 πρεποῦς
286 1574 505 1679 ὑπολήψεως
532 1570 658 1655 ἑαυτὸν
683 1575 895 1682 ἀπαλλάξῃ,
919 1581 976 1655 καὶ
1003 1574 1198 1656 ἀτονοῦυτά
1224 1610 1302 1659 πως

98 1695 151 1775 ἔτι
175 1701 250 1775 τῶν
267 1693 488 1777 ἀποστόλων
508 1695 571 1776 τδν
589 1704 673 1777 νοῦν
691 1697 865 1803 ἀναπείθη
891 1699 1066 1780 δύνασθαι
1092 1703 1227 1796 μαθεῖν,
1248 1696 1303 1778 ότι

98 1816 219 1900 πάντα
249 1818 464 1927 παραδόξως
496 1817 588 1923 ἀπερ
621 1819 666 1899 ἀν
695 1820 867 1922 ἐθελήσαι
898 1830 994 1901 ποιεῖ
1022 1829 1067 1928 τῇ
1100 1828 1173 1902 τῶν
1202 1855 1296 1924 πρα-

98 1939 247 2043 γμάτων
266 1942 376 2048 φύσει
394 1941 445 2043 μῆ
464 1941 699 2041 κωλυόμενος,
718 1943 806 2042 μήτε
834 1943 906 2042 μὴν
926 1946 1017 2024 κατά
1041 1979 1076 2024 τι
1101 1954 1189 2046 γοῦν
1207 1943 1303 2027 ὅλως

97 2065 414 2170 παραποδιζούσης
441 2067 538 2174 αὑτῷ
564 2072 628 2166 τῆς
658 2071 706 2150 ὡς
733 2066 778 2172 ἐξ
803 2064 960 2168 ἀνάγκης
987 2068 1211 2162 ἀκολουθίας,
1232 2066 1302 2146 ὑπὸ

47 2213 85 2273 ¹5
98 2187 214 2272 πόδας
243 2190 349 2269 ε’τίθει
380 2191 463 2275 τοῦς
495 2191 621 2270 ἑαυτοῦ
654 2187 720 2289 τῆν
753 2188 868 2292 ὑγράν
898 2197 971 2270 τῶν
1004 2189 1142 2270 ὑδάτων
1172 2190 1333 2293 φύσιν,ο

99 2313 213 2391 καίτοι
239 2318 313 2396 τοῖς
339 2314 573 2416 ἀνθρωπίνοις
596 2315 769 2410 σώμασιν
793 2315 1004 2393 ὑποκεῖσθαι
1029 2310 1300 2414 μελετήσασαν·

98 2431 219 2514 πάντα
238 2433 311 2539 γάρ
329 2432 374 2534 ἦν
393 2440 440 2520 ὡς
460 2442 543 2545 Θεῷ
562 2435 705 2518 δυνατά.
733 2437 845 2545 ὀψίας
863 2445 1053 2540 τοιγαροῦν
1071 2437 1139 2538 ἤδη
1157 2468 1304 2540 γεγενη-

99 2558 218 2658 μένης,
236 2562 293 2638 καὶ
319 2565 392 2637 τῶν
411 2559 608 2662 ζητούντων
629 2560 738 2640 αῦτδν
760 2560 826 2660 τῆν
849 2563 1033 2663 ἀκρίβειαν
1052 2560 1303 2663 παραλύοντος

99 2689 165 2760 τοῦ
190 2690 325 2785 καιροῦ,
343 2684 548 2777 καταβαίνει
574 2682 640 2779 μὲν
658 2686 715 2764 ε’πὶ
740 2682 941 2764 θάλασσαν
958 2690 1031 2763 τῶν
1049 2685 1161 2785 ἁγίων
1179 2689 1300 2783 μαθη·

44 2838 86 2879 ιο
100 2809 174 2882 τῶν
192 2805 211 2883 ὁ
231 2803 348 2908 χορὸς,
363 2805 517 2885 ἀπέπλει
536 2804 573 2885 δέ
591 2813 821 2912 παραχρῆμα,
837 2813 888 2914 τῷ
907 2813 992 2915 Θεῷ
1011 2811 1069 2886 καὶ
1090 2804 1301 2914 διδασκάλῳ

64 3022 69 3028 ,
99 2924 146 3006 τά
164 2924 282 3007 πάντα
301 2930 358 3006 καὶ
378 2931 528 3026 ἀμελητὶ
546 2929 764 3028 πειθόμενος.

129 3140 187 3207 Καὶ
213 3142 325 3208 σκοτία
353 3142 416 3208 ἀδιι
444 3144 594 3224 ὲτετόυει,
624 3146 676 3209 καὶ
703 3145 797 3209 οὔπω
824 3145 975 3209 ἐληλύθει
1003 3143 1084 3232 πρὸς
1111 3142 1230 3209 αὐτοὺς
1257 3145 1275 3212 ὁ
1313 3156 1336 3220 (1

160 3267 291 3348 Ἰασοῦς,
311 3271 330 3332 ἤ
349 3291 385 3334 τε
404 3270 551 3335 θάλασσα
570 3269 691 3344 ἀνέμου
710 3272 853 3346 μετάλου
872 3271 1028 3336 πνέοντος
1048 3269 1238 3358 διιπείρετο.
1316 3281 1351 3338 ι8

158 3430 294 3512 Πολλά
326 3433 417 3512 κατὰ
448 3431 577 3512 ταῦτδν
608 3439 840 3533 οἰκονομεῖται
873 3437 1071 3539 χρησίμως,
1098 3439 1155 3515 καὶ
1188 3470 1298 3516 συνε-

43 3583 86 3644 ‚25
100 3556 223 3634 λαύνει
242 3554 324 3639 τοῦς
341 3555 503 3655 μαθητὰς
523 3563 571 3640 είς
590 3557 806 3670 θερμοτέραν
823 3567 886 3637 τοῦ
907 3563 1074 3660 Σωτῆρος
1092 3557 1159 3657 τῆν
1178 3557 1296 3660 ἐπιζή-

100 3713 208 3779 τησιν
232 3678 278 3757 τὰ
304 3680 565 3777 συμβαίνοντα·
603 3687 753 3784 θορυβεῖ
775 3680 841 3778 μέν
871 3680 942 3784 γάρ
970 3679 1086 3776 βαθὺς
1113 3679 1162 3760 ὧν
1188 3683 1209 3760 ὁ
1237 3685 1300 3780 τῆς

101 3802 225 3886 νυκτὸς
245 3801 387 3900 σκότος,
406 3806 463 3882 καὶ
483 3810 555 3886 τοῖς
578 3802 643 3901 μέν
662 3805 769 3884 ὕδασι
792 3805 1014 3903 μαινομένοις
1039 3811 1176 3883 καπνοῦ
1201 3803 1300 3902 δίκην

100 3924 361 4030 ε’πινηχόμενος,
380 3925 445 4025 τῆν
470 3925 507 4005 δέ
534 3927 615 4006 όποι
641 3925 770 4008 λοιπδν
794 3925 1055 4008 ἀπευθύυεσθαι
1080 3930 1173 4030 χρῆν
1194 3928 1296 4004 ἀναι-

99 4050 269 4151 ρούμενος
297 4056 446 4150 γνῶσιν.
486 4049 690 4151 ἐκταράττει
716 4051 753 4130 δὲ
780 4053 822 4130 οῦ
846 4058 980 4153 μικρῶς
1005 4054 1063 4129 καὶ
1087 4048 1298 4146 πνευμάτων

137 4265 162 4310 4.
181 4245 229 4312 μὲν
240 4261 294 4297 om.
306 4243 338 4298 B.
471 4259 496 4313 5.
515 4244 657 4313 παιδαρίων
671 4243 702 4296 Β.
714 4243 824 4299 παιδίων
837 4243 888 4298 Ed.
1025 4258 1066 4311 13.
1084 4240 1130 4295 τδν
1141 4258 1190 4313 pro
1201 4240 1236 4308 μῆ
1264 4240 1299 4295 Β.

106 4331 146 4396 [4.
165 4316 233 4386 αὐτῷ
245 4324 271 4368 et
283 4314 361 4368 αὑτὸν
372 4313 480 4367 exhibet
494 4314 529 4367 D.
647 4312 686 4367 16.
710 4311 766 4384 [οὐ]
780 4312 965 4382 μιλετὴσοσαν
976 4311 1061 4367 edidit
1073 4311 1175 4398 Migne,
1187 4320 1257 4366 reete
1268 4319 1300 4365 ut

100 4383 215 4439 wdetur.
229 4390 248 4414 “
255 4384 402 4439 -subesse
415 4394 510 4438 natura
523 4401 576 4438 non
590 4384 706 4454 potest,”
721 4383 819 4454 Georg.
831 4384 913 4508 Τιαρ.
1034 4397 1077 4436 τι).
1095 4382 1124 4434 λι
1139 4380 1172 4436 Β.
1182 4379 1300 4507 &a

103 4455 379 4526 21.v‹*10m.Migne.
462 4457 503 4508 26.
523 4457 594 4522 ὁτῆς
606 4455 694 4510 νυκτὸς
706 4453 758 4508 hoo
770 4454 910 4509 ordine.
994 4453 1036 4506 28.
1055 4451 1106 4522 χρὴ
1120 4449 1153 4505 Β.

102 4524 281 4596 ἀναιρούμενος
297 4525 327 4578 Β.
341 4523 531 4596 ἀφαιρούμενος
544 4523 595 4578 Ed.
1021 4562 1024 4568 -

662 4624 745 4690 312
