3038 5018
232 297 296 359 546
534 294 573 358 Β.
598 292 805 357 OYRILLI
835 291 1123 357 ALEXANDR.
1332 288 1378 354 vi.
1390 304 1441 375 59.

233 459 502 563 ἁπλουστέρων.
552 464 597 565 τῇ
627 459 698 562 γὰρ
729 461 822 538 οὕτω
851 458 1013 564 πλουσίᾳ
1043 460 1134 563 χειρὶ
1164 462 1245 541 πῶς
1275 455 1348 539 οῦκ
1376 455 1445 535 ἔδει

232 591 420 684 προσεῖναι
439 582 480 664 τὸ
502 584 664 664 πλούσια
689 582 899 688 χαρίζεσθαι
926 580 1067 678 θίλειν;
1097 582 1152 662 διὸ
1170 585 1230 661 καί
1248 582 1269 662 ό
1290 586 1446 665 Παῦλος

65 703 180 835 ἑθοίθ·
234 705 474 811 ἀποθαυμάζει
511 707 630 809 λε’γων
666 718 688 755 “
707 702 928 814 Ὀφθαλμδς
965 707 1029 786 οῦκ
1066 703 1134 786 είδε
1172 708 1231 786 καί
1274 706 1342 790 οῦς
1383 706 1446 785 οῦκ

235 843 257 879 “
276 832 409 933 ἤκουσε
428 835 487 912 καὶ
506 834 562 912 ε’πί
581 832 730 935 καρδίαν
749 829 940 933 ἀνθρώπου
962 831 1026 910 οῦκ
1049 829 1172 931 ἀνέβη,
1191 825 1217 909 ἀ
1241 830 1447 930 ἡτοίμασεν

206 959 297 1037 ο“ὁ
327 956 418 1040 Θεὸς
452 964 526 1041 τοῖς
558 959 753 1057 ἀγαπῶσιν
781 951 923 1034 αῦτόν·”
968 957 1007 1034 ἐν
1033 963 1171 1058 μικροῖς
1203 953 1242 1034 δὲ
1276 956 1300 1034 ὁ
1336 951 1476 1050 νόμους

66 1098 189 1148 Halut-¹·
235 1082 503 1184 παραδείγμασι
528 1079 573 1160 τά
599 1079 742 1182 μεγάλα
769 1076 945 1176 διετάπου,
964 1078 1107 1160 “σκιοίν
1128 1080 1222 1185 ἔχων
1244 1083 1325 1159 τῶν
1349 1086 1445 1176 μελ-

235 1215 257 1253 “
275 1203 415 1285 λόντων
432 1206 589 1306 ἀγαθῶν,
605 1205 668 1283 οὐκ
687 1200 798 1302 αὐτὴν
817 1201 855 1284 δὲ
874 1201 939 1302 τὴν
957 1202 1076 1282 εἰκόνα
1093 1209 1165 1283 τῶν
1178 1201 1445 1306 πραγμάτων,”

234 1327 328 1409 καθὰ
351 1329 561 1431 γέγραπται·
591 1330 639 1410 ῶς
665 1330 703 1407 ε’ν
725 1332 770 1431 τῇ
795 1335 858 1406 τοῦ
886 1324 1003 1426 μάννα
1031 1331 1149 1435 τροφῇ
1177 1325 1243 1425 τὴν
1266 1327 1448 1428 εὐλογίαν

235 1457 390 1556 ὁρᾶσθαι
414 1450 481 1551 τὴν
504 1449 562 1530 διά
580 1456 759 1553 Χριστοῦ·
790 1448 878 1529 σκιά
902 1449 974 1551 γὰρ
998 1457 1071 1530 τῶν
1092 1448 1310 1550 μελλόντων
1329 1453 1448 1530 ἐκεῖνα

235 1585 309 1662 τοῖς
328 1573 568 1680 ἀρχαιοτέροις
587 1573 913 1682 προκατεγράφετο.
1464 1610 1499 1651 ιο

185 1820 222 1881 59
336 1815 448 1881 Ταῦτα
476 1809 565 1882 εἶπεν
592 1817 627 1881 ὲν
655 1823 824 1906 συνατωτεζι
851 1815 1015 1884 διδάσκων
1042 1817 1077 1881 ἐν
1103 1815 1340 1904 Καφαρναούμ.

202 1940 224 2004 d
292 1985 526 2078 Θανμαστῶν
548 1980 632 2078 ἡμῖν
653 1980 861 2083 μυστηρίων
881 1978 1057 2087 ἐξήγησιν
1081 1978 1294 2083 εἰσενεγκὼν
1319 1982 1339 2059 ὃ
1368 2014 1443 2059 σο·

237 2101 403 2206 φῶτατος
443 2101 732 2207 Εὐαγγελιστὴς,
770 2104 982 2203 ἀνατίθησιν
1018 2103 1160 2188 εἰκότως
1202 2109 1254 2210 τῷ
1297 2108 1445 2205 Σωτῆρι

236 2232 389 2337 Χριστῷ
425 2228 490 2328 τὴν
523 2233 587 2327 τῆς
620 2229 673 2308 ἐπ’
710 2228 828 2311 αὐτοῖς
863 2227 1099 2311 διδασκαλίας
1135 2225 1261 2331 ἀρχὴν,
1296 2233 1342 2332 τῇ
1377 2235 1446 2308 τοῦ

235 2351 436 2453 προσώπου
455 2354 666 2458 περιφανείη
685 2351 748 2431 τὸν
767 2350 1051 2454 ἀντιπράττοντα
1069 2355 1259 2447 δυσωπῶν,
1279 2355 1339 2430 καί
1358 2348 1445 2436 τοῦς
1462 2382 1495 2441 ¹5

235 2474 336 2578 οἵπερ
356 2476 512 2573 ἔμελλον
531 2478 757 2577 ἀντεροῦντες
781 2474 978 2582 ἀφίξεσθαι
996 2480 1294 2578 προκαταπτοῶν·
1327 2475 1350 2575 ἡ
1370 2473 1445 2578 γάρ

234 2604 308 2679 τῶν
335 2598 580 2678 διδασκόντων
604 2599 686 2679 ἔσθ’
711 2598 771 2678 ὅτε
798 2597 1010 2701 λαμπρότης
1038 2596 1259 2701 ἑτοιμότερόν
1284 2633 1366 2682 πως
1396 2606 1446 2684 εἰς

234 2721 361 2803 πίστιν
388 2720 452 2801 τὸν
479 2721 659 2825 ἀκροατὴν
686 2721 877 2825 ἐργάζεται,
905 2725 963 2802 καί
991 2722 1211 2825 γοργοτίραν
1237 2720 1340 2825 παρὰ
1370 2730 1446 2802 τῶν

206 2844 498 2945 οπαιδευομίνων
516 2847 660 2926 ἀπαιτεῖ
674 2845 740 2946 την
758 2845 979 2927 συναίνεσιν.
1018 2848 1058 2926 εὖ
1081 2845 1119 2926 δὲ
1143 2844 1187 2946 δὴ
1210 2845 1297 2926 λίαν
1314 2844 1447 2948 ἐπάγει

234 2968 277 3051 τό
305 2975 359 3049 Ἐν
388 2971 428 3080 τῇ
453 2979 647 3085 συναγωγῇ·
690 2968 801 3069 μόνον
828 2966 899 3072 γάρ
928 2970 1007 3074 οὐχί
1035 2975 1142 3049 τοῦτο
1170 2967 1397 3068 δηλοίμενος
1426 2971 1498 3049 διο

236 3091 348 3198 λόγος
371 3094 479 3173 Ἀλλ’
505 3092 585 3173 οὐδὲ
613 3092 662 3178 εἰς
688 3127 760 3173 που
786 3091 897 3197 τυχὸν
924 3091 948 3193 ἢ
977 3092 1041 3172 δύο
1069 3091 1298 3192 κατήκουσαν
1326 3101 1448 3173 ταῦτα

235 3218 406 3320 λε’γοντος
434 3224 497 3296 τοῦ
526 3222 704 3320 Χριστοῦ,
733 3214 925 3318 διαῤῥὴδην
948 3218 1004 3295 ε’πί
1034 3215 1179 3297 πάντων
1203 3216 1232 3295 ἐν
1255 3226 1448 3332 συναγωγῇ

237 3339 386 3446 διδάξας
417 3342 552 3442 ὁρᾶται,
584 3336 707 3441 ὥσπερ
740 3339 804 3419 οὖν
835 3337 942 3424 αάτδς
973 3343 1033 3419 καί
1065 3338 1124 3419 διὰ
1153 3347 1217 3418 τοῦ
1248 3340 1448 3446 προφήτου

237 3461 396 3542 Ἠσαίου
416 3465 531 3570 φησίν
549 3475 571 3511 “
586 3464 668 3543 Οὐκ
686 3464 724 3543 ἐν
742 3468 863 3570 κρυφῇ
882 3461 1072 3564 λελάληκα
1091 3460 1169 3542 οὐδὲ
1188 3465 1226 3542 ἐν
1244 3460 1347 3570 τόπερ
1376 3469 1448 3565 γῆς

238 3597 260 3634 “
278 3584 486 3692 σκοτεινῲ·”
526 3590 676 3667 ε’ποιείτο
705 3586 777 3689 γάρ
804 3589 842 3667 ἐν
868 3587 1053 3694 παρῥησίᾳ
1082 3583 1166 3671 τοῦς
1191 3589 1272 3688 περί
1302 3587 1447 3668 τούτων
1461 3622 1498 3683 ²5

238 3707 381 3812 λόγους,
399 3707 675 3812 ἀναπολόγητον
700 3717 774 3795 τοῖς
792 3711 976 3793 Ἰουδαίοις
1000 3707 1067 3810 τὴν
1091 3711 1210 3813 κρίσιν
1231 3712 1444 3810 ἀποτελῶν,

238 3838 297 3914 καί
315 3839 388 3918 τοῖς
406 3830 628 3932 ἀπειθήσασι
647 3832 694 3912 τά
718 3835 756 3913 ἐκ
781 3841 845 3913 τοῦ
868 3828 917 3931 μὴ
940 3830 1121 3913 πιστεύειν
1139 3834 1235 3941 αὐτῷ
1252 3836 1428 3939 δυσαχθέ
1429 3883 1444 3896 ·

72 3984 184 4041 am.
208 3991 353 4060 οστερα
379 3964 492 4037 ποιῶν
519 3955 738 4059 ἐγκλήματα.
789 3957 888 4037 οὔπω
916 3954 983 4056 μὲν
1010 3953 1082 4059 γάρ
1109 3955 1152 4036 τὸ
1181 3958 1273 4036 οὕτω
1301 3959 1447 4040 σεπτὸν

276 4194 301 4233 2.
321 4177 409 4234 θέλειν
422 4178 454 4232 Β.
468 4176 545 4232 θέλον
558 4176 609 4232 Ed.
735 4176 760 4230 6.
778 4176 971 4248 παραδείγμασι
984 4184 1153 4371 888υωῖοω
1165 4195 1197 4230 ex
1212 4176 1245 4231 B.
1372 4194 1399 4303 η,
1418 4182 1447 4235 δὲ

240 4266 330 4302 assum
352 4258 409 4302 tum
422 4267 453 4302 ex
470 4249 500 4302 B.
549 4245 646 4318 εἰκόνα]
665 4247 776 4318 -Ι-ἕχων
789 4247 822 4302 Β.
903 4264 944 4302 11.
964 4248 1078 4317 e’vprius
1110 4254 1138 4311 †
1153 4251 1184 4316 τῇ
1200 4246 1249 4301 Ed.
1261 4247 1356 4302 invitis
1411 4252 1445 4304 D.

240 4268 387 4389 ‘’valtsds
403 4320 434 4373 B.
483 4319 578 4372 Statim
592 4316 764 4388 Καφερναοῦμ
778 4317 811 4373 Β.
894 4331 934 4384 14.
953 4316 1068 4371 ε’πάιίτά
1109 4318 1253 4373 Decorr.
1337 4319 1383 4374 16.
1402 4323 1446 4375 εἰν-

239 4393 331 4457 τιροῦν
346 4389 377 4441 B.
438 4395 658 4457 προσκατοπτοῶν
672 4388 703 4442 Β.
845 4388 887 4442 18.
904 4388 1068 4459 γοργοτέρων
1081 4388 1113 4444 Β.
1258 4389 1447 4446 1.σῦναισιτ

242 4459 282 4528 (=
298 4456 417 4524 σύνεσιν)
434 4460 465 4512 B.
565 4476 607 4512 20.
628 4457 797 4530 δηλούμενος]
812 4460 894 4528 δηλοῖ·
914 4459 960 4512 οὐκ
972 4459 1033 4527 ε’μδς
1047 4459 1079 4514 Β.
1178 4475 1220 4514 22.
1240 4406 1328 4530 ‘’uf-{-
1344 4466 1378 4531 τῇ
1395 4463 1446 4518 Ed.

239 4529 323 4584 invito
339 4528 371 4584 B.
479 4546 520 4598 23·
540 4528 584 4583 οὖν
596 4547 649 4584 om.
666 4529 697 4584 B.
