3038 5018
95 688 138 739 Ριι.
151 689 193 739 eii.

97 767 155 817 ²·5·

264 286 328 352 112
566 287 605 353 B.
629 286 838 353 CYRILLI
867 287 1156 354 ALEXANDR.
1332 288 1399 374 i.9,
1415 306 1463 351 10.

264 455 313 534 εἰς
330 448 444 549 με’σον
461 456 534 532 τῶν
552 454 792 554 τετιμημένων
809 443 974 552 ἕκαστον,
992 457 1051 535 καὶ
1069 452 1113 553 δὴ
1132 457 1189 532 καί
1211 454 1464 558 χαριστηρίους

265 574 493 654 ἀνατείνοντα
535 575 753 682 προσευχὰς,
788 578 933 683 μεγάλῃ
973 575 1103 657 λοιπόν
1140 578 1381 682 ἀναμελορδείν
1418 582 1463 680 τῇ

266 701 371 803 φωνῇ
395 708 418 746 “
437 700 594 803 Εὖλόγει
623 701 643 801 ἡ
672 704 775 806 ψυχή
802 735 873 799 μου
901 699 964 782 τόν
984 700 1128 803 Κύριον,
1154 703 1213 779 καί
1240 696 1290 798 μὴ
1318 701 1464 778 ἐπιλαν-

231 819 288 885 ‘1⁴‘
306 819 416 902 θάνου
443 821 567 907 πάσας
594 822 659 908 τοίς
688 823 947 908 ἀνταποδόσεις
977 824 1097 921 αὐτοῦ,
1124 821 1189 903 τὸν
1216 822 1464 902 εύιλατεύοντα

264 952 288 990 “
304 943 442 1032 πάσαις
465 954 543 1031 ταῖς
567 948 727 1047 ἀνομίαις
752 982 834 1046 σου,
853 948 918 1028 τὸν
935 948 1084 1046 ἰώμενον
1101 945 1226 1032 πάσας
1247 944 1312 1030 τάς
1334 944 1496 1036 νόσους5

264 1075 286 1114 “
304 1096 386 1147 σου·
435 1066 499 1150 τόν
531 1070 771 1174 λυτρούμενον
802 1073 841 1151 ἐκ
878 1077 1017 1177 φθορᾶς
1053 1068 1119 1169 τὴν
1156 1068 1248 1171 ζωήν
1279 1103 1364 1166 σου,
1400 1067 1464 1148 τὸν

263 1199 286 1237 “
304 1191 554 1300 στεφανοῦντά
579 1229 623 1275 σε
649 1197 687 1275 ἐν
709 1194 800 1274 ε’λέει
824 1195 884 1274 καί
913 1201 1116 1299 οἰκτιρμοῖς,
1141 1192 1205 1272 τὸν
1228 1195 1464 1287 ἐμπιπλῶντα

163 1368 170 1382 ·
265 1324 287 1362 “
303 1317 341 1395 ἐν
359 1319 507 1418 ἀγαθοῖς
524 1315 591 1418 τὴν
609 1319 796 1417 ἐπιθυμίαν
815 1320 920 1399 σου·”
944 1325 1041 1399 ποιεῖ
1055 1316 1127 1419 γάρ
1146 1316 1257 1401 ὅντως
1276 1317 1459 1415 “ε’λεημο·

93 2693 136 2750 76
148 2692 189 2749 Δ.

263 1448 287 1487 “
304 1437 418 1523 σύνας
436 1444 456 1522 ό
476 1441 639 1544 Κύριος,”
659 1440 705 1521 τά
723 1440 832 1546 μικρὰ
850 1446 908 1522 καὶ
926 1440 1195 1548 ἐξουθενημένα,
1215 1439 1306 1521 κατά
1329 1473 1373 1541 γε
1398 1437 1463 1519 τόν

262 1564 326 1661 τῆς
353 1563 483 1649 οἰκείας
513 1564 660 1672 φύσεως
689 1564 814 1667 λόγον,
841 1565 984 1667 μεγάλα
1012 1567 1070 1644 καὶ
1100 1563 1375 1670 ἀξιοθαύμαστα
1404 1565 1463 1644 διὰ
1479 1599 1517 1640 10

263 1690 327 1785 τῆς
356 1692 404 1771 εἰς
431 1686 522 1768 αύτά
549 1686 797 1793 χρηστότητος
826 1685 1074 1785 ἀποδεικνύων,
1098 1685 1223 1791 ὥσπερ
1251 1689 1314 1767 οὖν
1338 1686 1462 1785 ἀμέλει

232 1812 323 1890 θκαί
352 1811 444 1910 ἡμᾶς
472 1819 546 1895 τοῖς
576 1813 676 1896 ἰδίοις
708 1813 818 1892 αὐτοῦ
850 1810 1129 1912 κατασεμνύνειν
1157 1813 1304 1913 ἀγαθοῖς
1333 1814 1462 1914 χρῆναι

263 1936 337 2013 δεῖν
355 1934 523 2040 ἀφθόνως
540 1937 752 2036 ἐδοκίμασεν
771 1940 819 2021 ὡς
837 1939 857 2018 ό
877 1934 980 2034 Θεὸς,
999 1935 1058 2015 καί
1084 1934 1142 2015 διά
1168 1943 1273 2014 τοῦτο
1297 1935 1398 2019 θεούς
1422 1969 1461 2015 τε

261 2063 321 2138 καί
338 2065 417 2166 φῶς
435 2062 494 2140 καὶ
511 2061 551 2139 τί
565 2058 638 2163 γάρ
657 2094 736 2165 ουχι
756 2095 829 2140 των
847 2066 994 2162 αγαθων
1012 2065 1198 2140 αποκαλεί.

317 2179 410 2263 Εἰτα
439 2184 478 2264 τί
503 2182 595 2285 πρὸς
626 2182 741 2291 τούτῳ
774 2182 912 2291 φησίν;
957 2183 1011 2263 ότι
1040 2183 1097 2263 καί
1128 2184 1158 2263 ἐν
1185 2191 1233 2290 τῷ
1264 2184 1383 2290 κόσμῳ
1412 2176 1456 2276 ἦν.
1477 2213 1516 2274 15

260 2305 384 2408 ε’πάγει
403 2309 461 2385 καί
486 2315 592 2386 τοῦτο
615 2306 803 2411 χρησίμως
827 2307 847 2384 ό
873 2302 1055 2407 θεολόγος,
1073 2304 1358 2406 ἀναγκαιοτάτην
1376 2305 1460 2405 ἡμῖν

261 2431 304 2508 δι’
324 2430 433 2508 αὐτοῦ
451 2427 518 2529 τὴν
536 2430 686 2532 θεωρίαν
705 2429 895 2536 εἰσφίρων·
926 2426 1045 2528 ἐπειδὴ
1067 2426 1140 2530 γάρ
1163 2429 1233 2534 ἔφη
1246 2426 1311 2508 Ἦν
1329 2428 1364 2508 τί
1383 2428 1460 2536 φῶς

261 2550 297 2632 τί
317 2552 463 2646 ἀληθινόν
481 2553 497 2634 δ
518 2553 652 2662 φωτίζει
680 2553 798 2634 πάντα
822 2552 983 2660 ἅνθρωποι
1002 2553 1168 2659 ἐρχόμενον
1186 2560 1231 2637 εἰς
1255 2552 1307 2632 τίν
1327 2554 1461 2657 κόσμον,

230 2672 305 2773 αῆν
324 2674 362 2755 δὲ
387 2677 429 2755 ού
454 2675 603 2783 σφόδρα
628 2682 701 2760 τοῖς
726 2675 961 2779 ἀκροωμένοις
987 2673 1185 2782 συμφανὲς,
1203 2673 1355 2777 πότερόν
1373 2709 1461 2756 ποτε

260 2797 324 2877 τὸν
342 2797 502 2906 ἀνθρωττοι
521 2800 687 2906 ἐρχόμεναι
711 2807 757 2886 εἰς
780 2800 832 2880 τίν
856 2800 979 2904 κόσμον
997 2799 1133 2908 φωτίζει
1158 2799 1194 2878 τί
1219 2798 1305 2905 φύς,
1326 2797 1349 2897 ἢ
1373 2798 1460 2878 αὐτὸ
1476 2833 1515 2875 20

259 2919 301 3002 τό
320 2928 397 3029 φῶς
415 2920 456 3001 τὸ
476 2922 661 3023 ἀληθινὸν,
682 2926 730 3008 ὡς
751 2923 823 3004 ἀπό
842 2958 937 3008 τινος
955 2923 1075 3025 ἑτέρου
1096 2919 1209 3002 τόπου
1231 2932 1461 3027 μεταχωροῦν

258 3051 307 3129 εἰς
338 3044 403 3126 τόν
430 3044 582 3144 κόσμον,
611 3045 675 3126 τόν
704 3052 752 3131 εἰς
784 3047 923 3131 πάντας
954 3045 1166 3149 ἀνθρώπους
1197 3053 1347 3125 ποιεῖται
1379 3052 1458 3152 φω-

258 3169 401 3267 τισμόν·
446 3171 649 3271 ἀναγκαίως
680 3170 765 3268 ἡμῖν
796 3173 817 3250 ό
848 3167 1143 3273 πνευματοφόρος
1175 3167 1386 3250 ε’κκαλύπτει
1417 3168 1459 3249 τὸ

259 3293 400 3390 ἀληθὲς,
425 3296 482 3373 καί
511 3300 584 3372 τῶν
608 3295 744 3374 οἰκείων
768 3293 937 3398 ῥημάτων
962 3291 1175 3396 διερμηνεύει
1201 3291 1268 3391 τὴν
1293 3292 1457 3393 δύναμιν,

259 3414 377 3518 λέγων
396 3414 498 3500 εὐθὺς
519 3420 601 3521 περὶ
618 3425 682 3497 τοῦ
701 3416 832 3523 φωτὸς,
851 3417 906 3496 ὅτι
925 3417 955 3497 ἑν
972 3425 1019 3525 τῷ
1038 3418 1157 3523 κόσμῳ
1176 3410 1220 3509 ἦν·
1253 3416 1310 3496 ἰνα
1329 3417 1459 3497 λοιπόν
1474 3444 1513 3507 25

225 3537 301 3618 brb
334 3540 500 3646 ἐρχόμενον
529 3548 574 3626 εἰς
604 3539 657 3621 τόν
686 3543 809 3645 κίτρον
837 3538 928 3620 κατὰ
960 3547 1024 3620 τοῦ
1055 3537 1247 3642 ἀνθρώπου
1278 3546 1372 3645 νοῇς,
1399 3546 1459 3623 καί

257 3669 404 3761 μᾶλλον
422 3667 487 3762 τῆς
506 3663 743 3768 φωτιζομένης
762 3668 1004 3767 κατηγορῆται
1022 3662 1179 3769 φύσεως,
1198 3665 1246 3746 ὡς
1265 3664 1304 3741 ἐκ
1321 3672 1385 3743 τοῦ
1406 3665 1458 3765 μὴ

257 3785 359 3869 ὄντος
383 3792 432 3869 εἰς
454 3785 497 3866 τὸ
524 3783 612 3865 εἰναι
638 3787 871 3887 καλουμένης·
911 3786 1022 3871 τόπος
1047 3785 1118 3891 γὰρ
1147 3784 1271 3891 ὥσπερ
1299 3821 1352 3872 τις
1378 3791 1459 3869 ἐστὶ

256 3915 330 3993 τοῖς
348 3917 510 4010 γενητοῖς
532 3912 669 4017 ἐπινοίᾳ
694 3911 934 4013 θεωρούμενος
958 3909 1001 3990 τὸ
1024 3909 1076 4011 μὴ
1102 3907 1194 3991 εἰναί
1214 3945 1313 4008 ποτε,
1332 3913 1395 4018 ἀφ’
1415 3913 1458 3993 οὗ

256 4031 300 4128 δὴ
322 4031 457 4137 τρόπον
480 4031 561 4114 τινὰ
583 4032 675 4138 πρὸς
699 4031 742 4114 τό
768 4030 855 4114 εἰναι
882 4031 1084 4136 βαδίζοντα,
1106 4032 1218 4114 τόπον
1243 4035 1362 4138 ἕτερον
1387 4035 1457 4137 ἤδη
1471 4062 1513 4121 30

295 4319 318 4355 1.
336 4302 377 4356 καὶ
388 4303 433 4357 alt.
446 4308 617 4374 assumptum
628 4321 661 4358 ex
675 4304 708 4359 13.
856 4321 881 4359 2.
899 4304 1076 4362 ἀνατείναντας
1088 4304 1121 4360 Ε.
1268 4317 1294 4375 5.
1312 4305 1399 4361 πάσας
1410 4307 1456 4363 τὰς

256 4370 360 4440 ἀνομίας
374 4373 405 4426 B.
420 4373 475 4437 (τι.
488 4375 535 4442 al.)
547 4374 593 4428 sed
606 4375 641 4428 cf.
655 4376 682 4427 in
695 4374 731 4428 xii
744 4373 843 4445 Proph.
857 4377 908 4446 783
921 4377 948 4430 b.
1074 4389 1099 4446 7.
1119 4375 1185 4450 ε’λέιρ
1200 4375 1232 4430 Β.
1246 4375 1292 4443 (cf.
1309 4393 1367 4446 143.
1384 4379 1456 4446 190.)

259 4455 300 4508 15.
318 4443 344 4495 τί
355 4452 524 4514 assumptum
535 4462 568 4498 ex
582 4444 614 4498 B.
663 4448 740 4499 τοῦτο
754 4445 786 4499 B.
886 4462 927 4516 ιη.
946 4445 1078 4517 εἰσφέρων
1092 4446 1124 4502 B.
1137 4456 1164 4500 et
1177 4447 1215 4502 sic
1227 4447 1340 4517 conjecit
1352 4446 1456 4517 Migne.

256 4509 373 4580 εἰσφέρει
388 4511 439 4567 Ed.
548 4531 590 4569 ας.
609 4517 746 4572 ποιοῦντας
759 4515 792 4570 Β.
