3038 5018
244 283 309 346 508
548 281 588 347 Β.
612 280 821 348 CYRILLI
850 280 1139 349 ALEXANDR.
1336 272 1454 357 vi.45v

244 447 399 532 δικαίους
422 444 489 544 μὲν
507 447 559 528 ἐπ’
580 450 728 549 ἀγαθοῖς
752 450 885 550 ἀπαιτῇ
911 446 993 530 τοῦς
1018 445 1181 544 μισθούς,
1199 441 1452 548 σφαλλομένη

245 567 282 650 δέ
305 578 370 649 τοῦ
394 570 602 673 πρέποντος,
626 571 684 649 καὶ
708 569 751 649 τὸ
777 572 829 677 τῷ
855 568 1027 674 νομοθέτῃ
1052 575 1179 649 δοκοῦν
1202 569 1242 647 ἐκ
1268 562 1453 674 ῥᾳθυμίας

245 695 474 791 ἐκβαίνουσα,
492 693 559 794 τὴν
583 697 639 775 ἐπὶ
667 701 720 801 τῷ
747 692 964 797 κολάζεσθαι
988 694 1089 790 δίκην
1111 696 1169 772 καὶ
1193 687 1453 792 εύλογωτάτην

244 819 506 923 ἀποκομίζοιτο.

299 941 436 1022 Ἰστέον
454 942 492 1023 δέ
520 941 573 1022 ὅτι
598 939 665 1021 κάν
683 943 824 1045 λε’γοιτύ
850 976 950 1025 τινας
973 941 1187 1021 ἐκπαιδεύειν
1206 942 1227 1019 5
1246 935 1378 1040 Πατήρ
1407 934 1485 1021 ras

243 1068 300 1146 ἐπὶ
319 1072 472 1175 Χριστῷ
490 1065 698 1168 μυστήριον,
718 1068 803 1146 ἀλλ’
824 1068 866 1146 οῦ
884 1066 993 1165 μόνος
1012 1063 1194 1167 ἐνεργήσει
1219 1065 1298 1167 περὶ
1323 1069 1450 1157 τοῦτο,

243 1191 441 1270 ἐπιτελέσει
464 1190 500 1271 δέ
528 1198 673 1290 μᾶλλον
699 1194 746 1275 ὠς
775 1189 833 1269 διὰ
861 1191 997 1295 σοφίας
1024 1191 1112 1272 ἰδίας
1139 1187 1225 1267 αὐτὸ
1250 1195 1315 1266 τοῦ
1339 1191 1449 1266 Υὶοῦ.

210 1312 464 1417 ᾰέννοεῖνγάρ
489 1313 699 1412 ἀκόλουθον,
718 1318 766 1398 ὡς
791 1315 833 1393 ού
858 1315 941 1419 δίχα
967 1314 1104 1418 σοφίας
1129 1313 1151 1411 ἡ
1176 1310 1269 1391 κατὰ
1292 1311 1452 1390 σύνεσιν

131 1492 139 1501 ·
241 1435 280 1516 ἐν
298 1472 394 1516 τισιν
412 1437 643 1544 ἀποκάλυψις
662 1438 765 1518 ἐσται
782 1437 882 1540 παρὰ
901 1446 964 1517 τοῦ
984 1436 1141 1538 Πατρός.
1178 1436 1297 1542 σοφία
1321 1433 1361 1514 δέ
1382 1442 1451 1513 τοῦ

97 1646 102 1657 Δ,
180 1650 185 1662 ,Ἰ
244 1561 390 1663 Πατρός
415 1563 515 1641 ἐστιν
534 1562 554 1640 5
570 1562 668 1646 Υἱός.
707 1563 834 1642 ούκοῦν
855 1565 904 1646 ὡς
926 1561 987 1647 διά
1010 1562 1145 1666 σοφίας
1170 1557 1356 1662 ἐνεργήσει
1381 1567 1450 1638 τοῦ
1466 1589 1500 1629 10

74 1686 79 1697 ’
243 1684 332 1764 ίδίου
359 1684 577 1787 γεννήματος
605 1684 672 1785 τὴν
697 1689 734 1765 ἐν
755 1692 829 1769 τοῖς
857 1685 971 1792 ἀξίοις
998 1685 1231 1790 ἀποκάλυψιν
1252 1686 1272 1763 5
1298 1680 1445 1785 Πατήρ.

243 1809 301 1885 καὶ
320 1807 547 1913 ἀπαξαπλως
561 1843 680 1908 ειπειν,
693 1815 837 1908 αληθῶς
855 1808 894 1889 δέ
912 1807 956 1908 δή
974 1808 1128 1906 πάντως,
1143 1810 1201 1888 καὶ
1220 1808 1287 1912 ούχ
1305 1805 1448 1908 ε’τέρως,

242 1930 306 2009 οῦκ
337 1930 382 2011 ἀν
413 1967 467 2017 τις
505 1932 667 2037 ἁμάρτοι,
699 1933 810 2014 πάνθ’
844 1932 917 2016 ὅσα
950 1933 1018 2036 πέρ
1050 1936 1129 2013 ἐστι
1160 1939 1225 2011 τοῦ
1257 1936 1355 2011 Θεοῦ
1389 1932 1449 2009 καὶ

245 2053 391 2156 Πατρῦς
422 2055 645 2159 ἐνεργήματα
675 2056 721 2137 τά
757 2059 818 2138 ἐπί
853 2092 957 2155 τισιν,
986 2057 1065 2156 ήτοι
1096 2054 1292 2155 θελήματα,
1321 2052 1449 2153 πάσης

242 2173 329 2256 εἶναι
348 2179 467 2280 λε’γων
484 2185 547 2279 τῆς
567 2183 672 2282 ἁγίας
690 2180 856 2284 Τριάδος,
875 2182 1003 2281 ὁμοίως
1029 2179 1067 2261 δέ
1092 2182 1150 2260 καὶ
1174 2177 1221 2257 τά
1244 2178 1368 2278 αὐτοῦ,
1382 2183 1448 2256 τοῦ
1462 2207 1496 2270 ι5

212 2305 342 2399 θΥἱοῦ,
362 2306 421 2381 καὶ
439 2301 485 2383 τά
509 2313 573 2384 τοῦ
591 2304 718 2408 Ἀγίου
739 2310 775 2385 Π
779 2304 958 2403 νεύματος.
997 2304 1056 2385 διὰ
1080 2303 1207 2407 γάρτοι
1232 2300 1378 2400 ταύτην,
1399 2303 1449 2386 ὦς

241 2425 388 2532 ἐγῷμαι,
419 2426 484 2527 τήν
517 2430 643 2523 αἰτίαν,
676 2437 741 2509 τοῦ
774 2434 869 2509 Θεοῦ
905 2433 963 2508 καὶ
997 2426 1143 2530 Πατρὸς
1175 2423 1449 2506 ἀποκαλύπτειν

242 2550 436 2650 λεγομένου
461 2550 525 2630 τὸν
552 2552 640 2632 ’ίδιον
657 2551 759 2649 Υἰὸν,
786 2556 843 2632 καὶ
872 2558 994 2633 καλεῖν
1017 2550 1070 2633 ἐπ’
1092 2552 1187 2664 αὐτῷ
1214 2548 1297 2633 τοῦς
1325 2554 1376 2633 εἰς
1405 2548 1448 2628 τὸ

241 2672 424 2752 πιστεύειν
446 2675 697 2778 ἑτοιμοτέρους,
717 2679 775 2755 καὶ
799 2673 905 2759 αι’πδς
929 2678 948 2755 5
971 2677 1059 2760 Υἱὸς
1081 2683 1187 2755 τοῦτο
1211 2679 1325 2754 ποιιῦν
1348 2674 1446 2775 εῦρί-

242 2829 379 2892 σκεται,
394 2799 451 2876 καὶ
471 2795 512 2877 τὸ
533 2805 684 2896 Πνεῦμα
703 2798 740 2879 δέ
759 2797 860 2879 οὐδὲν
878 2799 986 2899 ἧττον
1003 2796 1045 2877 τὸ
1057 2796 1199 2901 Ἀγιον.
1230 2796 1362 2904 Πέτρῳ
1381 2797 1449 2895 μὲν
1462 2832 1495 2873 ιο

242 2918 314 3021 γὰρ
345 2926 398 3028 τῷ
430 2924 592 3029 μακαρίῳ
625 2925 741 3027 φησὶν
771 2924 791 3001 5
826 2921 964 3022 Σωτὴρ,
997 2920 1063 3021 τὴν
1098 2926 1145 3004 είς
1177 2918 1285 3001 αὐτὸν
1315 2922 1450 3002 πίστιν

242 3042 514 3146 εύθαρσέστατα
553 3042 835 3147 διωμολογηκύτι
873 3056 893 3092 “
915 3043 1102 3146 Μακάριος
1140 3041 1173 3123 εἶ
1208 3045 1330 3141 Σίμων
1367 3045 1449 3147 Βὰρ

243 3175 265 3212 “
283 3166 399 3265 Ἰωνᾶ,
428 3168 483 3248 ὅτι
515 3168 618 3276 σὰρξ
647 3171 705 3248 καὶ
738 3166 826 3267 αἷμα
858 3171 921 3248 οῦκ
955 3166 1173 3273 ἀπεκάλυφέ
1197 3201 1273 3265 σοι,
1306 3171 1396 3248 ἀλλ’
1427 3173 1449 3251 5

73 3040 196 3119 ἃλίαυια

72 3121 123 3156 m
134 3116 172 3169 ιγ.

243 3298 265 3336 “
285 3289 414 3393 Πατήρ
437 3327 507 3390 μου
530 3294 550 3370 5
574 3294 702 3376 ἐντοῖς
720 3293 911 3395 ούρανοῖς.”
952 3290 1057 3375 αὐτὸς
1081 3291 1119 3371 δέ
1143 3300 1249 3371 τοῦτο
1273 3299 1392 3372 ποιῶν
1410 3296 1449 3373 ἐν

74 3435 138 3492 347
148 3434 190 3488 A.
212 3413 371 3515 ιιέτέροις
389 3417 524 3517 ὁρᾶται.
557 3418 615 3495 καὶ
633 3425 722 3518 γοῦν
741 3416 798 3522 ἐφ’
818 3418 933 3523 ἐαυτῷ
950 3421 1070 3499 καλῶς
1088 3413 1132 3513 δὴ
1150 3415 1233 3495 λίαν
1252 3416 1272 3493 5
1292 3421 1449 3502 Παῦλος
1464 3446 1500 3512 25

242 3536 538 3635 ἀποσεμνύνεται,
569 3543 649 3641 περὶ
686 3547 749 3618 τοῦ
787 3538 877 3619 κατὰ
908 3537 1073 3641 Χριστὸν
1106 3539 1308 3641 μυστηρίου
1344 3546 1449 3635 βοῶν

74 3669 197 3721 0⁸¹·i·¹²·
243 3669 265 3707 “
286 3659 385 3740 Ούδέ
409 3660 479 3763 γὰρ
504 3660 575 3763 ἐγὼ
601 3664 684 3765 παρ’
705 3662 896 3765 ἀνθρύπου
921 3662 1133 3767 παρέλαβον
1157 3660 1296 3764 αῦτὸ,ή
1321 3663 1445 3745 ἐδιδά-

243 3795 264 3832 “
282 3790 388 3890 χθήν,
415 3784 515 3864 ἀλλά
543 3785 586 3865 δι’
612 3786 878 3894 ἀποκαλύψεως
902 3788 1026 3887 Ἰησοῦ
1054 3784 1254 3890 Χριστοῦ.”
1292 3786 1382 3871 ἴδοις
1410 3791 1448 3868 δ’

243 3905 287 3987 ἀν
316 3908 371 3988 ὅτι
404 3913 463 3989 καὶ
492 3909 578 3989 αὐτὸ
611 3906 654 3990 τὸ
687 3916 835 4009 Πνεῦμα
864 3908 906 3990 τῦ
933 3907 1065 4014 ’Ἃγιον
1093 3911 1194 3991 οὐδὲν
1221 3910 1329 4011 ἧττον
1361 3911 1450 4012 ἡμῖν

242 4033 489 4114 ἀποκαλύπτει
516 4033 693 4138 Χριστόν.
732 4030 939 4114 ἐπιστέλλει
964 4044 1052 4137 γοῦν
1077 4037 1098 4114 5
1125 4028 1341 4142 σοφώτατος
1363 4036 1448 4116 Ἰω-
1463 4059 1502 4120 30

278 4320 304 4374 3.
323 4304 409 4427 τιήΙ).
422 4305 452 4357 τὸ
467 4303 518 4358 Ed.
567 4307 608 4362 καὶ
621 4316 790 4378 assumptum
803 4326 835 4361 ex
849 4307 882 4361 B.
956 4319 981 4377 7.
1000 4306 1166 4378 αὐτό]-Ι-τὸ
1180 4305 1212 4360 Β.
1299 4321 1341 4359 ιι.
1361 4305 1450 4376 ἁπαξ-

242 4378 331 4429 σπλῶς
371 4374 480 4430 .ἆπλῶς
492 4375 543 4429 Ed.
716 4394 757 4445 14.
776 4379 807 4432 τὰ
819 4395 873 4432 om.
888 4377 920 4431 Β.
1101 4393 1141 4447 η.
1161 4373 1271 4451 ἐγῷμαι]
1285 4375 1338 4448 ἐγὼ
1351 4378 1400 4447 μὶν
1414 4379 1450 4434 Β.

245 4445 286 4499 18.
305 4446 374 4515 αὐτῷ
389 4455 414 4498 et
427 4446 504 4499 αῦτδν
518 4448 555 4501 D.
696 4466 737 4518 19.
756 4447 924 4519 ἐτυμοτέρους
938 4447 970 4503 Β.
1042 4450 1057 4500 5
1070 4466 1124 4503 om.
1140 4448 1172 4503 Β.
1317 4463 1365 4517 ²9·
1383 4450 1451 4506 αῦτδ

242 4526 411 4585 assumptum
424 4534 456 4570 ex
470 4517 503 4571 B.
