3038 5018
104 307 158 371 vii.
173 326 224 388 24.
278 309 335 372 IN
365 310 398 374 S.
423 309 681 375 JOANNEM.
727 310 822 373 ΙιῙΒ.
847 308 907 373 IV.
953 308 1054 373 CAP.
1072 305 1150 372 VII.
1236 307 1301 371 643

102 472 141 552 ἐν
167 473 316 571 τούτοις,
344 476 520 577 ἀναγκαία
548 473 582 555 δ’
612 476 675 557 ούν
703 474 809 576 ὅμως.
866 473 908 555 τδ
937 473 1009 578 γὰρ
1040 474 1152 581 ἄμφω
1180 472 1231 573 μή
1263 473 1301 552 ἐν

102 596 240 705 ἑβδόμη
257 604 441 681 τελεῖσθαι
457 598 707 703 προστάττειν,
725 598 815 701 μήτε
831 596 904 699 μῆν
920 601 958 680 ἐν
976 595 1089 705 ἀγδόη
1106 595 1226 703 τυχόν,
1246 595 1301 676 ὅτι

102 723 316 803 διέσταλταί
336 759 414 808 πως
439 726 460 804 ὁ
484 724 542 831 ἐφ’
561 722 705 834 ἑκάστῳ
729 723 841 828 λόγος
865 723 1015 806 δίδωσιν
1031 725 1172 804 ἐννοεῖν.
1212 721 1298 802 ἀλλ’

103 845 175 950 ἐχειΙ
195 845 276 927 τινά
298 850 357 929 καὶ
379 856 486 928 τοῦτο
505 847 672 946 διάνοιαν,
691 849 755 930 ούκ
780 848 960 956 ἄκομψον,
983 844 1031 931 οῖς
1055 881 1097 947 γε
1121 879 1183 944 μοι
1208 844 1331 952 φοί-θ

70 994 210 1056 ενεται.
249 969 292 1050 τὸ
312 968 384 1074 γάρ
401 972 560 1074 ἀργῆσαι
586 971 826 1078 φαυλότητος,
845 974 945 1053 οὕτω
968 971 1113 1054 πάντως
1136 970 1217 1051 ἐστὶ
1240 970 1300 1049 καὶ

104 1092 334 1199 φαυλότητος
365 1094 543 1196 ἀποβολή.
595 1096 719 1199 ἠρεμεῖ
746 1093 819 1197 γὰρ
855 1092 1035 1179 πολλάκις
1067 1096 1106 1174 ἐν
1138 1093 1223 1193 ἡμῖν
1253 1091 1300 1172 τά

102 1217 212 1318 πάθη,
241 1223 306 1318 τῆς
332 1218 398 1318 μέν
425 1220 581 1304 διανοίας
610 1220 675 1299 οὐκ
703 1219 836 1326 ἔξωθεν
863 1218 951 1300 ὄντα
977 1217 1138 1299 κατὰτὸ
1166 1216 1297 1318 πάντη·

103 1349 273 1451 λογισμῷ
291 1342 329 1424 δέ
347 1348 399 1452 τῳ
417 1342 593 1449 σώφρονι,
610 1340 771 1449 καθάπερ
789 1346 858 1424 τινὶ
876 1349 1015 1452 χαλινῷ
1031 1340 1300 1448 περιενεχθέντα

101 1467 228 1560 βιαίοις
261 1473 310 1551 εἶς
342 1465 557 1573 ἀπᾴδουσαν
584 1468 703 1551 αὐτοῖς
735 1467 901 1573 ἡσυχίαν,
930 1465 1031 1546 ἀλλά
1059 1471 1117 1546 καὶ
1145 1473 1220 1550 τοῖς
1252 1473 1301 1550 εἷς

50 1622 88 1664 10
104 1590 264 1690 ἄσκησιν
280 1588 403 1674 πόνοις
422 1593 480 1670 καὶ
498 1592 565 1695 ούχ
583 1589 710 1671 ἑκόντα
727 1598 945 1696 παραχωρεῖ·
976 1589 1018 1672 τὸ
1037 1590 1076 1671 δέ
1093 1591 1296 1671 ἀποσείσα-

102 1718 192 1793 σθαι
219 1711 343 1811 πάθος,
372 1713 463 1793 ὅσον
490 1713 669 1821 ἀνθρώπῳ
696 1714 833 1817 πρέπει,
857 1712 1002 1800 πάντως
1028 1749 1071 1815 γε
1098 1711 1214 1814 δήπου
1241 1716 1300 1793 καὶ

102 1833 222 1939 ἕτερόν
250 1871 285 1916 τι
315 1838 399 1938 παρ’
430 1836 541 1918 ἐκεῖνό
573 1839 665 1935 ἐστι,
691 1842 752 1917 καὶ
782 1838 880 1919 πολύ
913 1872 948 1918 τι
978 1838 1098 1941 μεῖζον
1126 1833 1226 1940 παρά
1256 1833 1330 1916 τδιι
1350 1860 1470 1917 440A.

103 1961 264 2062 ἀργῆσαι
287 1959 434 2045 πάθους.
472 1961 783 2062 διεσκευασμείιων
805 1961 843 2041 δέ
867 1963 960 2043 οὕτω
986 1968 1058 2043 τοῖν
1080 1964 1138 2042 ἐπὶ
1163 1959 1300 2044 τούτοις

102 2081 236 2185 λόγων,
264 2082 440 2187 προσῆκει
472 2084 601 2166 λοιπὸν
628 2089 769 2183 ἐννοεῖν,
799 2089 848 2170 ὡς
875 2087 917 2165 ού
944 2083 1119 2188 πρότερον
1145 2086 1203 2163 ἐπὶ
1234 2079 1301 2182 τῆν

52 2213 175 2296 ι5τῶν
198 2213 336 2304 παθῶν,
360 2208 438 2308 ήτοι
465 2214 539 2287 τῶν
561 2207 606 2315 ἐξ
630 2209 758 2309 ἡδονῆς
784 2208 1034 2307 πταισμάτων,
1052 2207 1186 2314 ἥξομεν
1210 2208 1300 2287 ἀπο-

102 2327 231 2430 βολήν,
259 2328 280 2409 δ
310 2334 368 2410 καὶ
397 2330 457 2412 διά
483 2335 547 2432 τῆς
578 2335 771 2434 περιτομῆς
800 2331 1023 2432 σημαίνεται,
1050 2331 1101 2431 μῆ
1129 2331 1208 2435 οὐχὶ
1236 2333 1300 2429 τῆς

105 2453 182 2532 κατ’
201 2452 378 2558 ἐνέργειαν
397 2458 591 2559 δραστικῆς
609 2455 734 2540 κακίας
751 2455 1074 2559 προκαταλύοντες,
1093 2459 1151 2534 καὶ
1170 2459 1301 2534 ἱστῶν-

105 2610 164 2660 τες
183 2573 307 2679 ὥσπερ
324 2583 373 2662 είς
391 2580 521 2683 ἀργίαν
538 2577 585 2658 τά
609 2583 658 2663 είς
684 2578 938 2680 πλημμέλειαν
955 2577 1129 2683 τρέχοντα
1150 2585 1215 2659 τοῦ
1240 2585 1303 2657 νοῦ

103 2698 289 2799 κινήματα.
326 2703 458 2810 βαθμῷ
481 2701 554 2806 γάρ
579 2701 706 2806 ὥσπερ
731 2705 800 2782 τινὶ
823 2703 904 2783 τότε
922 2709 975 2811 τῳ
992 2701 1141 2815 τοιούτῳ
1158 2700 1300 2806 χρησά-

49 2861 89 2902 20
103 2856 212 2923 μενοι,
231 2827 289 2904 καὶ
311 2827 464 2928 προσέτι
487 2824 604 2928 μεῖζον
629 2830 689 2907 καὶ
718 2828 931 2930 ύπερτεροῦν
952 2827 1083 2933 ῥᾳδίως
1110 2825 1298 2925 ἀναβησό·

103 2953 207 3046 μεθα,
225 2946 291 3047 τῆν
315 2950 498 3054 ὁλοσχερῆ
526 2956 621 3056 φημι
650 2956 723 3030 τῶν
744 2955 873 3031 παθῶν
894 2947 1092 3049 ἀποτομήν.
1132 2945 1234 3028 ἀλλά
1259 2945 1301 3028 τὸ

101 3069 169 3170 μέν
197 3074 358 3175 ἀργῆσαι
388 3071 537 3172 πάθους,
568 3073 636 3180 ἔχει
670 3072 751 3154 τινὰ
784 3081 914 3175 μοῖραν
942 3081 1006 3153 τοῦ
1038 3074 1097 3152 καὶ
1126 3073 1183 3178 ἐφ’
1218 3072 1302 3170 ἡμῖν

106 3201 246 3276 κεῖσθαι
274 3198 401 3277 δοκεῖν·
434 3195 688 3304 καταλήξομεν
709 3193 782 3299 γάρ
808 3203 873 3276 τοῦ
899 3203 1011 3275 κακοῦ
1037 3202 1112 3280 τοῖς
1136 3195 1334 3294 ἀμείνοσιι)

103 3325 177 3398 τιῖν
201 3320 298 3400 ἰδίων
322 3320 535 3421 θελημάτων
558 3319 769 3403 ἐπιδιδόντες
796 3317 863 3418 τῆν
881 3317 1008 3422 ῥοπήν·
1039 3317 1082 3398 τὸ
1110 3317 1148 3397 δέ
1175 3321 1299 3400 ἀπαλ-

49 3467 87 3528 25
103 3442 300 3524 λάττεσθαι
327 3443 475 3541 πάθους,
502 3445 582 3548 οὐχὶ
609 3443 752 3526 πάντως
780 3443 835 3550 ἐφ’
863 3443 958 3543 ἡμῖν,
981 3442 1087 3547 ἔργον
1115 3443 1150 3521 δ’
1177 3440 1300 3543 ἀνείη

101 3566 240 3668 πρέπον
271 3565 382 3650 ὅντως
411 3572 565 3674 Χριστῷ
597 3571 648 3677 τῳῖ
681 3566 835 3647 παθόντι
874 3564 963 3670 ύπέρ
999 3567 1113 3667 ἡμῶν,
1147 3567 1206 3646 ἵνα
1242 3571 1301 3647 καὶ

102 3689 239 3775 πάντας
271 3691 521 3797 ἀναῤῥυθμίση
553 3689 645 3794 πρὸς
677 3690 869 3792 καινότητα
899 3691 997 3795 ζωῆς.
1048 3690 1161 3770 διάτοι
1194 3698 1302 3771 τοῦτο

139 3988 166 4041 3.
184 3970 327 4040 διεστάλθη
340 3969 374 4025 B.
492 3984 519 4042 5.
539 3969 634 4042 thue
646 3969 679 4024 nd
693 3970 740 4025 fin.
752 3969 814 4025 libri
826 3970 888 4024 citat
920 4008 927 4023 .
1049 3968 1075 4022 6.
1094 3965 1109 4036 ἦ
1127 3969 1252 4035 qui—mi
1286 3967 1299 4040 ]

105 4040 208 4111 ῆρεμιῖν
219 4043 270 4113 γὰρ
283 4041 311 4096 ἐν
322 4041 382 4111 ήμῖν
393 4041 425 4096 τδ
436 4041 505 4110 πάθη
517 4043 645 4097 πολλάκις
658 4041 691 4095 Β.
852 4053 877 4111 7.
895 3987 992 4121 ἄξιοθεν
1003 4037 1076 4120 ὄντα]
1089 3968 1299 4108 ἐήωρεθένταθθ.

107 4129 148 4166 10.
167 4112 214 4165 ούκ
232 4113 325 4183 ἔχοντα
344 4112 377 4166 Β.
431 4112 528 4166 Statim
546 4114 698 4236 παραχωρεῖ
716 4111 777 4181 B.p.
796 4119 827 4165 ut
844 4109 956 4181 conjeclt
973 4117 999 4162 et
1018 4109 1120 4179 Mlgne.
1137 4113 1301 4179 παραχωρεῖν

104 4182 176 4237 Aub.
318 4199 358 4237 ιτ.
377 4204 402 4236 τι
415 4181 503 4252 prius]
518 4181 601 4251 δήπου
640 4222 647 4236 .
659 4190 785 4235 neutrum
798 4180 879 4236 habet
890 4199 918 4250 p.
968 4178 1064 4233 Statim
1076 4179 1135 4249 παρ’
1149 4181 1254 4235 ἐκείνοις
1267 4181 1300 4236 Β.

108 4270 148 4319 14.
167 4250 227 4323 τήν]
241 4275 265 4307 τι
280 4252 312 4306 Β.
423 4265 464 4323 17.
482 4255 524 4306 καὶ
537 4255 660 4309 loram.
671 4269 727 4306 om.
741 4251 773 4305 B.
875 4267 917 4305 το.
935 4251 977 4304 καί
988 4250 1098 4319 προσέτι
1109 4247 1209 4320 μεῖζον]
1222 4246 1300 4318 οἶμαι,

105 4328 145 4377 καὶ
163 4322 274 4392 προσέτι
293 4324 322 4377 τδ
340 4323 464 4392 misem&
483 4325 524 4376 καὶ
541 4327 607 4392 πρός
625 4345 650 4377 τι
667 4325 755 4390 μεῖζον
767 4321 793 4375 D
807 4338 861 4391 mg.
915 4320 1098 4390 ἀναθησόμεθα
1111 4320 1211 4410 Β.Ι).χ).
1224 4329 1250 4374 et
1264 4321 1301 4375 ita

105 4395 216 4464 conjecit
228 4394 300 4448 Aub.
313 4393 495 4464 ἀναθήσομεθα
507 4393 559 4449 Ed.
774 4409 816 4446 Μ.
834 4391 943 4461 πείθοντι
956 4391 1046 4446 παθῶν
1059 4390 1089 4444 Β.
1156 4387 1213 4460 ἐφ]
1227 4391 1254 4444 ἐν
1267 4391 1300 4445 Β.

107 4481 150 4530 24.
169 4470 220 4519 τῶν
232 4465 304 4519 ἰδίαν
315 4465 468 4534 θελημάτον
479 4471 541 4520 ante
552 4466 607 4521 τοῖς
618 4463 736 4533 ἀμείνοσι
748 4464 937 4534 transponitp.
1017 4461 1059 4516 τό.
1078 4459 1171 4532 ὄντος]
1184 4469 1212 4524 ÷
1224 4465 1260 4535 τῷ
1272 4479 1300 4532 p.

107 4549 150 4604 τη.
168 4536 264 4592 πάντας
278 4534 340 4606 B.p.
351 4536 435 4590 πάντα
448 4534 500 4590 Ed.

657 4635 753 4697 αυτ
