3038 5018
242 317 308 382 296
547 315 585 378 B.
609 311 821 377 CYRILLI
852 309 1138 375 ALEXANDR.
1266 305 1308 368 iv.
1322 304 1375 390 36,
1388 318 1442 388 37.

243 475 396 580 σπόρον,
415 476 469 557 ’ότι
489 475 787 557 λελευκάνθισται
804 475 869 572 μέν
888 478 935 559 ῶς
954 477 1011 555 ε’πὶ
1029 474 1095 574 τήν
1114 471 1192 551 ἀλω
1209 468 1444 565 βαδιοόμενος

244 597 312 697 ήδη,
335 607 441 680 καλεῖ
462 598 499 679 δέ
525 597 654 680 λοιπῦν
677 599 733 704 ἐφ’
753 602 866 706 έαυτῶ
890 597 954 679 τὸν
977 601 1141 699 ἀμητήρα
1168 594 1329 696 σίδηρον.
1370 588 1444 668 ἀπὸ

245 723 284 803 δέ
311 727 375 822 τῆς
401 721 608 822 ὁμοιότητος
629 729 706 803 τῶν
724 725 762 802 ἐν
781 723 922 828 ἱστορίᾳ
945 719 1169 823 πραγμάτων
1187 714 1379 818 θεωρήσεις
1402 710 1444 791 τῦ

246 845 476 945 δηλούμενον·
505 846 646 950 σπόρον
663 844 729 943 μέν
747 844 820 948 γάρ
839 844 979 944 νοήσεις
999 842 1062 924 τῦν
1081 839 1209 942 νοητὸν
1223 843 1281 919 καί
1299 834 1445 935 πληθῦν

217 969 441 1073 ςάσταχιίων
461 976 719 1069 πνευματικῶν,
742 968 825 1051 τοῦς
852 968 910 1046 διά
939 973 1001 1066 τής
1029 973 1102 1047 τῶν
1124 969 1323 1068 προφητῶν
1347 993 1438 1062 προ·
1461 977 1480 1036 5

247 1093 513 1194 γεωργηθέντας
547 1097 670 1198 φωνῆς
705 1098 754 1176 εἷς
784 1091 850 1192 τήν
877 1091 1089 1190 μέλλουσαν
1119 1084 1447 1191 ἀναδειχθήσεσθαι

247 1216 371 1295 πίστιν
389 1214 448 1294 διά
467 1221 644 1319 Χριστοῦ·
684 1216 902 1296 λευκαίνεται
921 1214 959 1294 δέ
976 1211 1139 1316 πέπειρος
1165 1245 1203 1291 τε
1228 1213 1286 1288 καὶ
1309 1208 1447 1302 ἕτοιμος

247 1335 305 1432 ήδη
329 1335 420 1442 πράς
444 1337 486 1419 τῦ
513 1339 695 1420 πιστεύειν
720 1339 952 1440 γεγενημένος
981 1340 1040 1416 καὶ
1066 1331 1370 1434 συμπεπηγμένος
1398 1335 1448 1412 είς

248 1460 449 1554 εὐλάβειαν.
490 1460 568 1542 ἀδέ
587 1470 650 1542 τοῦ
668 1462 865 1566 θερίζοντος
883 1463 1044 1562 σίδηρος,
1067 1462 1087 1538 ὁ
1112 1455 1279 1559 λαμπρός
1304 1489 1342 1534 τε
1367 1455 1448 1532 ε’στὶ

249 1589 306 1663 καὶ
332 1585 537 1682 τομώτατος
562 1591 634 1664 τῶν
656 1584 875 1665 ἀποστόλων
901 1583 1022 1684 λόγος,
1041 1588 1104 1682 τῆς
1129 1581 1194 1679 μὲν
1219 1577 1310 1658 κατά
1337 1576 1449 1674 νόμον
1467 1608 1505 1647 ιο

248 1708 414 1811 λατρείας
431 1708 628 1810 ἀποκείρων
646 1707 727 1792 τοῦς
745 1707 999 1811 ἀκροωμένους,
1019 1710 1075 1788 ἐπὶ
1095 1705 1132 1785 δέ
1151 1703 1217 1803 τὴν
1236 1701 1315 1781 ἅλω
1334 1734 1445 1796 μετα·

248 1833 365 1926 τιθεὶς,
381 1829 589 1937 τουτέστιν,
618 1832 675 1911 ε’πὶ
702 1829 769 1929 τήν
795 1830 1022 1930 Ἐκκλησίαν
1049 1837 1113 1909 τοῦ
1140 1834 1249 1908 Θεοῦ·
1290 1824 1375 1904 ἔνθα
1403 1823 1450 1922 δή

247 1942 455 2054 τριβόμενοί
488 1987 526 2032 τε
564 1957 624 2033 καὶ
658 1952 782 2038 πόνοις
819 1957 966 2054 ἀγαθοῖς
1004 1950 1261 2051 ε’νθλιβόμενοι,
1292 1944 1451 2050 καθαρός

215 2074 572 2180 δάποδειχθήσονται
618 2084 720 2159 σῖτος
767 2080 831 2174 τῆς
882 2084 946 2156 τοῦ
994 2074 1217 2176 συνάγοντος
1265 2069 1450 2171 ἀποθήκης

249 2197 405 2305 έπάξιος.
1470 2224 1507 2282 15

200 2422 333 2500 36¹an
360 2423 378 2487 ὁ
406 2423 538 2512 θερίζων
565 2426 679 2500 μισθὸν
707 2426 873 2504 λαμβάνει,
899 2425 951 2489 καί
979 2425 1108 2497 συνάγει
1136 2423 1262 2510 καρπὸν
1288 2417 1336 2486 εἷα
1362 2418 1451 2508 ζωῶν

199 2557 235 2618 37
303 2543 447 2628 αἰώνιον,
474 2548 527 2613 ἵνα
555 2551 573 2615 ὁ
600 2549 743 2637 σπείρων
771 2552 853 2626 ὁμοῦ
881 2549 976 2639 χαίρη
1006 2550 1059 2614 καί
1088 2551 1106 2615 ὁ
1137 2547 1277 2637 θερίζων.
1324 2548 1360 2610 ὲν
1389 2543 1452 2632 τὰρ

303 2672 410 2756 τούτῳ
438 2672 457 2738 ὁ
489 2674 584 2748 λότοε
615 2674 770 2740 ἀληθινός
800 2677 898 2754 ἐστιν,
927 2678 976 2743 ὅτι
1007 2676 1109 2739 ἄλλος
1140 2674 1226 2740 ἐστίν
1255 2673 1273 2738 ὁ
1305 2668 1453 2756 σπείρων

304 2795 355 2861 καὶ
382 2796 484 2862 ἀλλος
510 2797 528 2863 ὁ
555 2796 696 2887 θερίζων.

311 2959 444 3060 Λόγου,
473 2964 599 3067 φησὶν,
627 2961 647 3039 ὁ
676 2959 797 3064 καιρὸς
826 2969 891 3041 τοῦ
923 2969 1117 3046 καλοῦντος
1149 2965 1197 3044 είς
1228 2960 1364 3053 πίστιν,
1394 2961 1456 3038 καὶ
1472 3000 1511 3040 ιο

253 3089 327 3163 τῶν
351 3089 505 3183 νομικῶν
528 3118 566 3163 τε
590 3086 648 3164 καὶ
674 3090 908 3192 προφητικῶν
926 3084 1165 3186 κηρυγμάτων
1186 3082 1253 3183 τήν
1275 3087 1324 3165 είς
1348 3080 1457 3164 τέλος

224 3205 381 3312 οᾶφιξιν
405 3214 480 3290 τοῖς
507 3208 743 3310 ἀκροωμένοις
769 3207 1055 3292 ἐπιδεικνύοντος.
1094 3210 1112 3286 ὁ
1141 3206 1206 3305 μέν
1230 3203 1302 3308 γάρ
1330 3201 1455 3302 νόμος,

256 3331 304 3412 ὡς
330 3332 368 3408 ἐν
385 3337 504 3414 σκιαῖς
527 3337 605 3413 ταῖς
629 3333 667 3409 ἐν
686 3330 787 3438 τόπερ
806 3333 996 3434 λατρείαις,
1014 3330 1216 3434 προεδήλου
1235 3326 1298 3409 τὸν
1316 3328 1453 3435 ἀφιξό·

255 3483 373 3547 μενον,
404 3451 569 3531 τουτέστι
600 3450 777 3554 Χριστόν·
820 3457 1004 3558 προφῆται
1042 3453 1079 3533 δέ
1110 3455 1184 3552 μετ’
1218 3451 1337 3548 αὐτὸν,
1371 3451 1458 3535 τοῦς

255 3571 356 3674 παρὰ
373 3581 438 3652 τοῦ
456 3574 666 3672 Πνεῦματος
690 3577 1007 3680 διαπορθμειίοντες
1033 3576 1166 3678 λόγους
1184 3588 1206 3624 “
1218 3573 1346 3677 μικρὸν
1365 3573 1458 3653 ὅσον
1474 3618 1513 3676 25

257 3705 280 3743 “
298 3694 414 3775 ἀσον”
434 3699 494 3776 καὶ
512 3701 560 3782 ὡς
579 3696 648 3797 ἤδη
665 3697 913 3802 παρεσόμενόν
931 3735 969 3780 τε
988 3703 1046 3779 καὶ
1064 3699 1198 3806 ἥξοντα
1215 3696 1454 3799 προεμήνυον.

256 3816 375 3917 ἐπειδή
401 3816 440 3898 δὲ
465 3819 552 3899 ε’ίσω
577 3820 710 3920 βέβηκε
736 3826 865 3925 θυρῶν,
883 3824 947 3902 οῦκ
973 3827 1021 3906 είς
1045 3823 1174 3901 ἐλπίδα
1198 3820 1339 3923 μακρὰν
1363 3822 1455 3899 ἀνα-

257 3939 359 4040 θήσει
387 3941 430 4022 τῦ
459 3943 707 4046 προσδοκηθέν
735 3951 807 4024 τῶν
833 3944 1053 4026 ἀποστόλων
1081 3949 1101 4025 ὁ
1131 3946 1251 4045 λόγος,
1276 3943 1362 4022 ἀλλ’
1388 3944 1460 4043 ἤδη

88 4087 208 4143 αοοΔ.
228 4063 374 4167 απαρδν
390 4065 566 4173 ἐπιδείξει·
599 4070 656 4147 καὶ
674 4073 784 4169 θεριεῖ
797 4068 861 4166 μὲν
878 4072 918 4148 ἐκ
936 4073 1081 4168 νομικῆς
1107 4069 1273 4168 λατρείας
1298 4063 1380 4149 τοῦς
1407 4067 1461 4146 ἔτι

297 4301 646 4372 1.0'na⁸⁸umptumexB.
695 4303 751 4356 ἅλω
765 4302 896 4357 Β.ἀλωνα
909 4303 960 4357 Ed.
1016 4302 1175 4372 -π.ἀρό
1222 4302 1258 4357 D.
1346 4317 1462 4372 5.προ·

257 4370 450 4460 γεωργηθέντας
462 4372 542 4460 edjdi.
554 4372 833 4461 fpoywpyvfic'mflss.
845 4373 1070 4445 προγεωρηθίντας
1083 4325 1210 4441 (ιίοήῐλῶθ.
1280 4390 1306 4443 9.
1318 4390 1415 4461 renem.
1428 4372 1462 4428 B.

261 4440 490 4566 lmnffitgxssfi·
521 4441 589 4567 ’θον
602 4441 679 4583 Edi9·
697 4443 936 4584 afflffigsspim
950 4459 1022 4570 355.
1041 4445 1113 4513 ἄξιος
1128 4443 1159 4497 Β.
1277 4444 1320 4496 26.
1339 4464 1405 4497 οσον
1416 4461 1462 4498 as·
