3038 5018
228 289 293 353 252
531 289 571 354 B.
595 288 803 354 CYRILLI
832 285 1123 353 ALEXANDR.
1316 279 1428 366 iii.34.

61 446 185 501 Μὶν·
230 463 253 501 “
272 453 467 555 Αἴγυπτον,
497 458 555 533 καὶ
587 457 674 556 ἐρεῖς
707 450 797 554 πρὸς
831 451 966 554 Φαραώ
999 448 1096 532 Τάδε
1129 446 1224 551 λε’γει
1259 442 1428 547 Κόριος·”

61 587 186 653 niem.
230 576 321 679 πρὸς
337 578 509 680 Ἱερεμίαν
527 576 570 655 δέ
586 611 627 678 γε
650 574 713 655 τὸν
732 575 921 678 ἱερώτατον
940 586 961 622 “
977 574 1045 674 Μὴ
1069 572 1154 675 λέγε
1178 570 1234 652 ὅτι
1260 570 1431 671 νεώτερος

179 724 180 729 ’
230 711 253 748 “
269 702 340 803 ἐγώ
377 707 459 799 εἶμι,
498 700 551 779 ὅτι
587 699 678 802 πρὸς
718 697 855 783 πάντας
896 698 957 783 οὓς
999 697 1061 779 ἐὰν
1095 693 1346 804 ἐξαποστείλω
1383 723 1430 770 σε

229 835 251 872 “
268 822 440 945 πορεύσῃ,
464 825 523 903 καὶ
547 823 638 902 κατὰ
662 821 782 904 πάντα
808 821 880 903 ὅσα
903 821 965 903 ἐὰν
989 819 1201 918 ἐντείλωμαί
1222 852 1283 899 σοι
1308 812 1429 915 λαλάγ-

229 958 251 994 “
270 946 380 1033 σεις.”
434 947 471 1027 τί
502 947 566 1026 οῦν
598 946 669 1051 α’ίρα
699 946 742 1026 τὸ
773 947 886 1041 πλέον
917 949 955 1026 ἐν
983 951 1035 1053 τῷ
1066 942 1158 1024 κατὰ
1191 941 1305 1050 φῦσιν
1332 944 1464 1046 Υἱῷ,5

229 1079 403 1152 λαλοῦντι
437 1070 482 1151 τὰ
513 1078 577 1150 τοῦ
608 1076 704 1150 θεοῦ
735 1069 888 1174 ῥήματα,
921 1071 980 1151 διὰ
1011 1068 1053 1150 τὸ
1083 1064 1312 1149 ἀπεστάλθαι
1342 1063 1429 1163 παρ’

228 1197 360 1292 αῦτοῦ;
399 1192 590 1300 προφήτης
622 1194 717 1293 ἡμῖν,
747 1197 796 1277 ὡς
826 1194 947 1292 ἔοικεν,
975 1192 1269 1297 ἀναδειχθήσεται
1300 1185 1430 1284 πάλιν,

228 1321 286 1398 καὶ
318 1319 437 1422 ἕτερον
469 1318 580 1415 οῦδὲν,
614 1317 705 1398 ὅσον
732 1317 817 1418 ἧκεν
846 1324 954 1399 εἰπεῖν
983 1325 1032 1402 εἰς
1063 1316 1128 1396 τὸν
1156 1317 1221 1414 τῆς
1249 1310 1432 1394 διακονίας

228 1438 376 1545 τρόπον.

61 1584 123 1640 169
135 1583 175 1640 A.
199 1597 218 1637 ο
286 1566 430 1645 Οῦκοῦν
447 1565 490 1645 τό
515 1564 717 1646 Ἀπέστειλε
745 1562 885 1664 νοήσεις
911 1566 949 1645 ἐν
967 1564 1114 1662 τούτοις,
1133 1563 1155 1665 ἢ
1175 1560 1267 1643 κατὰ
1283 1558 1348 1642 τὸν
1365 1563 1432 1660 τῆς
1449 1589 1486 1631 ¹0

229 1687 533 1792 ε’νανθρωπήσεως
565 1687 688 1789 λόγον,
719 1689 777 1767 καὶ
809 1685 875 1786 τὴν
908 1691 946 1768 ε’ν
977 1694 1066 1799 τῷδε
1096 1692 1147 1796 τῷ
1180 1683 1307 1793 κόσμῳ
1337 1683 1433 1784 μετὰ

229 1811 366 1914 σαρκὸς
384 1811 625 1918 ἐπιφοίτησιν·
656 1810 679 1912 ἢ
698 1809 809 1892 πάλιν
826 1811 972 1919 ἐκλήψρ
990 1809 1296 1915 θεοπρεπέστερόν
1313 1842 1353 1888 τε
1372 1813 1433 1888 καὶ

228 1936 526 2044 ἀξιολογώτερον.
556 1936 599 2015 οῦ
616 1935 687 2039 γὰρ
706 1936 861 2043 ἔκρυψεν
878 1938 916 2015 ε’ν
935 1938 1047 2044 ἑαυτῷ
1065 1931 1230 2015 τδνΥίδν
1248 1934 1268 2013 ὁ
1289 1930 1432 2034 Πατὴρ,

228 2058 313 2141 ἀλλ’
342 2062 380 2140 ἐκ
408 2063 473 2159 τῆς
500 2061 590 2143 ἰδίας
617 2057 805 2166 ἐξέλαμψε
837 2059 992 2166 φύσεως,
1020 2064 1068 2145 ὡς
1097 2063 1135 2141 ἐκ
1164 2056 1283 2165 φωτὸς
1313 2054 1433 2138 ἀπαύ-

228 2219 366 2287 γασμα,
394 2182 487 2263 κατὰ
516 2181 580 2262 τὸν
608 2181 802 2290 ἅφραστόν
828 2217 867 2263 τε
899 2187 958 2264 καὶ
990 2181 1210 2291 ἀνεξίγιγτον
1236 2185 1300 2280 τῆς
1332 2181 1432 2264 θείας
1448 2209 1485 2272 15

227 2311 428 2411 γεννήσεως
454 2304 600 2409 τρόπον·
634 2307 654 2386 ὃ
682 2306 726 2407 δὴ
755 2310 813 2386 καὶ
838 2306 943 2392 αιἰτός
970 2308 1055 2406 ἡμῖν
1077 2305 1241 2413 διεσάφει
1266 2303 1431 2407 λε’γωνῦ

59 2432 165 2550 Βίωνες.
229 2429 440 2533 Μθνθέεέἧέ
458 2442 479 2479 “
493 2429 593 2533 Ἐγὼ
611 2433 649 2509 ἐκ
669 2439 732 2511 τοῦ
753 2428 897 2534 Πατρός
914 2431 1069 2538 ε’ξῆλθον
1086 2434 1145 2511 καὶ
1163 2430 1274 2531 ἥκω·”
1302 2428 1432 2536 ἐξελή-

194 2561 314 2634 δλνθε
337 2553 409 2656 γὰρ
436 2556 476 2633 ἐκ
499 2563 563 2634 τοῦ
583 2552 729 2658 Πατρός
753 2561 801 2639 είς
827 2557 919 2635 ἰδίαν
938 2554 1092 2661 ὕπαρξιν
1109 2557 1129 2634 ό
1147 2552 1244 2651 Υίδς,
1263 2559 1292 2634 εἰ
1313 2556 1375 2633 καὶ
1392 2555 1434 2634 ἐν

227 2680 323 2785 αὐτῷ
341 2676 432 2757 κατὰ
450 2677 565 2783 φύσιν
584 2679 673 2758 ε’στί·
703 2681 761 2757 καὶ
781 2678 869 2783 ὅπερ
888 2680 972 2779 ἡμῖν
991 2681 1027 2759 ἐν
1046 2680 1164 2787 ἐκείνιρ
1182 2679 1224 2758 τό
1242 2677 1434 2786 Ἐξῆλθον

226 2802 404 2901 σημαίνει,
434 2809 540 2882 τοῦτο
573 2800 687 2881 πάλιν
719 2805 871 2908 ἐνταῦθα
903 2803 945 2882 τὸ
977 2801 1206 2884 ἀπεστάλθαι
1239 2805 1357 2903 δηλοῖ.
1411 2804 1488 2883 ότο

169 2937 183 2955 ’
225 2926 354 3025 τοίνυν,
385 2930 511 3031 φησὶν,
541 2927 580 3005 ἐκ
612 2923 759 3026 Πατρός
790 2926 960 3032 πεφηνεός
992 2960 1030 3007 τε
1063 2927 1122 3005 καὶ
1153 2928 1435 3031 ἀπαστραφθεὶς

228 3048 357 3152 Λόγος,
381 3046 442 3129 άτε
471 3047 515 3147 δὴ
542 3047 635 3133 Θεὸς
663 3046 834 3153 ὑπάρχων
856 3053 895 3129 ἐκ
919 3054 1026 3146 Θεοῦ,
1049 3056 1123 3134 τοῖς
1151 3055 1202 3156 τῷ
1227 3054 1311 3155 Θεῷ
1337 3047 1431 3151 πρέ-

200 3209 338 3290 οπονσι
367 3171 579 3278 κεχρήσεται
608 3172 745 3272 λόγοις·
776 3172 882 3274 λόγοι
909 3172 945 3253 δέ
970 3173 1016 3253 ἂν
1041 3169 1107 3253 εἷεν
1129 3178 1212 3282 Θεῷ
1235 3171 1436 3276 πρέποντες

227 3303 259 3376 οἱ
288 3301 445 3397 ἀληθεῖς,
475 3299 534 3376 καὶ
562 3294 628 3396 τὴν
655 3295 727 3376 ἀπὸ
755 3305 820 3376 τοῦ
847 3298 1048 3403 ψεύδεσθαι
1075 3301 1205 3396 κηλῖδα
1235 3296 1435 3400 παραιτοῦ-

162 3417 165 3425 ’
227 3452 337 3518 μενοι.
386 3421 513 3499 οῦκοῦν
544 3420 564 3499 ό
597 3418 797 3517 λαμβάνων
827 3427 891 3499 τοῦ
923 3424 1090 3523 Σωτῆρος
1120 3416 1186 3518 τὴν
1213 3419 1431 3523 μαρτυρίαν,
1449 3453 1487 3513 ι5

199 3541 464 3649 ῦέσφράγισεν,
489 3542 543 3622 ὅτι
568 3541 661 3626 Θεὸς
686 3540 824 3642 ἀληθής
847 3546 960 3624 ε’στιν·
995 3543 1073 3623 ἔστι
1102 3541 1173 3646 γὰρ
1202 3542 1313 3627 ὅντως
1337 3541 1436 3623 κατὰ

228 3667 342 3773 φύσιν
361 3664 465 3750 Θεός.

261 3947 286 4001 3.
306 3928 493 3998 ἐξαποστέλλω
508 3929 539 3984 B.
552 3930 670 3984 voluitne
683 3930 869 3998 ἐξαποστελῶἓ
883 3931 918 3987 cs.
930 3931 958 3984 in
971 3931 1007 3985 xii
1020 3930 1119 4002 Proph.
1135 3948 1167 4002 13
1176 3931 1203 3987 b.
1343 3950 1369 3999 4.
1389 3933 1435 3989 ἐν·

225 4000 338 4068 τίλωμοί
352 4001 384 4055 Β.
495 4019 522 4069 5.
539 4000 620 4055 πλίον
634 4000 665 4055 Β.
677 4004 769 4054 πλεῖον
782 4000 833 4055 Ed.
951 4018 992 4056 12.
1010 4025 1038 4056 τε
1051 4014 1220 4073 assumptum
1233 4020 1265 4058 ex
1280 4001 1304 4057 Β
1318 4000 1434 4076 [supru-

226 4069 378 4142 ucriptum}
482 4072 522 4125 18.
540 4075 587 4125 τοῦ
600 4088 654 4125 om.
670 4071 705 4126 B.
805 4088 845 4140 19.
866 4072 976 4142 ἐξῆλθον
991 4072 1022 4126 Β.
1035 4072 1151 4140 ἐξελθεῖν
1164 4072 1215 4128 Ed.
1324 4091 1368 4130 20.
1387 4076 1434 4131 ἐν·

132 4190 135 4196 .
225 4139 318 4212 τοῦθα]
335 4141 362 4196 ἐν
373 4141 456 4215 τούτῳ
470 4140 501 4195 Β.
618 4158 660 4196 21.
680 4142 765 4212 φησὶν
776 4159 831 4196 om.
847 4142 879 4196 Β.
995 4143 1038 4197 26.
1056 4141 1109 4215 ὅτι]
1126 4150 1155 4209 †
1170 4146 1186 4198 δ
1199 4143 1250 4199 Ed.
1263 4144 1348 4200 invito
1361 4144 1387 4199 B
1401 4157 1436 4203 ut

225 4229 315 4282 supra.
364 4212 437 4266 ἐστὶν
447 4213 498 4283 γὰρ
511 4214 525 4266 δ
538 4215 603 4269 Θεὸς
615 4212 678 4267 κατὰ
690 4211 774 4284 φῦσιν
786 4212 889 4281 ἀληθῶς
900 4212 980 4270 ὄντος
992 4213 1025 4268 Β.
