3038 5018
266 286 331 348 584,
479 274 483 280 ’
570 288 607 351 Β.
633 287 841 352 CYRILLI
870 286 1160 352 ALEXANDR.
1377 284 1467 349 vim.

266 450 498 553 χρηματίσαι,
524 455 583 530 καὶ
610 455 788 554 διαπρεπῆ
814 449 1022 553 κτήσασθαι
1045 449 1112 550 τήν
1134 446 1344 546 εὐλάβειαν.
1386 446 1470 551 ἔχεις

268 576 326 652 καὶ
351 583 457 655 τοῦτο
482 573 541 654 διὰ
568 579 631 676 τῆς
658 581 731 654 τῶν
749 581 948 681 προφητῶν
969 572 1215 680 προᾳδόμενον
1237 575 1379 678 φωνῆς.
1418 574 1472 648 καὶ

268 704 358 796 γοῦν
376 698 397 776 5
414 696 587 800 μακάριός
609 703 726 803 φησιν
741 699 923 802 Ἱερεμίας,
942 700 990 781 ὡς
1015 693 1106 799 πρὸς
1129 694 1194 776 τὸν
1214 695 1357 798 Κύριον
1375 694 1473 792 ήμιῦν

281 823 414 917 Ιησουν
432 855 496 901 τον
513 819 678 924 Χριστόν
696 832 718 869 “
731 817 821 900 Ὀτι
838 824 898 900 καὶ
917 825 951 900 οί
969 821 1126 926 ἀδελφοί
1147 852 1219 898 σου
1245 821 1307 898 καὶ
1335 819 1357 898 5
1382 813 1475 899 οἶκος

269 953 290 991 “
309 953 373 1024 τοῦ
391 944 528 1047 πατρός
545 978 626 1043 σου,
641 947 700 1024 καὶ
718 942 815 1024 οῦτοι
833 941 1015 1044 ἠθέτησιίν
1033 977 1088 1040 σε,
1103 945 1161 1022 καὶ
1179 943 1280 1022 αὐτοὶ
1299 941 1503 1042 ἐβόησαν,5

268 1077 291 1116 “
308 1071 345 1148 ἐκ
383 1074 457 1148 τῶν
489 1067 608 1149 ὀπίσω
645 1102 716 1147 σου
752 1066 1061 1173 ἐπισυυήχθησαν·
1106 1064 1156 1165 μή
1192 1063 1405 1170 πιστεύσῃς
1440 1065 1476 1143 ἐν

238 1234 240 1238 >
268 1198 290 1236 “
308 1192 438 1289 αὐτοῖς,
465 1190 521 1271 ὅτι
549 1189 762 1290 λαλήσουσι
790 1191 882 1294 πρὸς
911 1188 957 1271 σέ
985 1188 1116 1270 καλιί.”
1144 1194 1178 1268 οἱ
1205 1186 1277 1292 γὰρ
1307 1187 1477 1292 πρὸτῆς

267 1314 425 1399 πίστεως
463 1313 702 1414 ἁθετήσαντες
738 1316 903 1420 ἀδελφοί,
935 1316 994 1393 καὶ
1027 1311 1086 1393 διὰ
1118 1319 1190 1392 τῶν
1221 1313 1360 1416 ἀρτίως
1391 1312 1478 1412 ἡμῖν

268 1438 469 1540 εἰρημένων,
506 1439 697 1542 μονονουχὶ
734 1439 794 1516 καὶ
828 1442 1013 1533 καταβοᾶν
1048 1438 1309 1540 ἐπιχειροῦντες
1348 1438 1475 1533 αὑτοῦ,

268 1559 509 1665 συνήχθησαν
528 1560 587 1640 διὰ
612 1563 781 1658 πίστεως,
800 1558 1035 1660 λελαλήκασί
1055 1592 1094 1639 τε
1117 1557 1214 1638 καλὰ
1238 1561 1327 1663 περὶ
1351 1561 1475 1655 αὐτοῦ,
1490 1594 1517 1636 ιι

269 1686 329 1762 καὶ
356 1691 680 1790 προσωφελοῦντες
714 1683 863 1786 ἑτέρους,
896 1685 956 1763 καὶ
991 1689 1067 1767 τοῖς
1102 1685 1184 1784 περὶ
1215 1685 1280 1781 τῆς
1315 1684 1478 1769 πίστεως

240 1806 564 1910 σε’παγωνιζόμενοι
596 1804 733 1909 λόγοις.
775 1809 1011 1909 ἐπαγριίπνως
1045 1804 1083 1885 δὲ
1116 1805 1200 1885 λίαν
1228 1807 1249 1885 5
1281 1806 1479 1913 προφήτης

269 1926 450 2037 ἀδελφοὺς
467 1927 659 2030 ὀνομοίσας,
678 1928 836 2036 ἐπιφέρει
854 1928 1044 2034 χρησίμως
1061 1929 1110 2009 Ὀ
1129 1925 1224 2014 οἶκος
1248 1938 1318 2010 τοῦ
1340 1930 1481 2036 πατρός

270 2086 351 2152 σου,
369 2054 427 2133 ἵνα
451 2052 501 2155 μή
528 2056 588 2134 καὶ
614 2055 714 2132 αῦτοὶ
740 2050 927 2156 γεγονότες
953 2049 1090 2132 νοοῖντό
1115 2087 1192 2135 πως
1217 2054 1258 2133 ε’κ
1281 2058 1354 2154 τῆς
1373 2055 1482 2159 ἁγίας

270 2177 460 2282 παρθένου,
481 2184 627 2279 μᾶλλον
646 2175 683 2258 δὲ
704 2180 753 2262 ὡς
771 2178 810 2257 εἰς
827 2175 940 2277 μόνον
957 2173 1094 2279 πατρὸς
1111 2184 1175 2256 τοῦ
1192 2175 1354 2285 Ἰωσήφ.
1495 2206 1517 2264 ι,

240 2434 371 2519 6Λέςει
397 2440 454 2509 οὗν
481 2443 590 2510 αὐτοῖς
617 2444 786 2510 ὁἸιισοῦι
808 2441 850 2507 ‘0
879 2443 991 2530 καιρὸς
1018 2442 1037 2510 5
1063 2428 1143 2518 ἐμὸς
1169 2441 1264 2508 οὔπω
1293 2446 1471 2533 πάρεστιν,

422 2569 440 2633 ὁ
468 2568 504 2633 δε
533 2569 645 2657 καιρὸς
671 2569 689 2635 5
717 2569 873 2655 ἰμὲτεροο
899 2567 1040 2633 πάντοτέ
1066 2566 1154 2632 ἐστιν
1180 2571 1328 2644 ἕτοιμος.

102 2765 172 2822 899
185 2763 262 2819 M
328 2749 637 2848 Ἐπεσκιοισμένος
672 2752 726 2829 ἀεὶ
758 2756 822 2829 τοῦ
855 2751 1024 2850 Σωτῆρος
1055 2749 1075 2826 5
1108 2743 1231 2848 λόγος·
1271 2749 1374 2828 οὕτω
1410 2749 1482 2852 γὰρ

104 2889 226 2941 munit
272 2871 474 2976 γέγραπται
491 2874 713 2975 περὶαύτοῦ,
733 2871 789 2953 ὅτι
807 2881 829 2919 “
843 2876 900 2952 καὶ
928 2869 1030 2951 ἔσται
1052 2871 1072 2949 5
1098 2869 1287 2974 ἅνθρωπος
1305 2870 1482 2975 κρύπτων

106 2967 129 3004 ²⁸
272 3004 294 3045 “
311 2994 393 3080 τοῦς
421 2993 553 3099 λόγους
576 2997 720 3077 αῦτοῦ.”
757 2995 813 3076 ὅτι
840 2993 878 3075 δὲ
907 2996 964 3075 καὶ
992 3001 1098 3074 τοῦτο
1124 2991 1317 3099 χρησίμως
1344 2998 1478 3098 ε’πετη·
1495 3036 1517 3079 ιι

271 3119 400 3217 δεύετο,
428 3121 482 3203 τίς
510 3126 583 3200 τῶν
610 3121 648 3200 εὖ
677 3117 908 3227 φρονούντων
934 3118 999 3197 οῦκ
1027 3118 1101 3219 ἐρεῖ
1107 3148 1119 3214 ;
1161 3114 1252 3197 ιῦπιι
1280 3129 1483 3223 τοιγαροῦν

270 3244 474 3347 παῤῥησίας
490 3243 646 3346 ἀκράτου
666 3243 793 3353 καιρδς,
813 3244 939 3349 φησὶν,
959 3241 1044 3321 ἀλλ’
1065 3238 1146 3321 οῦδὲ
1171 3241 1391 3348 ἀναδείξεως
1417 3248 1482 3344 τῆς

271 3371 319 3449 είς
351 3365 513 3450 ἅπαντας
545 3367 850 3473 ἀπημφιεσμένως
887 3367 981 3445 οῦτω
1012 3368 1076 3464 τῆς
1105 3365 1288 3445 Ἰουδαίων
1316 3368 1483 3451 διανοίας

270 3488 531 3588 πεπαινομένης
563 3494 612 3571 εἱς
644 3490 805 3586 σύνεσιν,
834 3491 881 3572 ὡς
910 3486 994 3592 δίχα
1021 3493 1136 3587 θυμοῦ
1162 3489 1220 3566 καὶ
1247 3487 1363 3590 ὀργῆς
1395 3488 1482 3576 τοῦς

270 3610 355 3713 παρ’
393 3613 480 3707 ἐμοῦ
517 3609 695 3691 δυ’νασθαι
730 3615 896 3718 χωρῆσαι
934 3609 1079 3710 λόγους·
1130 3609 1216 3688 ἀλλ’
1254 3607 1336 3690 οὐδὲ
1380 3611 1481 3699 ὅλως
1493 3651 1517 3705 ²!

235 3731 509 3836 ογνωρίζεσθαί
541 3768 586 3832 με
623 3741 675 3843 τῷ
709 3732 838 3841 κόσμῳ
875 3741 939 3813 νῦν
971 3733 1117 3839 ἐφίησιν
1152 3733 1172 3811 5
1205 3731 1335 3834 καιρὸς,
1375 3738 1480 3817 οὔπω

269 3863 455 3940 παντελῶς
483 3858 763 3964 ἀποφοιτώντων
791 3862 854 3955 τῆς
881 3855 1027 3962 χάριτος
1054 3855 1246 3955 Ἰουδαίων,
1273 3859 1363 3937 ἀλλ’
1397 3859 1480 3940 οῦδὲ

270 3981 381 4063 οὕτως
419 3980 760 4083 ἐμπαροινησοὶυτων
796 3984 844 4065 είς
880 3977 951 4077 ε’μέ,
984 3981 1032 4063 ὡς
1068 3978 1138 4078 ἤδη
1175 3982 1303 4084 χρῆναι
1341 3981 1479 4063 λοιπὸν

270 4104 563 4205 μεθορμίσασθαι
595 4103 687 4206 πρὸς
720 4102 869 4205 ἑτέρους.
926 4101 1018 4183 ιῦπω
1045 4110 1237 4205 τοιγαροῦν
1266 4101 1324 4182 διδ
1359 4115 1479 4186 ταῦτα

309 4309 334 4346 2.
353 4299 403 4347 τῶν
416 4303 584 4364 assumptum
597 4312 629 4347 ex
643 4293 676 4348 B.
884 4311 925 4348 10.
945 4292 1127 4365 συνήχθησαν]
1144 4301 1173 4358 †
1189 4294 1216 4348 δὲ
1231 4293 1282 4348 Εδ.
1295 4295 1392 4351 invitis
1407 4299 1479 4354 131).

274 4380 315 4429 14.
334 4363 409 4434 ἁγίας
423 4365 454 4417 Β.
467 4366 591 4433 μακαρίας
604 4365 655 4419 Ed.
751 4379 791 4434 15.
809 4367 907 4435 πατρὸς
918 4368 998 4432 μόνου
1010 4367 1116 4419 inverso
1129 4364 1222 4418 ordine
1237 4364 1268 4417 Β.
1371 4369 1414 4423 16.
1433 4369 1479 4423 οῦν

271 4444 439 4514 assumptum
453 4453 484 4487 ex
501 4435 531 4488 B.
669 4451 711 4489 22.
730 4439 814 4505 φησιν
826 4446 886 4489 ante
898 4435 1011 4505 ἀκράτου
1023 4445 1057 4489 tr.
1074 4435 1105 4490 Β.
1242 4451 1285 4505 23.
1305 4434 1392 4510 οὕτω]
1407 4444 1479 4495 οὔπω

271 4504 382 4572 conjecn
395 4505 467 4558 Aub.
480 4506 506 4558 in
520 4523 575 4574 mg.
589 4515 658 4560 recte
671 4516 701 4559 ut
715 4505 826 4559 videtur.
938 4523 981 4572 24.
1000 4505 1175 4574 πεπονημένης
1190 4505 1221 4560 Β.
