3038 5018
63 1551 81 1612 5

46 2127 85 2167 10

47 2653 85 2714 15

519 895 867 971 ΚΕΦΑΛΑΙΑ

355 1153 405 1200 ΤΑ
440 1154 494 1201 BN
529 1154 591 1202 ΤΩι
626 1154 823 1203 ΠΕΜΠΤΩι
858 1154 1029 1205 ΒΙΒΛΙΩι.

95 1377 125 1414 α.
143 1348 216 1414 ’Ότι
232 1354 306 1415 κατὰ
320 1348 483 1431 Ἑλλήνων
499 1354 622 1433 ἀμαθεῖς
636 1354 789 1433 ῦπονοίας,
804 1354 840 1419 οῦ
859 1358 923 1422 ταῖς
943 1355 1031 1435 ὥραις
1052 1353 1091 1420 ὣς
1110 1349 1147 1431 ἐξ
1164 1350 1296 1433 ἀνάγκης

225 1455 377 1519 ῦπόκειται
403 1457 441 1518 rb
465 1455 533 1520 καθ’
557 1456 643 1536 ἡμᾶς,
666 1454 737 1521 ἄλλ’
761 1458 793 1521 ἐκ
815 1455 1016 1538 προαιρέσεως
1038 1456 1113 1523 ίδίος
1137 1456 1188 1519 tet
1206 1479 1240 1520 τε
1261 1453 1295 1518 τδ

227 1557 340 1637 ἀγαθὸν
357 1560 403 1622 καὶ
423 1559 458 1621 τδ
479 1560 617 1623 ἐναντίαν
631 1560 791 1642 ἐρχόμεθα,
807 1561 856 1623 καὶ
871 1560 916 1623 δτι
931 1564 993 1627 τοῖς
1008 1563 1061 1622 τοῦ
1074 1563 1157 1624 Θεοῦ
1172 1560 1296 1638 νεύμασι

227 1663 425 1740 διοικούμεθα·
449 1660 641 1743 προκειμένου
655 1663 744 1743 ῥητοῦ
754 1660 898 1741 Ἐζήτουν
912 1662 1002 1727 αὐτὸν
1016 1661 1123 1728 πιάσαι
1140 1662 1188 1726 καὶ
1203 1661 1297 1728 αύδεὶς

228 1764 380 1843 ἐπέβαλεν
409 1764 454 1829 έπ’
487 1764 576 1829 αῦτδν
604 1767 657 1832 τὰς
686 1772 789 1848 Χεῖρας
818 1766 863 1829 δτι
893 1768 974 1831 οὕτω
1008 1768 1150 1846 ἐληλύθει
1182 1767 1201 1846 ἡ
1235 1765 1298 1844 ὥρα

228 1869 326 1932 αὐτοῦ.
1199 1868 1292 1952 [451]

98 2011 131 2080 β.
147 2002 220 2068 Ὀτι
240 2008 315 2083 μετδ
337 2004 390 2068 τὸν
408 2010 461 2069 τοῦ
482 2009 618 2086 Σωτῆρος
637 2006 766 2086 σταυρδν
785 2007 859 2069 κατδ
878 2005 932 2085 τὴν
949 2007 981 2069 έκ
1002 2010 1115 2086 νεκρῶν
1129 2005 1332 2083 άναβίωσινῑ)

230 2109 375 2192 ένῳκίσθη
401 2107 515 2188 παγίως
540 2109 665 2189 ἡμῖντὸ
687 2107 797 2190 Ἀγιαν
819 2112 951 2188 Πνεῦμα·
989 2107 1184 2189 προκειμένου
1209 2109 1298 2189 ῥητοῦ

229 2212 320 2276 otro
337 2214 393 2293 γὰρ
409 2210 447 2291 ἦν
462 2215 587 2291 Πνεῦμα
603 2213 649 2276 ὅτι
662 2210 781 2292 Ἰησοῦς
796 2211 911 2276 οὐδέπω
926 2211 1083 2291 ἐδοξάσθη.
1200 2210 1292 2294 [470]

100 2371 129 2425 γ.
148 2343 222 2409 Ὀτι
236 2344 271 2407 ού
286 2349 336 2424 τῆς
351 2342 504 2409 Ἰουδαίων
521 2347 626 2429 ἰσχύος
640 2346 731 2428 έργον
745 2345 783 2426 ἣν
798 2345 832 2409 sd
848 2346 897 2410 ἐπὶ
917 2348 957 2431 τῷ
978 2349 1094 2432 σταυρῷ
1109 2344 1214 2422 πάθος,
1230 2345 1298 2409 οὐδὲ

229 2450 262 2512 ἐκ
284 2451 335 2526 τῆς
357 2473 448 2512 τινων
468 2450 643 2527 πλεονεξίας
665 2448 814 2513 ἀπέθανεν
833 2451 849 2512 ὁ
870 2448 1011 2530 Χριστὸς,
1027 2447 1096 2512 ἀλλ’
1116 2447 1202 2515 ούτδς
1223 2450 1298 2512 έκδν

229 2555 315 2614 τοῦτο
336 2553 410 2632 ὑπὲρ
432 2552 515 2631 ἡμῶν
537 2551 700 2630 πέπονθεν,
722 2554 771 2615 ἵνα
792 2552 905 2619 πάντας
927 2552 1070 2638 διασείσῃ·
1105 2549 1299 2632 προκειμένου

229 2655 319 2735 ῥητοῦ
333 2659 435 2718 Ταῦτα
455 2657 492 2719 rh
511 2653 627 2736 ῥήματα
647 2653 801 2733 έλάλησεν
816 2656 850 2719 έν
863 2659 904 2741 τῦ
925 2654 1133 2740 γαζοφυλακίῳ
1153 2652 1300 2719 διδάσκων

230 2758 264 2821 έν
278 2758 319 2843 τῷ
343 2757 411 2842 ἱερῷ
434 2757 481 2821 καὶ
503 2758 600 2823 οὐδεὶς
621 2758 746 2822 έπίασεν
762 2757 853 2822 αύτδν
871 2759 916 2822 ὅτι
936 2759 1017 2822 οὔπω
1039 2755 1220 2838 ἑλήλυθενη
1239 2757 1302 2837 ὥρα

231 2861 331 2924 aeos.
1202 2859 1295 2945 [49⁶]

139 3020 197 3075 Lib.
207 3020 242 3074 V.
260 3020 351 3076 Codex
366 3020 399 3076 B.
447 3022 530 3077 Hunc
543 3030 569 3076 et
584 3025 742 3093 sequentem
755 3020 866 3075 Librum
879 3038 911 3075 ex
924 3021 983 3091 ipso
995 3020 1087 3076 codice
1101 3021 1123 3075 B
1136 3022 1302 3092 transcripsit

102 3091 166 3146 olim
187 3091 273 3146 Lucas
297 3091 463 3156 Holstenius‚
486 3092 666 3146 Bibliothecae
688 3091 848 3146 Barberinae
870 3090 1031 3155 Praefectus,
1051 3092 1128 3163 cujus
1147 3092 1303 3163 ἀπόγροφαν

102 3168 291 3217 conservatum
307 3171 348 3216 est
364 3162 444 3217 hodie
459 3164 488 3218 in
502 3162 668 3218 Bibliotheca
680 3161 841 3232 supradicta.
879 3160 973 3220 Quum
990 3171 1079 3216 sutem
1097 3161 1202 3216 mendis
1220 3171 1303 3217 scatet

103 3232 187 3287 codex
201 3231 234 3295 B,
247 3233 340 3303 (quem
352 3232 394 3287 his
405 3233 495 3289 vorbis
510 3233 649 3302 descripsit
661 3243 752 3287 noster
766 3231 872 3303 Heyse:
896 3231 947 3286 Est
964 3232 998 3287 ab
1016 3233 1124 3286 homine
1137 3233 1260 3287 illiterato
1271 3250 1302 3286 ac

103 3320 186 3373 paene
198 3302 278 3356 bruto
290 3303 337 3373 qui
345 3321 446 3368 vocem,
454 3313 485 3358 ut
496 3304 600 3373 opinor,
608 3301 734 3357 dictantis
746 3303 858 3375 alicubu
870 3301 904 3357 de
913 3303 1056 3357 vetustiore
1068 3301 1158 3357 codice
1169 3303 1303 3374 excipiens

104 3371 197 3426 auditu
209 3381 235 3425 et
247 3373 359 3436 calamo,
367 3375 441 3427 nullo
454 3380 588 3442 praeterea
599 3381 695 3428 auctus
708 3390 788 3427 sensu
801 3374 942 3437 sermonis,
950 3374 1023 3427 nulia
1031 3373 1174 3428 verborum
1186 3375 1303 3438 scientia,

105 3452 160 3496 tam
181 3441 258 3497 foeda
279 3444 370 3497 omnis
391 3442 548 3497 deformavit
569 3452 595 3497 st
616 3444 743 3514 corrupit,
764 3443 860 3497 utrix
880 3460 968 3497 unum
988 3444 1149 3498 vocabulum
1170 3445 1217 3499 reli
1235 3445 1304 3499 uerit

105 3530 211 3577 sanum,
230 3514 389 3584 legitimum,
408 3514 571 3581 Graecum)
599 3530 654 3567 non
675 3514 775 3568 mirum
793 3513 885 3577 est‚si
907 3512 951 3567 hie
970 3514 1023 3568 illic
1041 3515 1099 3568 viro
1117 3514 1196 3569 docto
1217 3463 1305 3569 ducac

107 3582 249 3637 Holstenio
264 3584 389 3638 temerius
405 3583 548 3654 corrigenti
565 3582 639 3638 haud
656 3601 740 3654 pauca
756 3583 886 3638 fallerent.
923 3583 1014 3656 Equo
1025 3584 1173 3657 ἀπογράφω
1184 3585 1265 3641 libros
1278 3603 1304 3639 r.

104 3661 131 3706 et
148 3654 184 3706 vi.
202 3652 285 3708 edidit
297 3654 443 3721 hubertus,
460 3663 491 3710 ut
509 3662 623 3708 testatur
640 3653 744 3725 ipse-in
763 3655 843 3725 primi
859 3654 939 3709 Tomi
958 3655 1120 3725 praefatione
1139 3657 1304 3728 (quanquam

106 3722 202 3776 menda
220 3741 290 3778 nova
308 3724 488 3780 introduxisse
506 3724 612 3780 ddefur
630 3723 787 3796 ἀπο-γράφου
804 3724 877 3779 illius
894 3724 1098 3794 transcriptor):
1117 3743 1202 3795 pauca
1215 3735 1306 3780 tamen

105 3793 250 3847 emendans
262 3803 322 3848 tum
334 3813 349 3849 e
361 3812 392 3850 co
413 3797 512 3851 'ectura
524 3806 583 3851 tum
595 3812 610 3850 e
620 3794 732 3849 Niketae
743 3794 845 3850 Catone
857 3795 885 3849 in
900 3794 928 3849 S.
937 3794 1071 3849 Joannem
1083 3812 1150 3876 quae
1162 3797 1190 3849 in
1204 3796 1306 3850 Biblio-

105 3862 183 3916 theca
195 3864 231 3917 D.
245 3864 277 3918 de
291 3814 592 3936 Harlaydtacloviensis
610 3866 736 3936 Episcopi
750 3875 906 3920 conservata
921 3873 985 3932 erat,
997 3864 1077 3919 hodie
1094 3882 1123 3918 m
1141 3865 1307 3920 Bibliotheca

108 3931 242 4003 imperiali
266 3934 409 3989 Parisiensi
434 3936 529 4008 Suppl.
555 3937 602 3992 Gr.
625 3950 685 4060 152.
731 3935 813 3990 Nunc
837 3944 927 3990 autem
949 3934 1068 3990 codicem
1093 3935 1182 4005 ipsum
1207 3935 1241 3990 B.
1266 3936 1307 3989 vir

107 4003 203 4057 doctus
223 4002 325 4058 Theod.
348 4005 439 4076 Heyse
460 4007 493 4061 ds
514 4024 584 4061 novo
604 4023 753 4072 concretis,
771 4014 858 4059 totum
878 4022 912 4059 ne
932 4005 961 4058 iu
978 4023 1010 4059 eo
1028 4006 1166 4076 ingenium
1183 4006 1307 4070 afferens,

107 4074 193 4127 multo
206 4074 389 4144 perfectiorem
402 4094 452 4146 pro
464 4077 565 4132 viribus
577 4081 682 4130 textum
694 4075 824 4130 exhibuit.
892 4075 994 4145 apitnm
1009 4073 1093 4129 Index
1106 4076 1180 4131 deest
1192 4077 1220 4131 in
1232 4079 1307 4147 Apo·

175 4142 211 4197 ho
226 4144 402 4200 Holsteniano
414 4156 481 4202 teste
495 4146 599 4218 Heyss:
619 4155 781 4217 quapropter
792 4163 807 4200 e
819 4144 910 4200 codice
922 4146 981 4215 ipso
993 4163 1054 4200 enm
1067 4146 1189 4202 hausisse
1201 4147 1308 4202 videtur

107 4161 181 4268 m·
235 4213 296 4271 6-8.
312 4215 387 4271 Haec
399 4215 617 4286 προκειμένου-ἡ
629 4218 684 4286 ὥρα
695 4218 774 4271 αὐτοῦ
786 4225 956 4270 accesserunt
967 4233 999 4269 ex
1010 4215 1043 4270 B.
1091 4215 1118 4271 6.
1130 4217 1220 4288 αῦτδν]
1231 4219 1308 4273 adrev

109 4285 186 4339 αὐτὸν
200 4284 262 4354 (sic)
273 4285 305 4339 B.
383 4303 425 4342 ro.
446 4286 519 4342 Haec
529 4286 866 4356 rpoeespr'voo-e‘bofcioop
880 4297 1049 4341 accesserunt
1060 4304 1092 4340 ex
1104 4287 1137 4342 B.
1211 4304 1252 4342 ra.
1270 4292 1307 4362 τῷ

109 4365 280 4445 assumptum
292 4374 325 4410 ex
339 4356 370 4410 B.
481 4374 522 4423 14.
539 4361 616 4412 τοῦτο
627 4358 693 4427 ύπὲρ
704 4356 777 4427 ἡμῶν
788 4356 859 4411 edidi
872 4356 1036 4426 approbante
1049 4355 1148 4428 Heyse.
1161 4358 1226 4428 ὑπὲρ
1239 4357 1309 4427 ἡμῶν

110 4429 187 4479 τοῦτο
199 4427 264 4494 υπὲρ
270 4425 363 4551 ιν’γμῦνΒ
360 4426 393 4482 Β.
406 4426 472 4497 ὑπὲρ
484 4427 554 4496 ἡμῶν
565 4432 642 4483 τοῦτο
656 4427 707 4483 Ed.
824 4443 918 4498 14-17.
939 4427 1015 4482 Haec
1026 4428 1309 4498 προκειμένου-αὐτοῦ

112 4512 268 4551 accesserun
293 4514 325 4551 ex
365 4537 372 4552 .
