3038 5018
225 288 289 350 242
530 289 567 352 B.
592 286 800 352 OYRILLI
831 287 1118 352 ALEXANDR.
1316 285 1429 370 iii.31.

226 450 350 552 γε’σθω
381 454 439 531 καὶ
472 452 529 532 ἐπὶ
557 450 692 537 παντὸς
724 451 885 555 ἀγγέλου
919 456 977 532 καὶ
1009 449 1190 551 δυνάμεως
1224 452 1374 549 λογικῆς
1405 448 1430 546 ἡ

226 572 335 681 λε’ξις·
376 574 540 680 ἔρχονται
565 576 638 680 γὰρ
666 579 713 661 ὡς
741 577 834 676 ἡμᾶς
855 576 900 683 ἐξ
922 577 1082 679 οὐρανῶν
1099 580 1133 655 οἱ
1157 572 1224 674 τὴν
1250 573 1325 652 ἅνω
1350 577 1429 652 δια·

226 699 409 800 τρίβοντες
433 697 552 797 πόλιν,
578 703 637 781 καὶ
663 701 900 794 ἀναβαίνουσι
927 701 987 779 καὶ
1014 697 1309 795 καταβαίνουσιν,
1329 697 1380 780 ὦς
1408 695 1430 774 ό

229 821 357 926 Σωτήρ
381 857 451 903 που
477 828 605 930 φησὶν,
622 826 680 905 ἐπὶ
703 822 768 904 τὸν
786 820 876 904 Υίύν
894 831 959 904 τού
977 822 1181 926 ἀνθρώπω.
1220 822 1260 901 τί
1274 821 1339 901 οὐν
1356 818 1431 923 ἄρα

226 947 306 1025 ἐστὶ
343 945 386 1027 τὸ
423 946 487 1027 τὸν
523 946 700 1051 μακάρων
736 944 945 1047 βαπτιστὴν
981 944 1158 1043 πεπεικύς,
1195 941 1238 1025 τὸ
1273 949 1465 1030 τολλοΐς5

228 1070 368 1169 ἕτοιμον
387 1077 435 1155 εἰς
452 1071 621 1178 ἐξουσίαν
638 1074 818 1153 ἀναθεῖναι
844 1069 944 1179 μόνῳ
971 1071 1045 1150 κατ’
1065 1070 1246 1177 ἐξαίρετον
1262 1072 1314 1174 τῷ
1331 1071 1428 1174 Υίῷ,

228 1197 287 1273 καὶ
315 1197 363 1278 ὡς
391 1196 445 1301 ἐφ’
466 1194 543 1279 ἐνὸς
569 1202 634 1275 τοῦ
663 1194 799 1275 ἀνωθεν
822 1195 1101 1290 καταβαίνοντος
1124 1198 1233 1274 εἰπεῖν
1250 1191 1295 1272 ‘0
1312 1189 1433 1272 ἀνωθεν

229 1315 424 1424 ἑρχόμιωςς
462 1323 554 1423 χρῆν
581 1318 653 1419 γάρ
682 1317 796 1419 δήπου
824 1323 1100 1399 κοινοποιεῖσθαι
1128 1323 1203 1402 τοῖς
1229 1316 1359 1399 ἄλλοις
1386 1312 1433 1394 τὸ

194 1440 381 1547 δάξίωμα,
400 1440 556 1543 λε’γοντα
575 1448 625 1522 Οί
651 1441 788 1522 ἀνωθεν
805 1442 990 1547 ἐρχόμενοι
1015 1439 1135 1521 ἐπάνω
1158 1438 1305 1520 πάντων
1322 1436 1431 1519 εἰσίν.

229 1566 314 1642 ἀλλ’
346 1562 441 1645 οἶδεν
470 1569 520 1645 ἑνὶ
551 1573 603 1673 τῷ
632 1571 711 1673 Υίῷ
741 1563 784 1645 τὸ
815 1569 913 1669 ῥῆμα
948 1564 1253 1670 χρεωστούμενον,
1284 1565 1333 1646 ὡς
1366 1564 1435 1662 τῆς
1451 1597 1488 1639 ιο

229 1687 399 1768 ἀνωτάτω
426 1686 522 1791 ῥίζης
549 1688 773 1796 ἐκπεφυκότι.

286 1813 430 1891 Οὐκουν
448 1813 518 1915 ἀρα
536 1811 579 1892 τό
596 1811 762 1894 Ἀυωθεν
779 1814 945 1912 σημαίνει
963 1813 1005 1893 τό
1022 1811 1095 1920 Ἐξ
1111 1813 1272 1916 οὐρανοῦ·
1301 1808 1435 1912 νοηθῆ-

229 1968 334 2014 σεται
358 1934 396 2015 δέ
420 1942 575 2035 μᾶλλον,
595 1934 755 2037 καθάπερ
781 1934 850 2035 ἤδη
874 1939 1103 2039 προείπομεν,
1122 1936 1282 2030 εὐσεβῶς
1306 1968 1347 2014 τε
1371 1938 1435 2014 καὶ

229 2060 385 2158 ἀληθῶς.
424 2066 500 2143 πῶς
520 2058 590 2163 γὰρ
610 2059 704 2144 ὅλως
722 2059 826 2139 ἔσται
844 2063 903 2140 καὶ
922 2057 1035 2141 ἑτάνιν
1053 2060 1196 2157 πάντων,
1215 2065 1244 2139 εί
1261 2057 1311 2160 μὴ
1329 2056 1434 2138 τὸέκ

230 2180 376 2287 Πατρός
393 2184 559 2283 σημαίνει
578 2184 620 2264 τό
638 2181 815 2282 Ἀνωθεν,
827 2182 928 2263 ἀλλά
945 2191 1091 2284 μᾶλλον
1104 2180 1145 2264 τό
1162 2183 1236 2290 Ἐξ
1251 2182 1430 2285 οὐρανοῦ,
1451 2206 1487 2272 15

228 2306 331 2385 ἔσται
357 2305 439 2408 γὰρ,
462 2305 508 2387 ἀν
530 2309 643 2392 οὕτως
667 2306 741 2412 ἔχη,
765 2308 825 2385 καὶ
849 2307 1001 2392 ἕκαστος
1027 2312 1101 2387 τῶν
1122 2307 1235 2409 ἁγίων
1259 2304 1433 2408 ἀγγέλων

228 2428 347 2509 ἐπάνω
374 2426 531 2528 πάντων,
560 2433 608 2514 ὡς
635 2432 764 2510 ἐκεῖθεν
791 2429 989 2534 ἐρχόμενος·
1027 2428 1181 2512 ἑκάστου
1210 2428 1249 2511 δέ
1278 2427 1429 2536 διαφεύ·

199 2584 357 2651 ογοντος
375 2551 418 2633 τὸ
436 2555 702 2656 ἐναριθμεῖσθαι
720 2560 793 2638 τοῖς
811 2560 936 2652 πᾶσιν,
955 2551 1027 2634 ἀπὸ
1046 2556 1153 2634 τίνων
1171 2552 1222 2633 ἐτι
1238 2551 1281 2634 τό
1302 2549 1435 2633 Πάντα

229 2675 501 2780 συναχθήσεται
517 2710 528 2774 ;
560 2674 582 2777 ἦ
601 2683 679 2761 πῶς
697 2675 743 2756 ἂν
760 2677 844 2776 ἡμῖν
861 2679 882 2757 ὁ
899 2685 964 2757 τοῦ
985 2675 1114 2757 Πάντα
1132 2676 1245 2780 λόγος
1270 2677 1436 2780 ἀκέραιος

230 2800 414 2899 διαμείναι,
427 2800 613 2904 διασάζων
628 2804 796 2904 ἀκριβῶς,
811 2799 831 2880 δ
849 2803 1039 2901 σημαίνειν
1056 2803 1238 2898 βούλεται,
1251 2800 1436 2903 τοσαύτης
1449 2834 1489 2884 ἰο

228 2923 399 3026 ἀγγέλων
411 2924 668 3032 ἀποφοιτιόοης
684 2923 858 3025 πληθύος,
869 2928 928 3004 καὶ
946 2926 1205 3028 παραλυοόσης
1223 2932 1287 3006 τοῦ
1303 2923 1437 3005 Πάντα

229 3047 294 3129 τὸν
312 3048 419 3152 όρον;
451 3049 565 3128 οὐκέτι
589 3047 660 3152 γάρ
682 3050 813 3144 πάντα,
832 3047 1012 3146 μενόντων
1030 3046 1139 3146 ἐκτὸς,
1156 3049 1257 3151 οἵπερ
1278 3045 1378 3147 ἦσαν
1396 3051 1437 3128 ἐν

229 3179 356 3253 πᾶσιν.
388 3175 408 3252 ὁ
427 3173 468 3254 δέ
483 3207 524 3275 γε
543 3173 703 3277 ἀῤῥήτως
720 3173 759 3250 ἐκ
777 3177 874 3250 θεοῦ
894 3168 1039 3274 Πατρός
1057 3171 1281 3279 ἀναλάμψας
1299 3168 1437 3273 Λόγος,

231 3292 434 3398 ἰδιάζουσαν
467 3297 560 3400 ἔχων
592 3294 658 3396 τὴν
690 3296 826 3375 ἀνωθεν
857 3296 1037 3398 γέννησιν,
1070 3298 1129 3376 καὶ
1165 3295 1327 3399 καθάπερ
1357 3294 1437 3377 ἀπὸ

229 3421 349 3519 πηγῆς
392 3423 457 3518 τῆς
500 3428 565 3499 τοῦ
603 3416 750 3522 Πατρός
787 3419 912 3504 οὐσίας
951 3417 1122 3524 ὑπάρχων
1160 3420 1330 3527 ἐρχόμενος
1366 3420 1437 3501 οὐκ
1451 3452 1488 3514 τε

62 3565 122 3620 163
133 3563 175 3620 A.
199 3540 393 3642 αάδικήσει
420 3541 462 3623 τό
493 3542 630 3641 Πάντα,
658 3540 700 3624 τό
728 3545 767 3622 ἐν
793 3549 909 3623 πᾶσιν
937 3545 986 3626 ὡς
1012 3542 1118 3646 μέρος
1147 3540 1316 3648 τετάχθαι
1348 3546 1433 3624 δια·

229 3665 370 3771 φυγάν·
411 3665 516 3747 ἔσται
548 3665 588 3745 δέ
619 3674 764 3767 μᾶλλον
798 3664 910 3748 ἐπάνω
942 3668 1085 3763 πάντων,
1115 3670 1164 3751 ὡς
1196 3666 1314 3771 ἕτερος
1344 3666 1435 3771 παρ’

228 3787 333 3887 αὐτὰ,
353 3791 412 3869 καὶ
437 3789 548 3896 φύσει
574 3794 633 3871 καὶ
658 3791 803 3889 δυνάμει
829 3796 1020 3893 amparet
1039 3793 1097 3870 καὶ
1120 3797 1194 3874 τοῖς
1220 3789 1348 3874 ἄλλοις
1366 3798 1437 3871 τοῦ

228 3912 470 4015 γεννήσαντος
498 3914 701 4012 ἰδιιόμασιν.

266 4117 291 4154 2.
310 4099 357 4172 ὣς]
370 4102 435 4172 πρδς
451 4100 483 4155 Β.
540 4103 565 4154 οί
583 4101 629 4170 τὴν
646 4101 698 4156 ἅνω
716 4099 891 4170 διατρίβοντες
911 4098 943 4153 B.
957 4101 1089 4169 τρίβοντες
1107 4099 1160 4154 Ed.
1197 4097 1333 4153 Neutrum
1350 4096 1437 4155 habet

230 4171 325 4242 Μίμας
337 4172 383 4243 qui
396 4181 422 4225 et
434 4171 546 4226 verbum
559 4190 598 4244 sq.
612 4188 666 4226 om.
749 4188 776 4241 3.
794 4169 910 4239 ὀῖωτίγρ
922 4180 1091 4240 assumptum
1103 4188 1136 4224 ex
1150 4169 1182 4224 B.
1267 4181 1293 4235 5.
1311 4172 1437 4228 πεπτικὸς

229 4252 290 4295 ante
302 4244 347 4297 τδν
358 4243 482 4312 μακάρων
494 4252 527 4296 tr.
542 4242 574 4296 Β.
694 4242 720 4296 6.
738 4242 831 4310 ἔτυμον
845 4240 877 4294 Β.
926 4241 1103 4311 κατεξαίρετον
1116 4241 1152 4294 D.
1279 4254 1320 4293 12.
1340 4243 1437 4297 οὔκουν
1476 4280 1486 4287 -

231 4311 263 4366 B.
276 4312 322 4367 οὐκ
335 4313 386 4367 Ed.
466 4330 506 4383 ¹3·
525 4315 628 4382 μᾶλλον
640 4321 809 4383 asumptum
821 4329 853 4366 ex
868 4311 899 4366 Β.
981 4311 1021 4365 16.
1039 4310 1346 4398 ἁγίωνοςςυωριυωοι
1360 4309 1438 4398 Β.Ῑ)ζ

228 4383 307 4508 aa?
318 4386 578 4522 0²33⁸1¹3¹m⁹²⁰¹¹¹31
592 4382 816 4524 λοφὶίξὲἷάο·
920 4379 1437 4524 ’ἓὲδίιίίίβῖίίμίβῖδίὲἶίἶι“

297 4524 380 4579 Mt.
393 4541 447 4578 om.
462 4525 494 4579 B.
