3038 5018
92 280 158 363 λλ
252 284 340 351 ·IN
370 287 403 351 S.
428 285 684 355 JOANNEM.
730 288 827 357 LIB.
851 289 878 354 Ι.
925 289 1028 355 CAP.
1047 289 1108 354 VI.
1250 292 1291 355 79

91 446 193 550 παρὰ
217 446 283 548 τὴν
300 452 431 548 κτίσιν,
450 456 561 550 δῆλον
583 451 621 532 δὲ
646 451 701 533 ὅτι
727 454 819 532 κατὰ
845 453 1058 560 τὴνφύσιν,
1079 452 1103 554 ἢ
1129 450 1292 561 ὁμοφνῆς

93 573 218 676 ταύτῃ.
257 577 287 652 εί
311 572 377 672 μὲν
397 576 460 655 οὖν
482 575 646 680 ὃμοφνής
673 610 710 656 τε
739 578 819 656 ε’στὶ
844 580 902 656 καὶ
927 577 1131 678 ὁμοοιίσιος,
1148 583 1225 661 πῶς
1250 579 1292 657 ον’

92 696 329 800 διαψεάσεται
354 697 473 800 λέγων
491 710 513 746 “
526 699 626 801 Ἐγώ
654 706 724 799 εῖμι
754 702 774 779 6
802 701 909 804 άρτος
936 705 999 801 τῆς
1024 702 1113 806 ζωῆς
1138 705 1158 782 6
1182 735 1291 780 κατα·
1335 705 1446 834 ξὲᾞῑ·

93 829 116 865 “
134 819 269 912 βαίνων
285 822 325 901 ἐκ
343 829 406 902 τοῦ
425 824 590 925 οὐρανοῦ,
613 827 670 905 καί
689 822 781 928 ζωῆν
801 823 917 909 διδοὺς
941 831 992 934 τῷ
1018 823 1146 934 κόσμῳ
1158 826 1191 922 ;”
1220 823 1320 929 ἕχειο
1369 808 1376 829 ’

59 940 165 1047 5γῖιρ
192 940 214 1043 ῆ
242 945 358 1030 κτίσις
386 945 523 1028 οἴκοθεν
547 946 589 1027 τὸ
616 945 704 1028 εἶναι
730 948 811 1052 ζωὴ,
835 947 905 1053 ζωὴ
930 949 968 1029 δὲ
993 947 1081 1051 ζωῆς
1106 948 1291 1052 ἀμέτοχος,

91 1066 151 1147 ἵνα
178 1066 347 1174 φαίνηται
375 1070 457 1174 ζωή.
503 1068 599 1150 εἰδὲ
627 1072 691 1152 οὐκ
718 1072 818 1153 ἔστιν
846 1070 1019 1178 ὁμοφνῆς,
1049 1075 1107 1151 καὶ
1135 1067 1176 1151 τὸ
1204 1067 1292 1150 εἶναι

92 1188 241 1293 γενητὸς
258 1193 495 1301 διαφεύξεται,
514 1193 743 1302 συνεξέλκων
761 1198 876 1302 ἑαυτῷ
901 1199 964 1294 τῆς
991 1194 1140 1277 κτίσεως
1165 1197 1224 1274 καὶ
1249 1193 1291 1274 τὸ

92 1315 181 1395 ’ίδιον
198 1314 348 1417 ἀγαθόν.
389 1316 520 1423 οὐγὰρ
539 1319 562 1418 ῆ
581 1320 698 1403 κτίσις
722 1319 826 1400 ἔσται
851 1316 942 1399 κατὰ
969 1317 1083 1425 φύσιν
1102 1316 1182 1421 ζωὴ,
1202 1316 1292 1421 ζωῆς

92 1437 130 1518 δὲ
147 1444 293 1538 μᾶλλον
311 1440 457 1543 δεομένη
476 1445 534 1522 καὶ
552 1445 714 1548 με’τοχος.

43 1604 80 1646 ιο
148 1593 250 1640 Almo.
279 1569 325 1644 Εί
346 1564 416 1669 ζωὴ
436 1565 528 1646 κατὰ
547 1566 661 1673 φύσιν
679 1565 851 1671 ὑπάρχων
870 1568 891 1645 6
910 1564 1009 1664 Υἱὸς,
1029 1562 1192 1672 ὁμοφνῆς
1210 1566 1320 1644 ε’στιο
1360 1590 1404 1646 53
1418 1590 1458 1646 A.

93 1693 166 1772 τοῖς
197 1690 454 1788 πεποιημένοις,
483 1689 542 1770 διὰ
570 1689 612 1770 τὸ
639 1689 690 1790 μῆ
719 1689 889 1795 ὑπάρχειν
916 1692 956 1770 ἐκ
982 1692 1047 1788 τῆς
1074 1689 1200 1774 οὐσίας
1227 1696 1291 1769 τοῦ

93 1815 188 1892 θεοῦ
216 1813 275 1891 καὶ
295 1810 451 1916 Πατρὸς,
470 1815 562 1893 κατά
585 1848 627 1916 γε
653 1813 717 1894 τὸν
734 1814 819 1916 παρ’
839 1814 980 1897 ἐκείνοις
999 1811 1124 1915 λόγον,
1143 1811 1228 1893 ίντον
1247 1810 1291 1912 δὴ

91 1932 197 2038 χάριν
216 1935 236 2014 6
254 1935 426 2041 μακάριος
443 1936 657 2044 ψαλμῳδὸς,
676 1934 845 2041 οὐρανοῖς
862 1936 929 2036 μὲν
947 1939 1168 2017 ἀπολεῖσθαί
1182 1943 1289 2043 φησι,
1335 1950 1378 2066 ξι·
1390 1953 1421 2003 ci·

91 2060 150 2136 καὶ
178 2060 226 2142 ὣς
254 2058 393 2158 ἱμάτιον
419 2059 755 2162 παλαιωθῆσεσθαι·
796 2059 950 2143 ἴδιονδέ
983 2059 1123 2163 ὥσπερΙ
1142 2061 1291 2142 ἀνετίθει
1354 2026 1376 2080 7’

43 2212 78 2274 ¹5
92 2181 200 2284 γε’ριις
224 2183 320 2291 αὐτῷ
339 2194 360 2232 “
376 2182 430 2265 Σὺ
455 2182 492 2263 δέ
520 2187 540 2264 6
565 2183 671 2269 αὐτὸς
697 2181 737 2284 εἷ,
755 2190 864 2284 βοῶν,
882 2187 941 2264 καὶ
968 2182 1015 2264 τά
1041 2182 1102 2285 ἕτη
1129 2218 1200 2264 σον
1227 2186 1291 2265 οὐκ
1335 2209 1430 2263 1b.28.

92 2313 115 2352 “
132 2306 401 2413 ἐκλείψονσιν.”
438 2305 553 2412 ἢγάρ
576 2311 764 2390 ἀπολεῖται
787 2311 846 2388 καὶ
870 2309 1027 2415 ἐκλείψει
1053 2305 1123 2388 σὺν
1141 2308 1226 2407 ἡμῖν
1243 2310 1291 2393 ὡς

90 2426 264 2535 ὀμοφυῆς,
293 2433 353 2510 καὶ
385 2431 500 2511 οὐκέτι
532 2430 748 2533 νοηθῆσεται
781 2429 861 2534 ζω“,
892 2428 914 2532 ῆ
951 2435 1009 2512 καὶ
1038 2432 1131 2532 ἡμᾶς
1166 2437 1214 2517 είς
1248 2429 1290 2512 τὸ

90 2550 264 2636 ὠσαιίτως
289 2551 382 2657 ἔχειν
400 2556 455 2632 ἀεὶ
481 2555 539 2633 καὶ
563 2560 612 2639 είς
636 2554 868 2635 ἀνέκλειπτον
886 2556 975 2634 ε’τῶν
992 2551 1145 2658 άριθμῖιν
1162 2556 1221 2633 καὶ
1242 2559 1292 2639 είς

89 2674 134 2753 τὸ
161 2671 249 2754 εἶναι
271 2674 368 2779 ’ζωὴν
395 2676 586 2758 άνελκάσει
613 2680 636 2779 ἡ
663 2678 755 2783 πρὸς
788 2676 896 2758 αὐτὸν
923 2676 1103 2786 συνάφεια
1136 2676 1325 2785 φυσικῆο

43 2838 78 2880 ιο
90 2795 192 2878 ἀλλὰ
214 2795 287 2897 μὴν
306 2797 376 2907 ἕξει
401 2800 466 2899 μὲν
483 2799 590 2886 αὐτὸς
608 2801 780 2887 ὡσαύτως
798 2805 861 2900 άεῖ,
880 2802 980 2901 ἡμεῖς
1005 2798 1042 2881 δὲ
1062 2801 1288 2905 ἐκλείψομεν·

90 2921 157 3002 οὐκ
179 2921 251 3027 ἄρα
271 2923 419 3026 γενητὸς
441 2925 489 3009 ὠς
507 2927 616 3026 ἡμεῖς·
654 2928 740 3006 ἀλλ’
760 2927 901 3030 ἐπείπερ
926 2927 1027 3005 ἐστὶν
1051 2926 1089 3003 ἐκ
1112 2928 1175 3023 τῆς
1199 2921 1292 3003 κατὰ

90 3044 207 3153 φύσιν
224 3044 328 3149 ζωῆς,
350 3048 566 3152 ζωογονήσει
585 3053 643 3129 καὶ
661 3049 767 3134 αὐτὸς
785 3048 832 3133 ιῖς
850 3046 919 3152 ζωὴ
937 3045 983 3126 τὰ
1002 3044 1090 3148 ζωῆς
1107 3042 1266 3143 δεόμενα.

146 3201 247 3248 ιιιιιιο.
274 3176 320 3251 Ei
348 3171 451 3252 οὐδὲν
475 3175 601 3254 ἑαυτοῦ
627 3175 791 3280 μέτοχον,
816 3171 952 3276 μετέχει
980 3169 1018 3251 δὲ
1046 3171 1069 3270 ῆ
1097 3172 1223 3268 κτίσις,
1242 3172 1291 3255 ὥς

89 3293 190 3398 ζωῆς,
209 3305 273 3377 τοῦ
290 3303 394 3377 Υίοῦ·
426 3298 490 3377 οὐκ
516 3298 587 3401 ἄρα
609 3298 631 3397 ἡ
656 3298 773 3383 κτίσις
793 3293 910 3394 αὐτὸς,
929 3295 1014 3374 ἀλλ’
1035 3294 1114 3375 οὐδὲ
1133 3296 1155 3395 ἡ
1174 3295 1291 3380 κτίσις

43 3440 76 3502 25
89 3417 175 3523 ζωὴ,
195 3419 282 3523 ὅπερ
301 3422 401 3500 ἐστὶν
421 3424 441 3501 6
459 3419 559 3506 Υἱός.
1303 3457 1321 3500 ο

146 3575 246 3622 mo.
281 3550 327 3625 Εἰ
355 3543 397 3624 τὸ
426 3543 606 3648 ζωοποιεῖν
633 3541 753 3646 ἕτερόν
780 3546 872 3642 ἐστι,
899 3541 941 3623 τὸ
973 3540 1012 3621 δὲ
1044 3541 1291 3646 ζωοποιεῖσθαι

88 3665 220 3770 ἕτερον,
248 3671 295 3753 ὦς
324 3670 480 3774 ε’νέργεια
512 3673 571 3747 καὶ
604 3668 730 3765 πάθος,
758 3671 817 3748 καὶ
849 3667 1013 3771 ζωοποιεῖ
1041 3669 1106 3764 μὲν
1136 3667 1156 3745 6
1184 3664 1307 3762 Υἱὸς,

88 3790 307 3896 ζωοποιεῖται
335 3791 372 3873 δὲ
402 3793 424 3892 ῆ
453 3792 580 3876 κτίσις·
615 3793 679 3871 οὐκ
707 3789 934 3896 ἄρα’ταύτὸν
953 3787 1041 3875 Υἱὸς
1070 3792 1128 3867 καὶ
1156 3789 1288 3886 κτίσις,

87 3916 164 3997 ἐπεὶ
186 3915 275 4017 μηδὲ
300 3914 341 3996 τὸ
365 3918 531 4017 ἐνεργοῦν
552 3921 603 4023 τῷ
624 3913 871 4024 ἐνεργουμένη).

127 4158 152 4196 2.
171 4142 234 4212 οὔτῇ
249 4141 282 4197 Β.
330 4140 376 4196 οὖν
387 4157 440 4195 om.
455 4139 489 4196 Β.
614 4160 640 4208 4.
660 4140 688 4194 ιἰι
700 4143 746 4194 τοῦ
758 4140 867 4208 οὐρανοῦ
880 4087 1037 4201 καταβάίῖΒ.
1086 4206 1093 4225 Ι
1166 4152 1207 4218 13.
1225 4135 1289 4191 ἀπο-

88 4212 195 4294 λεῖσθαι
209 4212 242 4268 Β.
254 4211 401 4268 ἀπολίσθοι
413 4210 465 4266 Ed.
560 4224 601 4300 15.
607 4214 689 4298 poan
700 4228 754 4266 om.
768 4210 801 4265 Β.
876 4279 884 4299 ‘
895 4221 936 4279 17.
952 4209 1005 4297 ζωὴ
1018 4207 1171 4277 νοηθησιται
1184 4224 1289 4296 ωνετοο

88 4281 318 4424 (ἰχάῗχσίῖηηᾱ.
352 4283 393 4338 18.
411 4303 500 4353 ετερον
511 4298 561 4352 pro
573 4303 637 4338 ετων
649 4281 683 4336 Β.
808 4296 850 4352 19.
868 4281 997 4350 ανιλκνση
1011 4279 1047 4335 Β.
1166 4293 1210 4345 24.
1228 4284 1289 4364 γιον
