3038 5018
227 279 292 344 ιω
444 306 447 311 -
532 280 1125 347 Βοιατιαικαωκκυοα
1256 280 1428 368 vi.32,33.

227 443 370 552 ἐφεξῆς,
398 444 456 526 ὅτε
485 445 552 546 τήν
579 446 666 546 ἴσην
693 455 884 531 νοσοῦντες
912 448 1111 546 ἐπιθυμίαν,
1139 449 1198 527 καὶ
1225 445 1355 550 ἄρτους
1381 451 1431 529 είς

228 568 449 670 πλησμονὴν
476 574 534 651 καὶ
562 577 675 673 κρεῶν
702 567 943 678 ἐφαντάζοντο
976 570 1145 671 λέβητας,
1173 572 1231 651 καὶ
1266 572 1429 649 δυσωδε·

228 692 376 774 στάτων
394 695 587 798 κρομμύων
604 693 828 800 εῖσεδέχουτο
851 691 980 775 πόθον.
1019 695 1058 773 ἐν
1076 692 1147 797 γὰρ
1170 701 1245 779 τοῖς
1270 696 1431 798 ἀριθμοῖς

230 814 430 920 εὑρήσομεν
462 817 518 898 ὅτι
548 820 607 898 καὶ
638 817 898 920 τετιμώρηνταί
924 851 1025 914 τινες,
1058 821 1117 897 καὶ
1151 816 1336 918 Μνήματα
1366 822 1432 916 τῆς

230 937 416 1035 ἐπιθυμίας
442 938 463 1015 5
490 943 607 1044 χῶρος
633 938 782 1039 ἐκλήθη,
808 939 847 1016 έν
874 933 973 1045 ᾧπερ
1004 937 1308 1039 ἐστρατοπέδευον
1334 934 1467 1026 τότετ,

63 1049 254 1179 ἔχωμ
271 1059 373 1141 Ἐκεῖ
405 1059 478 1166 γὰρ
513 1061 670 1168 ἔθαψαν,
708 1062 816 1168 φησὶ,
848 1057 914 1141 τόν
949 1057 1042 1142 λαὸν
1077 1058 1141 1141 τόν
1174 1060 1430 1162 ἐπιθυμητήν.”

231 1184 359 1265 οὐκοῦν
377 1182 470 1287 πρὸς
493 1182 559 1284 μέν
583 1181 626 1263 τό
650 1190 796 1288 πρῶτον
818 1186 976 1287 ἐροῦμεν,
999 1182 1055 1263 ὅτι
1082 1182 1127 1285 δή
1153 1181 1297 1268 πάντως
1323 1186 1435 1289 ἐχρῆν

230 1314 427 1412 περιμεῖναι
457 1305 523 1392 τὰς
555 1309 752 1407 ἐπιθυμίας,
780 1309 874 1387 οὕτω
904 1341 944 1388 τε
976 1304 1107 1388 λοιπόν
1140 1308 1307 1411 εὐκαίρως
1339 1311 1430 1387 ἀνα·

232 1431 437 1512 δείκνυσθαι
473 1429 644 1537 χορηγόν·
688 1429 910 1535 χαριεστάτη
945 1427 1018 1535 γάρ
1055 1464 1133 1515 πως
1166 1433 1246 1511 ἐστὶ
1283 1439 1357 1516 τοῖς
1394 1433 1436 1511 εὖ

230 1560 413 1636 παθοῦσιν
439 1554 462 1653 ἡ
490 1555 603 1652 δόσις,
631 1552 720 1634 ὅταν
746 1555 856 1653 αίιτῆς
883 1587 975 1639 τινες
1006 1556 1345 1662 προαναφαίνωυται
1374 1554 1435 1635 καῖ
1451 1590 1492 1633 κο

230 1678 499 1783 προβαδίζωσιν
521 1679 655 1778 ἡδοναὶ,
679 1680 793 1784 διψῆν
817 1679 1076 1759 ἀναπείθουσαι
1103 1676 1146 1758 τὸ
1173 1680 1274 1760 οὔπω
1299 1677 1433 1783 παρόν·

232 1800 438 1903 αἰσθήσεως
466 1800 506 1883 δέ
532 1805 596 1901 τῆς
623 1802 858 1907 χαριεστερας
886 1797 1114 1904 ἀμοιρήσειεν
1141 1799 1187 1881 ιῖν
1214 1802 1236 1901 ή
1267 1811 1331 1882 τοῦ
1362 1804 1433 1882 ἀν·

233 1924 380 2030 θρίνπου
406 1926 522 2034 ψυχὴ,
549 1923 600 2026 μή
627 1932 706 2008 ταῖς
733 1929 782 2009 εὶς
809 1922 851 2005 τὸ
879 1924 918 2004 εὖ
944 1930 1073 2006 παθεῖν
1099 1923 1242 2023 ἡδοναῖς
1268 1958 1433 2028 προσυν-

204 2049 415 2151 οτεινομένη
442 2054 502 2132 καὶ
529 2049 729 2150 κάμνουσα.
775 2048 860 2127 ἀλλ’
888 2047 978 2132 ’ἴσως
1005 2047 1149 2149 αἴτησιν
1177 2046 1244 2147 μέν
1271 2050 1440 2148 οὐδαμῶς

233 2178 462 2276 γεγενῆσθαι,
475 2171 542 2273 τὴν
560 2175 608 2257 ὡς
626 2172 711 2275 παρ’
731 2169 871 2251 ἐκείνων
888 2173 986 2274 ἐρεῖς,
999 2169 1216 2274 γογγυσμδν
1233 2171 1273 2252 δέ
1289 2180 1440 2271 μᾶλλον
1457 2207 1472 2249 ι
1477 2204 1497 2266 5

234 2300 294 2378 καὶ
325 2295 554 2401 μετάγνωσιν
584 2301 643 2377 καὶ
673 2292 870 2395 καταβοήν·
922 2304 1028 2376 τοῦτο
1060 2294 1132 2398 γὰρ
1161 2293 1208 2395 ἦν
1235 2295 1347 2380 ὅντως
1378 2300 1442 2376 καὶ

232 2423 479 2523 ἀληθέιττερον
501 2425 622 2501 εῖπεῖν.
663 2416 755 2523 πρὸς
783 2416 828 2517 δὴ
857 2422 916 2499 καὶ
943 2416 1050 2498 τοῦτό
1078 2426 1208 2525 φαμεν,
1226 2418 1281 2500 ὅτι
1305 2420 1442 2524 πρέποι

233 2542 299 2644 μὲν
320 2542 365 2625 ἂν
386 2550 460 2628 τοῖς
483 2542 550 2644 μέν
574 2542 723 2627 τελείοις
746 2539 814 2642 τὴν
836 2541 967 2651 έξιν,ἡ
996 2540 1041 2622 δι’
1063 2543 1251 2650 ἐντεύξεως
1278 2543 1439 2644 αἴτησις·

234 2664 461 2770 ῖσομοιρήσει
501 2666 544 2746 δέ
582 2701 660 2750 πως
696 2667 787 2772 αὐτῇ
824 2669 883 2746 καὶ
919 2667 941 2746 5
978 2673 1052 2746 των
1087 2666 1359 2770 ἀσθενεστέρων
1396 2667 1447 2775 ἐξ

233 2788 438 2893 affilas-,52
467 2789 564 2876 ὅπως
592 2788 638 2869 ιῖν
658 2788 809 2893 γένοιτο,
833 2787 1058 2892 γογγυσμός·
1092 2790 1301 2894 χαλεπαίνει
1328 2789 1367 2871 δέ
1397 2793 1444 2872 οὐ
1459 2823 1499 2864 το

233 2911 378 2998 πάντως
414 2914 672 3023 φιλάνθρωπος
707 2911 759 2993 ὧν
791 2914 812 2992 ὁ
848 2909 995 2993 πάντων
1025 2911 1167 3017 Σωτήρ.
1218 2913 1329 3018 όνπερ
1365 2914 1446 3018 γὰρ

233 3037 369 3143 τρόπον
387 3046 462 3125 τοῖς
479 3039 531 3120 ἔτι
549 3043 678 3144 κομιδῇ
697 3036 834 3139 νηπίοις
852 3038 873 3117 ὁ
891 3034 1076 3137 κλαυθμός
1093 3036 1174 3117 ἔσθ’
1194 3036 1253 3118 ὅτε
1271 3047 1451 3121 συντελεῖ

200 3163 325 3266 δτρὸς
360 3163 507 3265 αἴτησιν
540 3168 615 3245 τῶν
650 3159 843 3267 χρησίμων
879 3161 1013 3259 αὐτοῖς,
1053 3163 1112 3241 καὶ
1149 3166 1312 3242 καλεῖται
1347 3162 1448 3266 πρὸς

234 3286 418 3388 ἔρευνανή
443 3297 599 3368 τεκοῦσα
623 3285 684 3368 διὰ
705 3285 835 3366 τοιίτου
859 3282 1040 3369 πολλάκις
1060 3288 1134 3364 τῶν
1155 3285 1194 3366 ἐν
1216 3285 1361 3385 ἡδοναῖς
1391 3293 1447 3396 τῷ

233 3410 374 3518 βρέφει,
402 3413 496 3492 οὕτω
527 3417 602 3496 τοῖς
635 3410 688 3490 ἐτι
720 3407 859 3509 νηπίοις
891 3411 951 3488 καὶ
982 3407 1184 3510 βεβηκόσιν
1216 3409 1318 3489 οὕτω
1347 3409 1446 3514 πρὸς
1461 3439 1499 3501 ²5

214 3531 396 3633 σύνεσιν,
420 3535 441 3614 5
469 3533 514 3643 ἐξ
539 3536 696 3634 ἇκηδίας,
719 3533 763 3614 ἵν’
790 3534 902 3617 οὕτως
930 3532 1028 3630 εἴπω,
1053 3529 1239 3633 κλαυθμός
1265 3530 1448 3634 αἰτήσεως

233 3656 306 3763 έχει
334 3657 485 3758 δύναμιν
508 3655 575 3758 τήν
597 3661 647 3741 ὡς
672 3657 765 3760 πρὸς
787 3652 893 3738 Θεόν.
940 3653 1083 3760 κολάζει
1110 3653 1149 3735 δέ
1174 3657 1239 3737 οὐκ
1267 3658 1305 3737 έν
1326 3658 1467 3764 &mis

234 3783 351 3863 καίτοι
375 3785 435 3862 καὶ
457 3789 535 3866 ταῖς
558 3780 697 3885 γηίναις
715 3781 914 3880 ἐπιθυμίαις
933 3778 1156 3880 ἡττωμένους
1174 3781 1280 3886 ὀροῖν,
1297 3781 1387 3860 ἀλλ’
1406 3785 1448 3862 ἐν

235 3905 362 4004 μέσοις
392 3906 462 4006 ἤδη
495 3911 570 3991 τοῖς
602 3902 755 4010 χρόνοις,
786 3905 829 3983 δι’
863 3904 980 3985 αἰτίαν
1011 3904 1192 4005 τοιαύτην,
1223 3903 1272 3990 ὥς
1302 3939 1348 4006 γε
1381 3941 1448 4007 μοι

237 4030 416 4134 φαίνεται.
455 4030 556 4110 οὔπω
574 4028 640 4128 μέν
657 4026 728 4131 γὰρ
752 4026 795 4109 τό
818 4025 937 4126 μάννα
961 4025 1138 4121 λαβόντες
1162 4033 1197 4107 αῖ
1222 4033 1354 4108 νεωστὶ
1377 4035 1448 4130 τῆς
1463 4057 1503 4115 30

206 4154 450 4256 οΑίγυπτίων
474 4149 783 4254 ἀποδημήσαντες,
808 4150 889 4232 οὐδὲ
916 4150 980 4232 τὸν
1008 4151 1119 4255 ἄρτον
1143 4150 1284 4258 ἔχοντες
1310 4149 1379 4233 τὸν
1403 4154 1452 4262 ἐξ

273 4385 300 4442 5.
319 4370 567 4443 ἐστρατοπεδεῦοιτο
581 4370 614 4427 B.
722 4370 749 4427 6.
806 4371 836 4428 σῖ
848 4389 903 4428 om.
917 4370 951 4426 B.
1005 4375 1057 4427 τῶν
1067 4372 1139 4426 λαῶν
1151 4371 1185 4426 Β.
1294 4386 1340 4428 11.
1359 4371 1454 4467 oon]

237 4441 306 4496 οὕτω
320 4442 353 4496 Β.
453 4442 494 4496 16.
513 4441 819 4512 fivmumptumex.
923 4456 966 4514 17.
984 4440 1063 4515 πρὸς]
1078 4444 1196 4514 καὶπρὸς
1209 4441 1241 4497 B.
1342 4444 1390 4501 28.
1410 4467 1456 4504 και

238 4529 294 4566 om.
309 4512 342 4566 B.
450 4530 495 4583 30.
513 4519 564 4569 τῶν
576 4530 625 4583 pro
636 4515 683 4582 τῆς
696 4512 729 4567 B.
