3038 5018
231 279 297 342 ιοο
533 276 574 342 Β.
597 274 803 341 cmm
834 270 1121 338 ιοοκκυοο.
1256 266 1433 352 vi.32,33.

232 439 458 544 ἐργαζόμενοι
485 438 550 538 μέν
576 439 620 519 τὸ
651 438 824 541 παράπαν
852 437 953 518 οῦδέν
979 444 1031 546 τῷ
1060 441 1155 544 Θεῷ,
1183 435 1282 540 μόνῳ
1313 432 1350 511 δέ
1382 434 1435 535 τῷ

233 564 395 671 διαβόληι
412 573 596 647 τελοῦντες
618 562 664 643 τά
688 561 954 663 θυμηρέστατα,
974 562 1033 642 καὶ
1057 560 1218 660 καθάπερ
1243 564 1291 641 είς
1315 555 1435 656 πηλὸν

233 686 257 789 ἢ
285 687 431 786 δυσώδη
458 687 652 790 βόρβορον,
679 687 745 772 τὰς
773 691 837 786 τῆς
867 685 1071 788 ἀκαθάρτου
1103 678 1239 786 σαρκός
1267 713 1431 777 καταπηε

234 816 364 897 διῦντες
407 810 547 911 ἡδονὰς,
586 810 744 910 ἀμισθόν
780 844 819 890 τε
861 812 919 890 καὶ
959 808 1131 910 ἀνόνητον
1168 811 1436 906 τληπαθοῦντες

233 932 356 1032 πόνον,
374 939 433 1014 καὶ
451 936 516 1014 οῦκ
534 936 800 1039 ἀταλαίπωρον,
818 935 861 1015 ἵν’
882 935 994 1019 οῦτως
1018 932 1117 1031 εἴπω,
1136 929 1202 1032 τὴν
1221 930 1470 1037 φιληδονίαν5

233 1059 508 1158 ἐπιτηδεύοντες.

290 1180 399 1262 Ἀλλ’
420 1180 507 1262 όταν
524 1182 608 1281 ἡμῖν
627 1183 647 1262 ό
665 1188 730 1261 τοῦ
747 1185 843 1261 Θεοῦ
869 1179 976 1278 νόμος
999 1179 1091 1261 κατὰ
1115 1187 1200 1260 νοῦν
1216 1179 1434 1280 προσλαλῇ,

204 1307 295 1389 οκαὶ
317 1302 450 1410 πικράν
475 1305 543 1406 ἤδη
566 1303 761 1403 βλέπωμεν
779 1302 846 1404 τὴν
866 1306 904 1384 ἐν
926 1304 1063 1388 τούτοις
1090 1303 1266 1400 δουλείαν,
1283 1301 1363 1381 τότε
1390 1298 1438 1399 δὴ

234 1427 315 1512 τότε
347 1428 415 1529 τὴν
446 1428 491 1536 ἐξ
520 1426 666 1529 ἁπάσης
698 1426 927 1535 φαυλότητος
963 1429 1165 1528 ἀποδημίαν
1196 1423 1436 1532 διψήσαιπες,

235 1552 361 1656 ὥσπερ
388 1558 438 1638 είς
464 1552 530 1653 τὴν
556 1555 621 1651 τῆς
646 1553 847 1656 ἐλευθερίας
874 1550 990 1656 ἀρχὴν
1017 1557 1075 1631 καὶ
1103 1549 1216 1654 θύραν
1243 1549 1296 1629 ἐπ’
1326 1546 1438 1627 αύτὸν
1454 1579 1496 1626 ιο

235 1675 412 1781 ἐρχόμεθα
449 1673 513 1757 τὸν
548 1672 725 1779 Χριστόν,
762 1676 821 1754 καὶ
857 1674 924 1774 τὴν
961 1675 1003 1755 δι’
1035 1674 1184 1769 αἵματος
1219 1680 1284 1753 τοῦ
1320 1671 1439 1770 τιμίου

235 1795 365 1881 λοιπόν
384 1796 592 1904 ἀσφάλειάν
608 1833 647 1880 τε
672 1801 731 1879 καὶ
756 1798 863 1903 χάριν
879 1797 1153 1906 ἐφοδιαζόμενοι,
1171 1795 1334 1898 καθάπερ
1356 1793 1438 1875 τινά

235 1919 436 2003 θάλασσαν
468 1922 661 2027 ταραχώδη
695 1925 754 2003 καὶ
785 1922 1064 2027 συγκεχυμένην,
1096 1920 1161 2006 τὰς
1192 1923 1230 2000 ἐν
1262 1925 1352 2027 τῷδε
1383 1923 1438 2026 τηῦ

235 2046 305 2154 βίην
328 2041 563 2149 περιστάσεις
587 2044 736 2153 ἀφέντες
759 2044 947 2148 σαρκικάς,
964 2044 1035 2152 ἔξω
1058 2079 1097 2126 τε
1122 2042 1256 2128 παντὸς
1279 2039 1438 2146 θορύβου

67 2191 180 2251 814Δ.
206 2167 424 2272 ιγεγονότες
442 2176 629 2266 κοσμικοῦ,
646 2165 739 2272 πρὸς
755 2167 832 2274 ἕξιν
849 2167 919 2271 ἤδη
937 2167 1004 2263 τὴν
1021 2166 1222 2272 ἀῦλοτέραν
1239 2168 1298 2248 καὶ
1321 2171 1435 2246 καθα·
1456 2202 1497 2261 15

234 2291 392 2397 ροντέραν
421 2292 606 2396 ἐρχόμεθα,
634 2289 758 2394 οἷάπερ
790 2298 839 2377 είς
869 2291 1002 2395 ἔρημον
1031 2292 1269 2375 καταλύοντες
1300 2297 1437 2395 χιῦρον.

235 2414 354 2514 ἐπειδὴ
389 2414 428 2496 δέ
461 2416 524 2495 οῦκ
556 2413 789 2518 ἀγύμναστος
823 2421 872 2500 είς
903 2414 1032 2518 ἀρετὴν
1061 2418 1083 2497 ὁ
1114 2413 1173 2496 διὰ
1206 2412 1317 2513 νόμον
1344 2410 1441 2515 πρὸς

237 2536 348 2638 αὐτὴν
383 2537 732 2640 παιδαγωγούμενος,
770 2539 857 2620 όταν
892 2541 931 2620 ἐν
966 2539 1105 2624 τούτοις
1144 2537 1214 2639 ἤδη
1233 2535 1444 2640 -γεγόνοτες

236 2662 493 2766 εὑρισκόμεθα,
524 2659 606 2742 τότε
637 2670 712 2747 τοῖς
745 2661 976 2767 δοκιμάζουσι
1008 2664 1279 2767 περιπίπτοντες
1313 2694 1443 2762 πειρα-

236 2793 357 2887 σμοῖς,
390 2784 590 2886 ῦπομνήσει
624 2792 670 2891 τῇ
706 2792 780 2866 τῶν
816 2793 1000 2889 σαρκικῶν
1032 2789 1226 2884 ἐπιθυμοῦν
1257 2784 1338 2865 ἐσθ’
1377 2783 1442 2865 ότε
1459 2822 1500 2864 νο

237 2905 543 3008 καταδακνόμεθα,
575 2904 652 2988 εἶτα
687 2906 785 2989 πολύ
822 2909 906 2990 λίαν
938 2911 1031 3009 ἡμᾶς
1067 2906 1343 3012 καταπυρούσης
1373 2911 1445 3006 τῆς

237 3033 433 3131 ἐπιθυμίας,
463 3038 697 3129 καταβοῶμεν
725 3031 769 3138 ἐξ
800 3034 945 3132 ἀκηδίας
976 3031 1171 3129 πολλάκις,
1202 3032 1322 3111 καίτοι.
1346 3029 1446 3132 πρὸς

99 3168 103 3176 ’
203 3158 440 3259 δέλευθερίαν
468 3152 750 3255 ἀνακεκληκότος
779 3156 872 3256 ἡμᾶς
901 3163 966 3236 τοῦ
997 3157 1094 3238 θείου
1125 3153 1256 3254 νόμου,
1274 3157 1313 3235 ἐν
1342 3158 1447 3262 λιμῷ

238 3279 276 3362 δέ
307 3277 432 3383 ὥσπερ
470 3276 656 3381 γεγονότες
692 3284 765 3358 τῶν
796 3278 1035 3383 ἀρχαιοτέρων
1067 3283 1126 3362 καὶ
1162 3278 1448 3376 κατειθισμείιων

238 3404 323 3503 ἡμῖν
341 3402 489 3502 ἡδονῶν,
509 3404 568 3481 καὶ
592 3398 684 3503 πρὸς
708 3399 840 3487 πόνους
863 3403 932 3503 ἤδη
951 3402 1034 3488 τοῦς
1050 3406 1107 3484 ἐπὶ
1125 3409 1203 3490 ταῖς
1220 3402 1446 3505 ἐγκρατείαις
1459 3438 1500 3500 ²5

237 3522 540 3629 ὀλιγωρήσαντες,
565 3524 681 3605 οῦκέτι
708 3523 856 3631 φαύλην
883 3528 1022 3629 όριῦμεν
1045 3526 1112 3627 τὴν
1135 3528 1174 3606 ἐν
1198 3524 1326 3635 κόσμιρ
1353 3530 1442 3608 δαιν-

238 3650 350 3732 λείαν.
389 3650 448 3729 καὶ
473 3645 545 3751 γάρ
570 3646 683 3732 ὅντως
707 3647 829 3728 ἱκανὸν
849 3647 892 3729 τὸ
914 3651 953 3730 ἐν
976 3684 1022 3755 τη
1048 3653 1156 3753 σαρκὶ
1181 3649 1324 3750 θέλημα
1346 3649 1444 3754 πρὸς

239 3773 389 3855 ἅπασαν
407 3773 652 3877 όλιγοφυχάιν
670 3770 737 3873 τὴν
754 3769 808 3852 ἐπ’
829 3775 977 3874 ἀγαθοῖς
994 3775 1147 3854 ἑλκῦσαι
1164 3770 1229 3853 τὸν
1245 3781 1344 3854 νοῦν.

297 3908 319 3947 “
332 3892 424 3977 Εἶπε
442 3892 481 3975 δὲ
502 3893 635 3999 Κύριος
644 3894 742 4000 πρὸς
761 3900 930 3996 Μωυσῆν
942 3896 1037 3978 Ἰδού
1053 3896 1125 4000 ἐγὼ
1143 3899 1193 3978 ῦω
1211 3899 1294 3996 ύμῖν
1311 3896 1446 3999 ἄρτους

241 4030 263 4068 “
281 4023 320 4101 ἐκ
347 4029 411 4100 τοῦ
438 4015 626 4122 ούρανοῦ.”
654 4018 746 4124 ἐχεις
774 4020 843 4120 ἤδη
869 4023 928 4101 καὶ
954 4021 1057 4121 μάλα
1084 4027 1216 4128 σαφῶς
1241 4024 1280 4102 ἐν
1301 4021 1500 4119 τούτοιςεο

275 4310 301 4348 ν.
319 4244 497 4417 ὼμηρξπμ
511 4291 543 4346 Β.
661 4305 688 4363 5.
707 4290 753 4345 οὐκ
766 4299 936 4363 assumptum
947 4309 979 4348 ex
992 4291 1026 4348 B.
1153 4305 1195 4362 17.
1213 4291 1250 4348 ιλς
1262 4291 1296 4349 Β.
1308 4292 1379 4364 πρὸς
1389 4292 1446 4350 Ed.

238 4364 285 4432 την
296 4381 345 4434 pro
357 4366 372 4417 ό
412 4404 418 4418 .
526 4378 569 4416 21.
588 4361 784 4432 κατοπυρούσης
797 4361 829 4417 Β.
843 4361 1040 4433 κατοσυρούοης
1052 4362 1103 4418 Ed.
1217 4379 1261 4430 24.
1280 4364 1322 4418 καὶ
1332 4381 1392 4436 οω,
1407 4363 1445 4420 B.

239 4449 282 4503 25.
299 4433 360 4502 ἡμῖν
372 4441 540 4503 assumptum
553 4450 586 4486 ex
600 4431 636 4487 D.
737 4448 780 4503 29·
800 4432 860 4499 ὑμῖν
871 4432 907 4487 ῦο
919 4434 1025 4489 invem
1038 4433 1131 4490 ordine
1142 4432 1175 4490 B.
1264 4449 1366 4505 ,γυ-μ.
1376 4435 1444 4502 461,

240 4519 265 4573 γ.
284 4503 355 4557 Citat
368 4503 515 4572 Nikephor.
528 4503 546 4556 i.
561 4515 621 4573 729.
728 4519 773 4572 30.
791 4502 875 4575 τούτῳ
887 4503 1005 4574 Nikeph.
