3038 5018
95 305 149 370 vii.
163 308 214 375 26.
400 310 457 373 IN
488 311 522 374 S.
546 311 567 373 J
573 310 801 376 OANNEM.
848 312 943 377 LIB.
960 312 1001 375 V.
1229 313 1289 373 651

95 468 261 573 φύσημα,
294 476 353 552 καὶ
389 475 521 578 με’τρον
557 477 620 557 οὐκ
657 474 733 582 ᾔδει
769 481 833 576 τῆς
867 478 1008 556 ἐκείνων
1044 476 1212 559 ἀπονοίας
1250 474 1292 553 τὸ

95 592 245 694 θράσος.
284 599 337 682 τίς
360 599 423 678 οὖν
441 599 521 703 ἄρα,
541 603 667 706 φασίν,
687 601 707 681 ὁ
731 601 931 680 τιθασεύων
949 607 998 684 είς
1022 600 1063 680 τὸ
1087 598 1215 703 παρὸν,
1233 600 1292 679 καὶ

95 721 149 804 τίς
168 722 188 798 ὁ
207 723 352 830 ἀσχέτερ
369 729 421 830 τῷ
444 721 560 804 πάλαι
586 730 688 833 θυμῷ
713 722 864 829 χαλινὸν
882 728 1011 807 ἐπιθεὶς
1033 723 1096 803 τὸν
1113 724 1291 829 σώφρονα

96 847 303 946 λογισμόν;
341 849 395 931 τίς
420 846 464 964 Ιδέ
493 850 585 928 οὕτω
616 848 917 949 καταγοητεύσας,
948 850 1007 928 καὶ
1039 846 1164 951 ὥσπερ
1193 845 1291 930 τινάς

62 991 81 1053 5
96 967 195 1074 ὄφεις
212 973 457 1071 ἐπιπηδῶντας
475 976 527 1052 ἀεὶ
546 970 745 1075 κατευνάζει
762 970 854 1075 πρὸς
875 971 1097 1075 ἡμερότητα,
1128 969 1177 1052 ἴθι
1195 975 1287 1079 παρ’·
1304 995 1322 1035 ⁸
1342 981 1409 1036 44⁵
1421 978 1461 1036 A·

96 1097 193 1203 ῥητίνι
220 1101 330 1176 λαλεῖ
361 1106 421 1177 καὶ
456 1092 541 1176 οὐθὲν
570 1102 663 1205 αὐτῷ
693 1096 859 1200 λέγουσιν.
912 1098 979 1201 ούχ
1010 1097 1137 1178 ἁπλῶς
1170 1101 1289 1190 λαλεῖ,

96 1221 223 1323 φησὶν,
241 1219 342 1299 ἀλλά
369 1217 459 1318 μετά
487 1224 683 1328 παρ’ῥησίας.
723 1225 781 1300 καὶ
809 1223 873 1300 οὐκ
901 1218 945 1298 ἀν
969 1216 1070 1317 οἶμαί
1093 1253 1147 1303 τις
1174 1215 1289 1298 αίτιά-

95 1374 203 1421 σαιτο
228 1343 370 1428 δικαίως
395 1341 461 1441 τὴν
479 1345 618 1423 ἐκείνων
638 1342 751 1446 ὀργὴν
772 1343 1037 1448 ἡσυχάζουσαν,
1057 1350 1086 1422 εί
1112 1342 1292 1446 λαθραίως

95 1466 245 1545 ἐποιεῖτο
272 1466 354 1551 τοὺς
381 1469 456 1547 κατ’
478 1469 595 1548 αι’πῶν
617 1467 749 1570 λόγους
778 1471 798 1548 ὁ
826 1467 1045 1571 ζητούμενος.
1083 1469 1120 1546 ἐν
1143 1465 1214 1569 γὰρ
1242 1470 1293 1573 τῷ

45 1623 82 1666 ιο
95 1586 146 1688 μὴ
175 1593 354 1670 πυθέσθαι
380 1589 502 1696 τυχόν,
530 1591 605 1671 οὐδ’
635 1590 681 1671 ἀν
708 1590 924 1692 ἐκινήθησαν
952 1596 984 1671 οἱ
1012 1594 1127 1689 θυμοὶ,
1154 1592 1238 1669 ἀλλ’
1263 1593 1293 1670 ἐν

96 1717 266 1823 παρ’ῥησίιι
294 1713 483 1816 γεγονότος
510 1713 725 1817 τοῦλόγου,
754 1718 813 1794 καὶ
845 1712 887 1794 δι’
917 1715 1076 1817 ἐλέγχων
1103 1712 1293 1818 ἐρχομένου

94 1844 244 1938 πικρῶν·
284 1847 391 1919 τοῦτο
420 1839 491 1942 γάρ
522 1837 566 1940 δὴ
595 1838 760 1937 μάλιστα
787 1838 829 1918 τὸ
857 1842 920 1938 τῆς
948 1838 1152 1942 παῤῥησίας
1180 1837 1294 1935 ὄνομα

97 1964 211 2058 δηλοῖ·
235 1962 302 2065 οὐχ
321 1961 417 2046 ὅπως
436 1961 650 2066 ἀπειρήκασι
668 1962 758 2064 πρὸς
776 1959 897 2065 ὀργὰς,
916 1963 1029 2041 καίτοι
1047 1962 1131 2042 λίαν
1146 1962 1293 2060 ἑτοίμως

96 2091 202 2163 τοῦτο
232 2093 430 2182 νοσοῦντες,
460 2083 559 2165 ἀλλά
591 2088 649 2165 καὶ
681 2085 773 2189 πρὸς
805 2083 937 2187 λόγους
969 2087 1115 2165 ὀκνοῦσι
1148 2084 1326 2183 μόνουςῐ)

45 2235 82 2296 ι5
99 2203 183 2288 οὐθὲν
206 2207 277 2310 γάρ
299 2208 388 2316 αὐτῷ
415 2209 583 2312 λέγουσιν.

160 2467 298 2532 Μήποτε
326 2467 460 2532 ἀλιιθῶο
487 2467 632 2540 ἔτνωοον
659 2465 690 2532 οἰ
717 2467 871 2554 ἄρχοντες
899 2468 948 2533 ὄτι
976 2465 1074 2533 αὑτός
1100 2465 1186 2531 ἐστιν
1214 2466 1232 2531 ὁ

619 2611 753 2698 Χριοτόα
766 2640 774 2691 ;

152 2782 267 2889 Ὁρᾷς
302 2782 399 2866 ὅπως
436 2783 480 2890 ἐξ
514 2780 675 2883 εὐλόγων
705 2785 867 2862 ἐπινοιῶν
900 2787 958 2863 καὶ
997 2789 1188 2886 λογισμῶν
1223 2789 1295 2862 τῶν

100 2907 244 2987 εἰκότων
280 2907 323 2987 τὸ
360 2911 490 3012 χρῆναι
524 2905 704 2986 πιστεύειν
740 2907 974 3011 ἐρανιζόμενοι
1009 2911 1200 3010 μονονουχὶ
1237 2909 1296 2985 καὶ

47 3065 86 3106 αο
99 3030 366 3135 ἀσχάλλουσιν,
386 3034 435 3114 ὡς
459 3029 665 3132 ἐγνωκότων
688 3029 753 3128 μὲν
771 3032 839 3130 ἤδη
863 3037 936 3110 τῶν
961 3028 1147 3135 ἀρχόντων
1169 3028 1291 3127 αὐτὸν,

98 3153 389 3256 παραιτουμένων
424 3154 461 3234 δέ
498 3152 689 3257 διαῤῥήδην
727 3156 783 3233 ἐπὶ
817 3160 868 3261 τῷ
905 3161 1103 3258 θεομαχεῖν,
1136 3156 1195 3232 καὶ
1231 3161 1294 3232 τοῦ

99 3278 234 3357 ἀνωθεν
256 3280 401 3379 ἥκοντος
427 3285 742 3381 καταναισχυντεῖν
767 3279 830 3357 οὐκ
854 3277 1084 3382 ἀνεχομένων,
1105 3307 1324 3380 καταχων·ο

99 3401 235 3482 νύντων
253 3403 296 3480 δέ
315 3436 392 3486 πως
416 3400 614 3497 βασκάνοις
638 3399 689 3480 ἐτι
713 3407 790 3485 ταῖς
814 3409 969 3486 σιωπαΐς
992 3401 1059 3501 τὴν
1081 3401 1291 3504 ἀνάῤῥησιν.

99 3532 128 3604 εί
155 3527 226 3628 γὰρ
243 3525 289 3631 μῆ
315 3524 497 3628 ἑγνιίκασι,
517 3527 641 3629 φησίν,
662 3521 790 3617 ἀλιβῶς
811 3524 857 3604 ’ότι
878 3527 976 3611 αὐτός
997 3527 1083 3604 ἐστιν
1102 3533 1116 3605 ὁ
1137 3524 1291 3630 Χριστὶς,

48 3661 86 3724 ²5
98 3649 137 3729 τί
155 3648 197 3728 τὸ
224 3650 415 3753 ἀνέχεσθαι
441 3646 605 3731 πεπεικός
629 3648 875 3752 διελέγχοντος
901 3651 940 3728 ἐν
958 3648 1153 3752 παῤῥησίᾳ,
1171 3679 1290 3725 καινο·

98 3782 292 3872 τομοῦντος
319 3771 361 3852 δέ
380 3806 458 3856 πως
482 3774 541 3850 καὶ
565 3770 610 3849 τὰ
633 3770 749 3852 πάλαι
774 3773 1025 3874 διηγγελμένα,
1044 3773 1087 3850 δι’
1107 3768 1157 3849 ὧν
1175 3772 1234 3847 καὶ
1257 3771 1295 3846 ἐν

98 3896 280 4004 σαββάτῳ
310 3894 513 3997 θεραπεύων
539 3895 720 3993 ἡλίσκετο,
748 3899 807 3974 καὶ
839 3903 1039 3977 λυποῦντος
1072 3895 1113 3973 ού
1144 3891 1294 3994 μετρίως

99 4019 226 4105 αὐτούς
250 4019 293 4099 δι’
312 4017 361 4099 ὧν
380 4019 684 4125 ἀπημφιεσμένως
703 4021 818 4125 φησίν
838 4030 858 4065 “
875 4019 934 4097 Οὐ
954 4021 1118 4116 Μωυσῆς
1143 4016 1293 4096 δέδωκεν
1338 4019 1439 4151 {2¹ssfo

139 4273 160 4309 1.
180 4252 236 4324 ᾔδει
251 4253 282 4306 Β.
296 4257 351 4343 ἔχει
364 4253 415 4306 Ed.
522 4268 549 4322 5.
566 4252 606 4307 ἴδε
620 4252 652 4306 Β.
664 4252 704 4307 ’ίδε
717 4255 744 4308 ἐν
757 4254 808 4308 Ed.
909 4268 934 4324 7.
953 4253 1023 4307 ἀλλὰ
1034 4254 1098 4321 μετὰ
1110 4253 1258 4320 παρρησίας
1269 4269 1293 4307 a.

99 4325 159 4380 ἀλλ’
173 4327 200 4379 ἐν
211 4345 343 4392 παρρησιᾳ
357 4323 408 4378 Εθ.
539 4342 567 4394 9.
585 4326 600 4377 ὁ
611 4341 667 4378 0111.
675 4323 714 4377 Β.
728 4324 807 4378 habet
819 4342 842 4377 s.
880 4325 1035 4394 Assumpsit
1047 4335 1078 4378 ut
1090 4324 1194 4378 videtur
1206 4341 1220 4376 s
1233 4323 1293 4377 Cat.

102 4397 178 4450 Harl.
191 4396 263 4449 Aub.
407 4411 448 4447 ια.
467 4394 516 4464 γὰρ
529 4412 583 4448 om.
597 4393 630 4448 B.
668 4392 786 4448 Adnotat
799 4412 827 4449 ss
839 4396 1017 4465 assumpsisse
1029 4414 1043 4449 e
1057 4395 1116 4448 Cat.
1131 4394 1206 4448 Harl.
1220 4393 1292 4447 Aub.

100 4468 142 4522 sui
155 4466 288 4521 consentit
299 4482 322 4517 s.
424 4464 464 4518 16.
482 4465 558 4520 αὑτός
572 4464 604 4518 Β.
617 4463 691 4520 οὗτος
704 4463 754 4518 Ed.
853 4481 894 4532 25·
915 4468 1120 4533 καινοτομοῦντες
1135 4464 1166 4518 Β.
1180 4464 1294 4518 correxit

102 4539 192 4592 Holst.
300 4535 342 4589 26.
362 4534 533 4605 διηγγελμένσ
546 4534 604 4589 Βω.
617 4535 791 4605 διηλλαγμένο
804 4537 917 4590 correxit
931 4536 978 4592 Ht.
991 4535 1064 4591 unde
1077 4534 1127 4589 Ed.

650 4637 742 4697 4⁰2
