3038 5018
681 1051 923 1127 ΚΕΦΑΛΗ
969 1053 1011 1130 Β.

279 1338 336 1411 Οτι
357 1332 500 1410 ξωοποιδν
521 1332 555 1396 τδ
577 1333 665 1416 ἅγιον
686 1339 774 1414 σῶμα
796 1339 937 1416 Χριστοῦ,
961 1337 995 1400 ἐν
1017 1336 1061 1403 οἷς
1082 1335 1121 1402 ὣς
1143 1334 1209 1416 περὶ
1232 1333 1327 1415 ίίρτου
1349 1333 1433 1416 φησὶ

687 1459 739 1518 τοῦ
761 1455 836 1519 ίδίον
858 1456 1003 1536 σώματος.

139 1685 178 1758 48
194 1694 331 1773 &isch
354 1692 419 1773 εἰμι
441 1697 459 1763 ὁ
483 1696 582 1786 ἄρτοι
603 1699 663 1762 τιίο
687 1701 781 1787 ςωιῖο.
816 1694 846 1763 οἰ
868 1700 1008 1788 πατέρεο
1030 1697 1120 1775 ὑμῶν
1137 1697 1262 1785 ἔφατον
1281 1694 1321 1764 τὸ
1341 1697 1453 1774 μάννα

194 1824 234 1886 50
295 1823 331 1890 ἐν
358 1829 398 1915 τῇ
425 1823 541 1912 ἐρήμῳ
571 1823 625 1888 καὶ
651 1823 827 1888 ἀπέθανον·
867 1820 964 1891 οὗτός
991 1824 1077 1890 ὲοτιν
1105 1825 1123 1892 ὁ
1150 1823 1250 1914 ἄρτοι
1278 1823 1298 1890 ὁ
1324 1821 1366 1889 ὲκ
1395 1827 1482 1892 τοῡ5

209 1941 232 2005 b
294 1949 435 2038 οὐρανοῦ
455 1947 669 2030 καταβαίνων,
688 1948 742 2014 ίνα
761 1973 809 2015 τις
827 1949 862 2018 ἒξ
882 1949 982 2015 αὐτοῦ
1002 1950 1091 2040 φάρη
1112 1949 1165 2014 καὶ
1182 1949 1225 2026 μιί
1246 1947 1417 2040 ἀποθάνῃ.

300 2160 473 2235 ΣΑΦΩΣ
498 2152 542 2253 δὴ
567 2154 651 2234 λίαν
669 2156 706 2234 ἐν
724 2151 863 2239 τούτοις
888 2156 998 2236 ἐκεῖνο
1025 2153 1323 2236 καταθεάσασθαι
1347 2189 1450 2259 παρ·

243 2279 346 2359 ἐσται
381 2276 423 2360 τδ
461 2276 520 2357 διά
557 2286 622 2358 τοῦ
654 2276 845 2384 προφήτου
881 2276 1252 2388 προαναφωνούμενον
1284 2277 1451 2358 Ἡσαΐου

93 2495 101 2521 η
130 2497 136 2512 ⁸
175 2431 182 2447 ·
243 2412 266 2450 “
282 2401 473 2509 Ἐμφανὴς
503 2399 674 2504 ἐγενόμην
701 2409 776 2487 τοῖς
808 2401 869 2501 ἐμέ
900 2401 951 2504 μὴ
985 2401 1161 2505 ζητοῦσιν,
1189 2401 1345 2505 ηὑρέθην
1373 2408 1450 2486 τοῖς

243 2535 266 2576 “
283 2525 344 2624 ἐμὲ
366 2524 416 2626 μὴ
439 2528 678 2630 ἐπερωτῶσιν·
709 2522 792 2606 είπα
808 2527 903 2607 Ἰδού
927 2533 996 2628 είμι
1020 2533 1072 2636 τῷ
1096 2527 1187 2608 ἐθνει
1211 2524 1250 2611 δς
1268 2526 1334 2632 ούιι
1360 2525 1444 2606 ἐκά-
1463 2556 1497 2600 ιο

243 2661 265 2699 “
284 2663 393 2730 λεσεν
420 2647 463 2730 τὸ
495 2649 608 2748 ὄνομά
639 2679 720 2750 μου·
766 2648 858 2751 ὅλην
884 2650 950 2750 τὴν
981 2651 1116 2755 ἡμέραν
1145 2650 1349 2758 ἐξεπέτασα
1383 2650 1449 2735 τάν

243 2783 266 2822 “
282 2771 402 2879 χεῖράς
419 2807 489 2873 μου
506 2771 597 2878 πρὸς
620 2770 711 2853 λαδν
729 2775 946 2854 ἀπειθοῦντα
971 2777 1028 2855 καί
1053 2774 1322 2878 ἀντιλέγοντα.”
1355 2773 1449 2875 ὅλην

214 2896 315 3003 ογάρ
333 2906 397 2978 τοῦ
415 2895 529 3000 λόγον
547 2895 613 2996 τὴν
631 2897 805 3001 λεβηρίδα
822 2895 1007 3001 περιελὼν,
1027 2901 1087 2977 καὶ
1111 2904 1247 2995 πᾶσαν,
1266 2898 1310 2978 ἵν’
1331 2900 1449 2982 οὕτως

242 3023 339 3120 ε’ίπω,
364 3019 585 3126 περιστολὴν
613 3019 839 3120 ἀποστήσας,
868 3022 1175 3106 ἀκατακαλύπτως
1202 3021 1270 3122 ἤδη
1298 3029 1377 3106 τοῖς
1405 3022 1452 3129 ἐξ

240 3145 396 3249 Ἰσραὴλ
421 3144 547 3225 ἐαυτὸν
564 3142 744 3250 ἐμφανίζει
770 3145 889 3245 λέγων
906 3147 1001 3247 Ἐγύ
1023 3154 1091 3252 εἰμι
1115 3154 1131 3228 o‘
1153 3144 1251 3254 ἀρτις
1268 3144 1328 3240 τίνα
1349 3145 1448 3256 ζωῆε,
1464 3180 1499 3243 15

240 3268 299 3348 ἵνα
317 3267 362 3367 δὴ
381 3266 537 3368 μάθοιεν,
557 3272 617 3360 ὡς,
637 3268 735 3370 εἴπερ
759 3266 884 3373 ἐχονσι
911 3267 1064 3369 θελητὸν
1082 3268 1124 3349 τὸ
1149 3269 1330 3374 κρείττους
1355 3266 1448 3350 εἶναι

241 3395 305 3491 τῆς
337 3396 486 3496 φθορᾶς,
518 3393 575 3472 καὶ
608 3391 716 3471 αύτδν
748 3391 812 3472 τὸν
839 3394 878 3472 εἰι
908 3390 1151 3494 παραβάσεως
1184 3389 1449 3499 ἐπισκήψαντα

240 3513 397 3597 θάνατον
415 3513 681 3613 ἀποδύσασθαι,
700 3513 819 3616 δεήσει
837 3514 992 3618 βαδίζειν
1010 3515 1137 3602 αύτούς
1159 3521 1206 3601 είς
1230 3514 1449 3624 μετάληψιν

239 3646 304 3718 τοῦ
331 3638 511 3742 ζωοποιεῖν
534 3638 734 3742 ἰσχύοντος,
758 3641 817 3717 καί
843 3638 1077 3744 ἀφανίζοντας
1103 3637 1169 3739 μὲν
1190 3638 1256 3740 τὴν
1281 3639 1445 3749 φθορὰν,

240 3770 503 3864 καταργοῦντος
530 3760 570 3840 δέ
596 3765 654 3842 καί
682 3759 744 3842 τὸν
767 3759 934 3842 θάνατον·
966 3763 1070 3868 ἔργον
1096 3761 1167 3867 γάρ
1193 3761 1304 3847 ὅντως
1333 3774 1448 3847 τοῦτο
1462 3802 1499 3843 20

240 3889 305 3985 τῆς
329 3883 420 3965 κατά
444 3884 558 3992 φύσιν
584 3885 673 3989 ζωῆς
697 3882 787 3965 ’ίδιύν
811 3919 848 3966 τε
877 3887 936 3966 καί
962 3886 1274 3989 πρεπωδέστατον.
1318 3889 1447 3991 ἐπειδὴ

207 4006 279 4088 δδέ
297 4007 465 4089 δεδόσθαι
483 4005 524 4089 τδ
543 4009 661 4108 μα’ννα
680 4007 771 4089 κατὰ
788 4007 855 4108 τὴν
873 4009 1005 4112 ἐρημον
1023 4015 1098 4093 τοῖς
1118 4006 1302 4113 πατράσιν
1320 4013 1448 4093 αὐτῶν

240 4130 554 4232 διαβεβαιούμενοι,
585 4127 649 4211 τδν
677 4131 786 4234 ἀρτον
813 4135 959 4232 ἀληθῶς
986 4131 1050 4213 τὸν
1077 4132 1122 4239 ἐξ
1149 4134 1300 4236 ούρανοῦ
1331 4171 1448 4216 κατα-

238 4253 476 4360 φοιτησαντα,
494 4253 660 4336 τοντέστι
677 4253 742 4335 τὸν
760 4253 861 4354 Υίδν,
881 4256 946 4335 ούιι
964 4255 1138 4361 ε’δέχοντο,
1157 4259 1361 4361 ἀναγκαίαν
1378 4270 1447 4342 τοῦ

524 4498 565 4535 10.
584 4480 612 4537 δς
624 4483 669 4537 οὐκ
681 4482 806 4538 ἐκάλεσεν
820 4482 852 4537 Β.
865 4481 890 4538 οί
902 4484 948 4539 οὐκ
961 4483 1089 4539 ἐκάλεσαν
1101 4482 1153 4538 Ed.
