3038 5018
260 279 323 340 194
562 281 599 343 Β.
624 279 832 344 OYRILLI
862 279 1152 346 ALEXANDR.
1367 276 1389 339 i.
1402 293 1459 356 40.

259 439 345 518 ἰέναι
371 437 409 519 δέ
432 446 578 539 μᾶλλον
596 449 644 527 εἰς
670 443 780 542 αὐτὴν
802 448 1024 548 παραχρῆμα
1049 442 1196 523 κελεύει·
1226 437 1460 542 πρῶτονμὲν

259 566 368 642 ἐκεῖνο
395 560 586 662 διδάσκων,
609 569 657 651 ῶς
685 570 722 646 ἐν
748 569 973 675 ὑπογραμμῷ
1000 573 1052 674 τῷ
1079 565 1277 670 πράγματι,
1301 563 1356 644 ὅτι
1384 569 1459 642 τῶν

259 689 406 786 ἀγαθῶν
443 686 508 787 τῆν
541 687 699 792 ζήτησιν,
731 692 795 770 οῦκ
832 696 881 775 εἰς
918 690 1125 793 ὑπερθέσεις
1161 691 1459 792 ἀναῤῥιπτεῖσθαι

259 808 385 889 καλόν·
428 811 468 889 τὸ
500 811 572 914 γὰρ
598 812 747 911 μέλλειν
775 812 870 897 ὅλως
903 816 940 893 ἐν
967 821 1041 897 τοῖς
1075 817 1228 921 ῶφελείν
1254 810 1460 917 πεφυκόσιν

259 931 452 1034 ἐπιζήμιον·
484 931 558 1014 εἰτα
576 936 666 1040 πρὸς
684 937 799 1044 τούτῳ
823 941 881 1016 καὶ
904 938 996 1033 τόδε,
1017 937 1071 1016 ότι
1096 943 1169 1021 τοῖς
1194 938 1389 1037 ἀγνοοῦσιν
1406 931 1492 1015 έτι5

225 1054 322 1135 Ιιτδν
345 1055 448 1157 άγιον
474 1055 571 1137 οἰκον
596 1069 659 1139 τοῦ
687 1065 856 1163 Σωτῆρος
886 1062 986 1160 ἡμῶν
1005 1067 1180 1164 Χριστοῦ,
1199 1059 1364 1138 τουτέστι
1391 1055 1460 1156 τῆν

258 1181 493 1281 Ἐκκλησίαν,
523 1184 563 1261 οῦ
594 1182 636 1262 τό
669 1183 749 1263 θποι
782 1182 869 1263 ποτέ
902 1191 1011 1262 κεῖται
1040 1189 1165 1281 μαθεῖν
1193 1183 1334 1286 ἀρκέσει
1366 1179 1462 1283 πρὸς

259 1306 454 1407 σωτηρίαν,
473 1304 574 1384 άλλά
597 1305 640 1384 τὸ
668 1309 786 1385 ἐλθεῖν
812 1312 859 1389 εἰς
884 1305 992 1386 αῦτδν
1016 1305 1074 1386 διὰ
1099 1310 1162 1405 τῆς
1186 1306 1353 1401 πίστεως,
1372 1307 1462 1384 ἰδεῖν

260 1462 300 1508 τε
317 1425 364 1507 τά
382 1431 419 1507 ἐν
438 1430 534 1534 αὐτῶ
551 1435 734 1527 μυστικῶς
754 1430 919 1528 δηλονότι
938 1428 1146 1527 τελούμενοι.

275 1787 401 1857 Ἠλθον
428 1786 484 1856 οὖν
513 1791 565 1856 καί
593 1785 680 1856 εἶδον
707 1798 769 1859 ποῦ
796 1794 886 1870 μένει
914 1793 967 1857 καὶ
994 1794 1065 1881 παρ’
1098 1793 1187 1876 αὐτῷ
1213 1792 1344 1868 ἔμειναν
1371 1788 1435 1854 τιίν
1479 1814 1513 1854 ιο

511 1934 634 2023 ἡμέραν
661 1933 796 2001 ἐκείνων·
837 1938 909 2024 ὥρα
937 1931 976 2000 εἰν
1003 1936 1051 2000 ὡς
1078 1935 1209 2000 δεκάτιι.

316 2129 553 2232 Εθπαρέδρως
579 2137 611 2211 οἰ
636 2134 791 2230 μαθηταὶ
819 2131 886 2231 τῆν
904 2139 976 2211 τῶν
995 2133 1099 2211 θείων
1122 2131 1331 2230 μυστηρίων
1352 2133 1460 2208 ἐπαι-

229 2253 402 2332 οδεύοντο
427 2261 574 2354 γνῶσιν·
604 2258 645 2333 οῦ
670 2255 741 2356 γάρ
766 2251 863 2353 οἶμαι
890 2256 1036 2358 πρέπειν
1054 2256 1232 2361 ἁψίκορον
1251 2260 1324 2336 τοῖς
1342 2260 1459 2358 φιλο-

259 2376 412 2474 μαθέσιν
430 2376 640 2482 ἐνυπάρχειν
659 2376 825 2476 διάνοιαν,
845 2377 1147 2484 φιλοπονωτάτην
1164 2377 1202 2457 δέ
1224 2384 1379 2475 μᾶλλον,
1399 2376 1462 2453 καί

258 2505 321 2599 τῆς
359 2502 398 2578 ἐν
435 2504 583 2602 ἱδρῶσιν
620 2506 767 2602 ἀγαθοῖς
808 2502 1051 2606 μικροψυχίας
1093 2501 1285 2602 κρείττονα,
1322 2503 1370 2582 ῶς
1411 2504 1461 2583 εἰς
1477 2534 1513 2594 15

260 2622 402 2702 ἅπαντα
436 2627 499 2722 τῆς
532 2622 622 2726 ζωῆς
653 2624 716 2704 τὸν
749 2624 873 2728 καιρὸν
906 2629 943 2704 ἐν
975 2622 1166 2732 ὁλοκλήρῳ
1197 2631 1243 2729 τῆ
1275 2623 1461 2730 προθυμίᾳ

260 2747 452 2850 φαίνεσθαι
476 2747 725 2849 διαπρέποντα·
761 2757 866 2827 τοῦτο
892 2747 963 2849 γάρ
990 2751 1038 2832 ῶς
1063 2750 1106 2827 δι’
1127 2749 1334 2848 αἰνίγματος
1359 2742 1461 2844 οἶμαι

259 2873 392 2968 δηλοῦν
419 2871 461 2951 τό
493 2877 576 2980 Παρ’
603 2878 693 2980 αὐτῷ
722 2872 849 2978 ἔμειναν
877 2871 928 2963 τῆν
955 2869 1072 2977 ἡμέραν
1098 2874 1225 2965 ἐκείνην.
1271 2870 1390 2971 ἐπειδὴ
1420 2871 1468 2951 δέ

259 3001 373 3100 φησιν
386 2993 481 3104 ’Ὠρα
507 2991 539 3087 ῆν
558 3001 603 3082 ῶς
628 2991 762 3093 θεκάτη,
782 2999 840 3075 καί
862 2995 952 3098 πρὸς
976 2993 1062 3074 αὐτὸ
1086 3003 1192 3074 τοῦτο
1217 2993 1372 3095 λέγομεν
1394 2992 1461 3075 τὸν

161 3148 170 3157 ·
258 3118 399 3226 ἑκάστῳ
431 3119 611 3223 χρήσιμόν
638 3154 676 3200 τε
713 3124 771 3199 καὶ
803 3125 930 3199 οἰκεῖον
958 3115 1217 3224 ἐφαρμόζοντες
1250 3115 1373 3219 λόγον,
1404 3118 1461 3198 ὅτι
1477 3158 1513 3199 20

224 3241 370 3320 θπάλιν
397 3243 489 3341 ἡμᾶς
518 3242 577 3322 διὰ
603 3248 667 3342 τῆς
696 3246 788 3323 οὕτω
817 3247 949 3341 λεπτῆς
978 3241 1231 3345 ἐπιχειρήσεως
1260 3241 1461 3322 ἐκδιδάσκει

253 3368 321 3461 Ιτῆς
346 3366 532 3467 θεολογίας
558 3367 576 3444 ὁ
601 3366 844 3474 συγγραφεὺς,
865 3369 913 3450 ῶς
941 3368 1004 3446 οῦκ
1030 3369 1067 3444 ἐν
1087 3367 1181 3470 ἀρχῆ
1199 3372 1263 3445 τοῦ
1279 3364 1461 3468 παρόντος

260 3493 385 3571 αἰῶνος
411 3487 452 3567 τὸ
481 3490 573 3590 μέγα
600 3499 665 3568 τοῦ
690 3495 858 3590 Σωτῆρος
885 3490 985 3588 ἡμῶν
1008 3491 1212 3592 ἐγνωρίσθη
1239 3487 1457 3591 μυστήριον,

91 3601 187 3730 ξ’]θί·
260 3613 344 3689 ἀλλ’
374 3617 421 3694 εἰς
449 3610 553 3696 τέλος
580 3613 648 3711 ἤδη
677 3612 917 3696 καταλύοντος
943 3622 1007 3693 τοῦ
1035 3621 1169 3715 καιροῦ·
1208 3614 1261 3692 ἐπ’
1290 3611 1461 3717 ἐσχάτων

260 3734 341 3838 γὰρ,
361 3736 643 3837 ῶς·γε’γραπται,
664 3742 737 3813 τῶν
756 3736 895 3838 ἡμερῶν
914 3740 1069 3815 διδακτοὶ
1095 3733 1226 3819 πάντες
1250 3738 1456 3838 άναδεδείγ·
1477 3778 1513 3836 25

258 3867 350 3956 μεθα
368 3864 477 3938 Θεοῦ.
519 3860 625 3963 δέχου
651 3859 694 3937 δέ
714 3893 776 3957 μοι
801 3859 913 3939 πάλιν
932 3865 1004 3939 τῶν
1022 3859 1214 3962 εἰρημένων
1236 3858 1353 3938 εἰκόνα
1375 3863 1462 3962 περὶ

258 3982 323 4081 τὴν
341 3983 490 4083 δεκάτην
509 3981 616 4084 ῶραν,
631 3983 936 4085 προσεδρεύοντας
956 3988 1006 4090 τῷ
1025 3986 1165 4086 Σωτῆρι
1184 3982 1266 4067 τοῦς
1284 3983 1461 4083 μαθητάς,

297 4252 319 4287 1.
339 4235 365 4287 ἐν
377 4235 439 4303 αὐτῇ
454 4235 486 4289 Β.
500 4236 589 4290 invitis
603 4235 673 4291 Catt.
766 4255 791 4302 4.
809 4235 900 4306 μέλειν
913 4236 948 4289 D.
1041 4250 1067 4305 5.
1086 4236 1147 4290 τάδε
1161 4236 1232 4290 catt.
1322 4235 1348 4289 6,
1366 4234 1463 4305 Ἰησοῦ

259 4309 374 4374 Χριστοῦ
387 4305 413 4359 b.
537 4308 563 4361 8.
582 4307 646 4361 ἰδεῖν
657 4304 699 4376 τε]
713 4307 753 4360 καί
766 4306 829 4360 ἰδεῖν
840 4325 864 4360 a.
877 4306 941 4360 ἰδεῖν
952 4306 980 4360 δέ
994 4305 1076 4360 Cord.
1205 4324 1245 4377 13.
1263 4306 1460 4380 φιλομαθέσιν]

258 4375 449 4446 φιλοθεάμοσιν
461 4375 487 4429 b.
525 4377 621 4432 Statim
634 4379 786 4448 ἐνυπάρχειν
799 4377 832 4431 Β.
847 4376 917 4431 Catt.
931 4376 1055 4448 ὑπάρχειν
1067 4375 1119 4430 Ed.
1223 4392 1263 4448 17.
1281 4376 1462 4447 διαπρέποντα

258 4463 282 4499 a.
296 4445 377 4498 (λιτά.
390 4447 582 4516 διοπρέπονσσν
594 4449 621 4503 b.
634 4449 820 4518 διαπρέποντας
832 4447 883 4501 Ed.
931 4447 1085 4518 αἰνιγμάτων
1099 4446 1168 4501 Cau.
1249 4465 1262 4500 2
1266 4466 1291 4517 3.
1309 4449 1462 4520 ἐγνωρίσθη

259 4514 291 4568 Β.
304 4516 421 4585 ἐγνώσθη
435 4516 515 4570 Cord.
530 4517 580 4570 Ed.
689 4535 731 4588 27.
749 4522 795 4572 τοῦ
808 4520 924 4588 σωτῆρος
938 4517 968 4571 Β.
