3038 5018
101 282 165 346 i.1.
297 287 355 352 IN
385 288 417 353 S.
441 288 695 355 JOANNEM.
743 289 889 355 LIB.I.
935 289 1107 355 CARII.
1259 290 1301 353 25

99 487 269 570 Ἀπόδειξις
285 495 361 572 μετδι
379 500 594 578 συλλογισμῶν
609 495 656 559 καὶ
672 499 838 576 μαρτυριῶν
851 499 1016 577 γραφικῶν,
1030 495 1076 558 δτι
1091 493 1138 558 καὶ
1159 495 1176 558 δ
1194 492 1300 574 Πατὴρ

144 603 180 666 ἔν
210 603 269 688 δδίη
298 604 382 670 ἐστὶν
409 604 574 670 ὑποστάσει
603 606 652 670 καὶ
682 606 699 669 δ
726 605 798 674 Ύὶδς
826 607 975 682 δσαθτως,
1006 602 1331 688 σννθεολογουμένονθ

145 715 287 792 δηλονότι
307 715 356 779 καὶ
379 719 432 779 τοῦ
451 713 557 798 Ἀγίου
579 717 763 797 Πνεθματος,
780 719 808 782 εδ
829 715 877 781 καὶ
897 717 990 797 μηδὲν
1011 716 1060 781 ἐπὶ
1081 719 1133 779 τοῦ
1154 715 1300 797 παρόντος

145 821 312 903 ἐξετάζοιτο
333 827 401 908 περὶ
423 827 521 893 αὐτοῦ.

69 1013 87 1073 5
157 986 376 1085 Ὀμοούσιος
402 987 469 1087 μέν
493 990 556 1070 οὖν
581 988 707 1074 δΥἱδς
733 995 785 1099 τῷ
810 992 941 1093 Πατρδ,
959 992 1019 1069 καὶ
1046 990 1066 1068 ὁ
1092 987 1222 1092 Πατήρ
1249 994 1301 1096 τῷ

101 1111 191 1216 Υἰῷ,
203 1108 257 1189 διδ
271 1108 314 1208 δὴ
330 1114 387 1191 καὶ
405 1117 454 1196 εἰς
468 1111 753 1217 ἀπαράλλακτον
767 1111 1024 1210 ἀναβαίνουσιν
1037 1111 1238 1212 ὁμοιότητα,
1250 1113 1299 1196 ὡς

101 1231 257 1334 ἀράσθω
278 1232 344 1331 μὲν
362 1237 400 1314 ἐν
417 1240 496 1343 Y&
518 1234 583 1316 τὸν
602 1236 760 1341 Πατέρα,
778 1238 816 1316 ἐν
834 1234 871 1315 δὲ
895 1243 948 1344 τῷ
967 1239 1086 1339 Πατρὶ
1110 1233 1174 1316 τὸν
1191 1233 1296 1334 Υἱδν,

101 1357 160 1434 καὶ
177 1360 230 1463 τῷ
246 1355 353 1466 ε’τέριρ
370 1356 434 1438 τὸν
447 1358 567 1462 ἕτερον
580 1356 848 1464 ε’ναστράπτειν,
859 1357 1019 1462 καθάπερ
1033 1361 1090 1438 καὶ
1105 1356 1210 1442 αι’ντός
1226 1392 1298 1440 που

102 1480 219 1584 φησὶν
238 1479 258 1556 5
277 1477 406 1583 Σωτήρ
424 1490 446 1528 “
458 1483 507 1560 ‘O
524 1481 687 1586 ἑωρακὼς
709 1481 778 1583 ἐμὲ,
798 1481 929 1586 ἑώρακε
948 1480 1011 1561 τδν
1031 1480 1178 1586 Πατέρα
1194 1483 1328 1583 μον,”ν
1371 1496 1410 1550 16
1424 1495 1466 1552 A·

51 1635 89 1675 10
102 1604 161 1680 καὶ
177 1600 293 1683 πάλιν
311 1600 445 1705 “Ἐγιδ
462 1604 501 1683 ἐν
519 1610 570 1711 τῷ
590 1606 709 1708 Πατρδ
735 1607 792 1684 καὶ
818 1601 987 1708 ὁΠατήρ
1004 1606 1042 1684 ἐν
1060 1605 1172 1704 ε’μοί.”
1210 1606 1295 1684 ἀλλ’
1343 1569 1432 1701 Q

101 1729 131 1803 εἶ
163 1727 222 1804 καὶ
255 1725 355 1806 ἔστιν
386 1729 424 1806 ἐν
456 1734 508 1834 τῷ
542 1730 673 1831 Πατρὶ,
702 1728 774 1834 ἔχει
806 1726 843 1808 δὲ
874 1726 989 1809 πάλιν
1020 1730 1058 1807 ἐν
1089 1730 1203 1834 ἑαντῷ
1233 1727 1298 1808 τὸν
1343 1701 1436 1750 Ib.1o.

103 1847 263 1952 Πατέρα·
297 1855 417 1934 καλῶς
445 1849 510 1949 μὲν
537 1850 654 1949 αὐτὸς,
682 1849 843 1954 καθάπερ
870 1851 939 1951 ἤδη
965 1851 1180 1953 προείρηται,
1207 1850 1299 1954 πρὸς

101 1970 167 2069 τήν
186 1971 507 2074 τοῦγεννήσαντος
530 1974 823 2078 ἀπηκριβωμένος
845 1971 1001 2080 μορφήν,
1020 1972 1298 2076 ἀπαραποιήτως

101 2094 139 2174 δὲ
170 2094 294 2194 πάλιν,
324 2096 369 2204 ἐξ
397 2093 448 2176 ὧν
479 2098 580 2178 ε’στιν
611 2095 729 2195 αὐτὸς,
761 2098 798 2175 ἐν
830 2097 944 2203 ἑαυτῷ
976 2095 1040 2176 τὸν
1070 2095 1298 2198 γεννήσαντα

51 2253 87 2313 15
100 2216 314 2325 ζωγραφῶν·
348 2221 390 2299 οὐ
417 2218 476 2301 διὰ
502 2229 608 2301 τοῦτο
634 2218 677 2300 τὸ
704 2217 876 2324 ὑπάρχειν
901 2218 995 2304 ἰδίως
1021 2218 1295 2322 φημιωθήσεται,

100 2341 177 2419 οὐδ’
197 2341 243 2421 αὖ
259 2340 373 2422 πάλιν
390 2342 563 2423 ἀπολέσει
582 2345 602 2423 5
622 2341 753 2447 Πατὴρ
769 2342 811 2424 τδ
830 2339 1032 2450 ὑφεστάναι
1052 2344 1135 2422 καθ’
1156 2341 1294 2423 ἔαυτόν·

100 2463 185 2542 ἀλλ’
205 2461 324 2566 οάδέή
346 2465 469 2566 πολλὴ
494 2467 578 2549 λίαν
595 2465 763 2574 ε’μφέρειά
787 2501 825 2546 τε
849 2469 908 2545 καὶ
932 2462 1096 2566 ὁμοιότης
1120 2463 1330 2571 ἀνάχυσίνδ

100 2619 181 2665 τινα
200 2593 274 2666 τῶν
291 2587 531 2670 ἀποστάσεων
549 2589 750 2692 ἐργάσεται,
770 2591 819 2672 ὡς
843 2588 881 2668 ἓν
900 2593 1057 2668 νοεῖσθαι
1081 2594 1133 2696 τῷ
1158 2592 1298 2696 ἀριθμῷ

99 2709 163 2789 τὸν
182 2709 410 2812 γεννήσαντα
428 2711 575 2817 Πατέρα
598 2716 658 2794 καὶ
681 2711 746 2793 τὸν
763 2712 808 2819 ἐξ
827 2713 936 2792 αι’ντοῦ
959 2710 1173 2813 γεννηθέντα
1192 2713 1296 2792 Υἱόν·

51 2834 184 2912 νοάλλ’
214 2834 237 2934 ἡ
264 2834 331 2936 μὲν
356 2837 529 2937 ταυτότης
555 2841 619 2937 τῆς
647 2835 792 2945 φάσεως
821 2833 875 2916 ἐπ’
903 2838 1040 2940 ἀμφοῖν
1067 2832 1296 2937 ὁμολογηθή-

98 2990 214 3054 σεται,
240 2957 283 3038 τδ
311 2957 349 3039 δὲ
377 2959 472 3044 ἰδίως
499 2955 665 3063 ἑκάτερον
693 2956 892 3067 ὑφεστάναι
920 2955 1064 3041 πάντως
1091 2959 1294 3039 ἀκολουθεῖ·

98 3081 157 3159 ἵνα
182 3084 241 3161 καὶ
266 3083 286 3160 5
309 3080 439 3186 Πατήρ
464 3081 575 3168 ὅντως
599 3087 723 3183 νοῆται
744 3079 885 3184 Πατήρ,
904 3083 962 3160 καὶ
986 3081 1006 3158 5
1025 3077 1113 3162 Υἱὸς
1139 3079 1177 3160 δὲ
1193 3078 1293 3164 Υἱός.

97 3204 401 3305 ἐπαριθμσνμένσν
423 3203 496 3310 γὰρ
520 3208 613 3286 οὕτω
638 3207 697 3285 καὶ
721 3201 1072 3304 σννθεολογουμένου
1088 3210 1153 3281 τοῦ
1170 3200 1298 3305 Ἀγίου

98 3324 319 3424 Πνεθματος,
338 3327 361 3426 ἡ
379 3328 465 3429 άγία
486 3331 546 3407 καὶ
567 3325 864 3430 προσκυνουμένη
883 3322 995 3428 Τριάς
1018 3321 1059 3403 τδ
1078 3331 1205 3405 οἰκεῖον
1224 3325 1296 3433 ἕξει

48 3473 84 3533 ²5
96 3446 291 3550 πλήρωμα.

153 3602 256 3651 ΑΛΛο.
299 3576 346 3652 Εἰ
381 3571 487 3657 αι’πός
519 3575 620 3655 ἐστιν
652 3575 672 3653 5
703 3572 791 3657 Υἱὸς
826 3574 885 3653 καὶ
917 3570 1057 3676 Πατὴρ,
1088 3580 1192 3653 ποῖον
1223 3571 1324 3677 ἕχειο

97 3693 247 3796 λόγονή
265 3701 338 3775 τῶν
351 3694 536 3794 ὀνομάτων
554 3695 751 3797 διαστολή;
777 3701 807 3775 εὶ
824 3695 875 3796 μὴ
892 3693 963 3799 γὰρ
983 3693 1077 3780 ὅλως
1094 3695 1294 3797 ἐγέννησεν,

97 3818 193 3897 ἱνατί
215 3825 375 3899 καλεῖται
402 3819 554 3922 Πατήρ;
591 3827 669 3904 πῶς
697 3818 736 3899 δὲ
764 3819 858 3903 ὅλως
877 3817 975 3918 Υἱὸς,
997 3825 1026 3899 εί
1048 3818 1099 3919 μὴ
1125 3818 1295 3922 ἐγεννήθη

291 4028 303 4074 ι
313 4019 355 4075 tit.
367 4037 425 4092 ααρ.
433 4037 461 4092 3.
473 4028 499 4076 et
510 4019 592 4075 verba
604 4019 654 4075 SS.
669 4019 726 4075 Ser.
738 4019 782 4074 hic
795 4019 828 4074 E.
872 4017 1072 4091 συλλογισμῶν]
1082 4018 1186 4074 Veecus
1197 4018 1294 4075 Archi·

135 4017 201 4074 ι.Ρ
282 4019 289 4032 '

96 4018 1205 4232 ιαιιῗιίαιηιηηηταιαιςποοηιιι
1226 4091 1295 4216 ,ιιι

97 4231 173 4284 θεόν.
236 4247 263 4302 3.
275 4232 316 4284 καὶ
328 4231 402 4301 priua
415 4248 467 4284 ass.
477 4248 511 4285 ex
521 4230 554 4285 B.
617 4243 643 4298 5.
656 4229 969 4301 ofivassumptumexss.
1032 4229 1058 4284 6.
1071 4230 1112 4283 καὶ
1124 4238 1294 4300 assumptum

97 4315 130 4352 ex
144 4298 178 4353 B.
346 4300 373 4355 8.
391 4301 505 4369 καθάπερ
518 4299 551 4353 Β.
564 4300 629 4355 moa
641 4299 694 4354 Ed.
861 4315 887 4370 9.
906 4300 921 4353 δ
933 4297 1021 4369 Σωτήρ
1032 4308 1202 4369 assumptum
1214 4317 1247 4354 ex
1260 4299 1294 4354 Β.

98 4368 140 4423 16.
159 4367 215 4423 καθ
232 4370 331 4426 έαντόν·
359 4369 420 4424 ἀλλ’
437 4369 510 4440 οὐδὲ]
526 4370 581 4425 καθ
596 4373 701 4435 ἑαυτῶν,
716 4368 776 4424 ἀλλ’
793 4370 852 4424 οὗδὲ
869 4369 1022 4439 ὑφεστάναι·
1048 4367 1104 4424 καθ’
1121 4371 1217 4424 έαντῶν
1232 4368 1293 4424 ἀλλ’

95 4439 231 4508 omme)
246 4438 278 4496 B.
368 4456 411 4495 ατ.
430 4441 503 4496 δεδι.
515 4457 569 4495 om.
582 4440 626 4495 B.'
706 4439 846 4510 π3.οὕτο]
899 4439 906 4457 ’
956 4438 990 4494 Β.
1084 4439 1126 4494 τ6.
1145 4439 1294 4498 humen.

94 4509 181 4563 invito
193 4508 276 4565 nuth.
325 4512 340 4565 ὁ
352 4527 406 4566 om.
419 4510 452 4566 Β.
464 4511 547 4566 invito
560 4510 643 4566 Euth.
758 4523 801 4580 τη.
819 4460 996 4580 &mov
1007 4508 1089 4564 Euth.

139 4609 210 4655 vol„
228 4611 250 4656 1.
684 4611 704 4655 Β
