3038 5018
238 287 304 351 670
543 287 582 352 ς.
606 285 812 352 omum
842 256 1130 351 ALEXANDR.
1332 279 1452 365 ωηο.

240 455 299 531 καὶ
317 450 479 554 Ἀβιρίυν
496 451 540 549 οἲ,
565 457 629 553 τῆς
650 451 840 536 Μωυσέως
864 450 1054 553 ἡγεμονίας
1079 443 1454 529 καταστασιάσαντὲ

240 610 328 655 ποτε
351 579 409 655 καὶ
433 576 585 677 ἄκλητοι
608 574 699 681 πρὸς
718 575 784 676 τὴν
801 580 866 675 τῆς
885 577 980 658 θείας
999 572 1195 677 ἱερωσύνης
1212 573 1455 669 αναπηδῆσιιι

241 697 346 805 τάξιν
365 701 407 779 οῦ
426 703 710 797 καταδείσαντες,
728 702 871 780 πανοικὶ
890 697 1097 798 κατέβησαν
1115 702 1164 780 είς
1186 694 1234 776 τὰ
1260 694 1370 795 βάθη
1392 697 1455 792 τῆς

75 818 181 946 {Q
243 826 322 924 γῆς’
354 828 412 904 καὶ
432 828 465 905 οὶ
483 821 548 924 μὲν
566 823 663 924 ἦσαν
681 829 728 907 είς
748 821 846 930 ᾆδον,
865 822 1052 926 διεσώζετο
1077 819 1115 901 δὲ
1136 824 1201 920 τῆς
1225 823 1455 920 συναγωγῆς

76 963 118 1014 33·
242 947 285 1026 τό
314 945 454 1029 λοιπόν.
495 953 586 1052 χρῆν
611 947 649 1028 δὲ
677 946 792 1047 δήπου
818 945 973 1044 ποίντως,
997 945 1093 1048 εἴπερ
1119 942 1164 1046 ἦν
1188 942 1289 1027 ὅλως
1320 945 1392 1023 οῦκ
1418 945 1481 1026 εἰι5

210 1073 340 1156 λιθείας
367 1073 487 1174 ὀργῆς,
516 1072 600 1151 ἀλλ’
629 1072 674 1178 ἐξ
700 1067 795 1172 ὥρας
827 1070 850 1170 ἡ
881 1068 1044 1165 κόλασις,
1072 1070 1134 1150 οῦκ
1161 1069 1219 1173 ἐφ’
1251 1065 1294 1147 ἓν
1323 1069 1456 1150 ιῖιπλιῦς

244 1194 559 1301 καταρρήγνυσθαι
586 1196 693 1298 μέρος
718 1199 781 1293 τῆς
809 1197 1036 1295 συναγωγῆς,
1060 1193 1146 1272 ἀλλ’
1173 1190 1270 1292 ὅλην
1297 1191 1347 1299 ἐξ
1371 1191 1456 1271 ἴσον

243 1327 494 1424 περισχοῦσαν
512 1320 616 1400 ἑλεῖν.

301 1445 446 1523 Οὐκοῦν
478 1445 545 1548 οὐχ
576 1440 673 1546 ὥραν
705 1438 781 1521 οὐδ’
812 1441 946 1545 ἡμέραν
979 1439 1060 1521 οὐδὲ
1091 1437 1215 1542 καιρὸν
1244 1441 1297 1524 ὦς
1330 1437 1357 1541 ἢ
1391 1446 1455 1518 τοῦ

244 1574 443 1650 λυποῦντος
460 1566 651 1674 πρόξενον,
674 1563 697 1666 ἢ
715 1573 780 1645 τοῦ
796 1562 999 1672 πεφυκότος
1018 1564 1216 1670 εὐφραίνειν
1236 1562 1449 1670 καταδεξῶ·
1467 1595 1496 1636 ιο

244 1696 347 1787 μεθα,
366 1689 407 1769 τὸ
431 1689 521 1770 ὅσον
540 1696 587 1774 εὶς
611 1693 702 1769 ἰδίαν
722 1686 887 1793 φύσιν,ἢ
915 1692 973 1767 καὶ
999 1687 1095 1770 ὅπως
1118 1688 1164 1766 ἄν
1181 1721 1237 1770 τις
1263 1686 1382 1768 εἰπὼν
1400 1688 1451 1768 ἐπ’

245 1812 354 1893 αὐτὸν
373 1815 437 1893 οῦκ
462 1812 506 1893 ἂν
526 1812 689 1916 ἁμάρτοι·
729 1811 815 1892 ἀλλ’
835 1813 1057 1919 ε’κδεξῶμεθα
1081 1811 1146 1910 μέν
1164 1808 1207 1891 τδ
1232 1811 1281 1917 ἐξ
1302 1807 1452 1913 ὥραςῆ

245 1935 317 2016 ἀπὸ
341 1945 465 2040 καιροῦ
488 1938 679 2042 χρήσιμον,
699 1941 757 2016 καὶ
782 1938 821 2017 εἰς
846 1943 918 2016 τῶν
935 1938 1102 2016 ἐναντίων
1119 1933 1161 2015 τὸ
1179 1934 1344 2031 βλάβος,
1367 1933 1453 2015 ὅταν

245 2059 268 2162 ἢ
297 2059 546 2161 ἐπιστημόνως
571 2058 785 2161 προσιόντες
811 2061 923 2163 ἤγουν
944 2063 1102 2158 ἀμαθῶς,
1129 2059 1151 2159 ἢ
1176 2065 1253 2141 τοῖς
1277 2055 1452 2159 ἡδέσινῆ

217 2193 319 2268 οτοῑς
356 2186 423 2289 οὐχ
456 2187 568 2269 οὕτως
601 2184 747 2290 ἔχουσιν
778 2184 1059 2287 περιπίπτωμεν.
1107 2181 1182 2263 οἷον
1215 2181 1260 2261 δέ
1287 2216 1325 2262 τι
1360 2182 1456 2288 φημί
1465 2218 1494 2278 ¹5

79 2312 148 2426 {⁰⁰¹-
161 2329 197 2362 ¹¹¹·
247 2320 269 2357 “
286 2308 421 2413 Καιρδς
440 2310 548 2389 παντὶ
566 2305 782 2409 πράγματι,”
802 2305 895 2388 καθὰ
913 2307 1124 2410 γέγραπται,
1143 2309 1200 2387 καὶ
1218 2302 1263 2386 τὸ
1281 2307 1352 2405 μὲν
1370 2308 1452 2387 εἰδέ-

97 2416 104 2429 ’
248 2468 304 2513 ναι
330 2434 482 2537 καιρούς,
502 2431 815 2538 ἐπωφελέστατον,
833 2430 875 2512 τὸ
899 2429 938 2511 δὲ
961 2432 1011 2531 μὴ
1036 2432 1268 2528 ἐπίστασθαι,
1286 2430 1393 2511 πολι)
1410 2431 1454 2531 δὴ

247 2557 331 2635 λίαν
350 2556 542 2660 ἐπιζήμιον.
582 2559 638 2637 δεῖ
660 2555 732 2660 γὰρ
753 2558 817 2637 οῦκ
835 2559 873 2636 ἐν
893 2562 1039 2662 χειμῶνι
1058 2557 1334 2654 ναυτίλλεσθαι,
1354 2554 1455 2636 τὸδὲ

247 2682 286 2758 ἐν
309 2680 400 2782 θέρει
424 2689 531 2761 τοῦτο
556 2684 645 2782 δρᾶν
668 2682 732 2760 οῦκ
759 2682 983 2761 ἀπαίδευτον·
1015 2682 1108 2760 οὕτω
1136 2679 1175 2759 δὲ
1201 2681 1286 2781 περὶ
1314 2679 1456 2760 τούτων

248 2803 460 2902 διακείμενοι
493 2803 723 2903 ἀναθήσομεν
759 2811 832 2884 τῶν
868 2804 951 2884 καθ’
988 2804 1081 2903 ἡμᾶς
1116 2803 1162 2884 τὰ
1198 2801 1370 2903 πηδάλια
1406 2809 1497 2912 τῷιο

247 2924 394 3008 πάντων
431 2926 606 3033 ἐπιστύτη
644 2934 739 3035 Θεῷ.
799 2936 828 3009 εί
865 2927 937 3030 γὰρ
975 2926 1067 3008 κατὰ
1103 2926 1169 3027 την
1205 2929 1354 3032 ἀψευδῆ
1392 2935 1456 3008 τοῦ

250 3056 417 3154 Σωτῆρος
436 3051 571 3159 φωνὴν,
590 3051 632 3132 τὸ
655 3052 783 3154 μικρὸν
798 3061 904 3132 τοῦτο
929 3058 988 3132 καὶ
1013 3049 1150 3136 εὐτελὲς
1174 3054 1374 3152 στρουθίον
1392 3054 1455 3133 οῦκ

247 3174 292 3255 ἂν
321 3183 368 3260 εἰς
395 3178 532 3278 παγίδα
559 3176 656 3281 πέσῃ
684 3174 772 3256 ποτὲ
799 3177 883 3280 δίχα
910 3181 974 3275 τῆς
1000 3176 1146 3278 γνώμης
1173 3182 1237 3253 τοῦ
1266 3180 1370 3255 Θεοῦ
1398 3178 1456 3256 καὶ

78 3047 201 3097 matth.

78 3129 103 3163 x.
118 3127 156 3178 τη.

213 3299 405 3402 δΠατρδς,
424 3307 501 3384 πῶς
526 3299 571 3379 ἂν
595 3302 614 3379 ὁ
640 3301 733 3380 οὕτω
760 3300 988 3400 τετιμημένος
1014 3303 1071 3380 καὶ
1096 3297 1162 3397 τὴν
1186 3296 1279 3378 κατὰ
1304 3297 1457 3380 πάντων

248 3427 378 3528 ψῆφον
397 3423 533 3528 λαχὼν,
551 3422 662 3504 πάθοι
680 3459 714 3503 τι
733 3430 806 3504 τῶν
823 3423 923 3527 παρὰ
941 3424 1089 3527 γνώμην
1107 3418 1130 3522 ἢ
1157 3423 1233 3501 κατ’
1255 3421 1385 3528 εὐχὴν,
1405 3419 1456 3524 μὴ
1467 3460 1497 3521 ²5

249 3548 331 3650 οῦχὶ
357 3552 420 3645 τῆς
448 3549 617 3650 προνοίας
644 3549 746 3627 οὐδέν
772 3583 807 3628 τι
835 3547 1020 3648 καλούσης
1047 3554 1119 3628 τῶν
1144 3548 1342 3652 εἰρημένων
1364 3552 1453 3628 ἀνα·

250 3669 371 3773 λόγως
389 3679 461 3757 τοῖς
480 3668 624 3778 ἑκάστῳ
642 3672 897 3771 βεβιωμένοις;

307 3795 530 3898 Παραθήσω,
549 3795 595 3875 δέ
614 3831 648 3875 τι
676 3794 767 3900 πρὸς
789 3795 925 3880 τούτοις
951 3796 1082 3899 ἕτερον,
1106 3794 1126 3874 δ
1151 3796 1210 3874 καὶ
1235 3803 1368 3897 μικροῦ
1390 3800 1458 3896 τῆς

250 3917 391 4018 μνήμης
429 3919 666 4024 ἀποτιναχθέν
701 3919 868 4028 ἐξῴχετο,
907 3921 1019 3999 καίτοι
1059 3920 1142 3998 λίαν
1180 3915 1347 4023 ῦποίρχον
1383 3927 1459 3999 τῶν

250 4042 492 4144 προκειμένων
519 4042 702 4143 συγγενὲς,
731 4050 876 4142 μᾶλλον
904 4043 941 4122 δὲ
971 4041 1037 4141 τὴν
1065 4040 1175 4140 αὐτὴν
1202 4041 1369 4147 ἐξαιτοῦν
1397 4043 1456 4149 ἐφ’
1469 4077 1500 4137 ηο

250 4167 364 4273 ἑαυτῷ
391 4164 548 4267 ζήτησιν,
572 4171 631 4246 καὶ
658 4166 723 4266 τὴν
749 4167 859 4247 λύσιν
884 4166 967 4271 έχον
993 4168 1035 4245 οῦ
1063 4162 1237 4270 χαλεπὴν,
1265 4165 1370 4244 ἀλλὰ
1398 4170 1460 4247 καὶ

288 4351 313 4401 ι).
332 4329 400 4401 οὐδ’]
414 4331 472 4384 οὐδὲ
486 4349 510 4385 a.
570 4333 604 4388 ὥς
616 4331 631 4397 ἣ
644 4332 741 4386 retinui
753 4350 785 4385 ex
799 4331 890 4387 Hnlst.
905 4331 956 4386 Ed.
969 4350 985 4384 a
999 4334 1024 4401 (e
1038 4330 1092 4399 sil.)
1105 4329 1156 4400 ὅση
1170 4330 1203 4385 Β.
1316 4347 1361 4386 ιο.
1381 4354 1461 4386 κατα·

252 4402 379 4469 δεξόμεθα
391 4420 415 4455 a.
430 4403 489 4456 Cat.
504 4402 579 4456 Harl.
690 4420 729 4456 12.
749 4403 905 4474 εἰιδεξόμεθα
917 4422 941 4459 a.
956 4403 1015 4458 Cat.
1032 4403 1107 4457 Harl.
1213 4416 1256 4454 20.
1275 4405 1329 4455 νῦν
1343 4402 1395 4458 Et
1408 4403 1463 4459 Ed.

252 4476 288 4596 ἑῷ
303 4473 361 4596 {A
382 4543 400 4596 b
444 4489 486 4527 αι.
506 4477 552 4527 τοῦ
565 4480 735 4544 assumptum
748 4492 780 4528 ex
796 4475 826 4528 B.
945 4475 987 4529 τό.
1006 4473 1114 4545 ὀφθέντι
1128 4471 1160 4527 Β.
1175 4471 1224 4527 Ης.
1237 4471 1314 4527 οὐδέν
1327 4495 1354 4528 τι
1367 4492 1463 4530 emen·

272 4561 312 4596 av]
364 4561 380 4595 u
403 4583 409 4595 .
