3038 5018
100 304 220 393 περ.
301 308 357 371 IN
388 308 421 373 s,
445 309 700 391 ιοΑΝΝΕΜ.
747 312 842 377 οιο.
863 313 899 377 ν.
945 312 1048 378 σιν.
1072 313 1101 378 1.
1234 314 1297 377 687

101 509 180 555 τινα
199 485 261 555 τοῦ
283 480 502 579 παραδείσου
528 483 672 576 δηλοῦν,
692 482 740 562 ὡς
765 482 824 558 καὶ
851 483 1009 563 εἰσαῦθις
1036 480 1118 578 ἡμῖν
1137 482 1293 577 δοθησο·

100 594 208 696 μένου
241 599 298 680 διὰ
330 606 507 704 Χριστοῦ.
562 600 678 703 ἐπειδὴ
713 602 750 682 δὲ
784 601 839 682 ὅτι
872 601 917 682 τά
950 602 1070 683 πάντα
1101 609 1228 698 λαβεῖν
1259 600 1330 681 ε’κᾶ

98 722 290 828 χειμάῤῥου
326 723 501 826 προσήκει
537 732 748 806 τελευτῶντι
783 726 993 829 προσέκειτο
1031 733 1083 834 τῷ
1118 729 1227 833 ῥητῷ,
1256 724 1301 832 ἐξ

99 848 209 927 αὑτοῦ
236 884 275 929 τε
301 847 414 929 πάλιν
441 849 725 956 εὐφραινόμενοι,
753 849 937 952 ε’λέγομεν,
965 850 1144 957 χειμάῤῥιρ
1169 884 1293 951 παρω-

69 978 280 1070 Βμοιῶσθαι
308 973 371 1052 τὸν
392 973 527 1075 Κύρων
554 974 655 1074 ἡμῶν
676 974 822 1073 Ἰησοῦν
849 971 913 1054 τὸν
936 973 1111 1078 Χριστὸν,
1133 974 1171 1052 ἐν
1196 970 1225 1080 ᾧ
1253 970 1297 1070 δή

101 1101 227 1175 πᾶσαν
254 1094 321 1195 τὴν
347 1099 384 1176 ἐν
411 1099 537 1177 ἐλπίσι
564 1098 693 1203 τέρψιν
718 1133 757 1178 τε
785 1101 843 1178 καῖ
871 1097 1011 1204 τρυφήν
1036 1095 1243 1200 εὑρήσομεν,
1261 1096 1299 1173 ἐν

103 1220 200 1327 αύτῷ
218 1254 255 1299 τε
278 1219 600 1326 εύφρανθησόμεθα
625 1223 725 1307 θείως
750 1258 787 1303 τε
815 1227 873 1301 καὶ
899 1227 1155 1318 πνευματικῶς.
1187 1217 1241 1298 ὅτι
1261 1216 1298 1297 δὲ

103 1342 315 1448 χειμάρρους
331 1346 414 1424 ε’στί
429 1380 467 1425 τε
486 1347 544 1425 καὶ
568 1354 727 1426 καλεῖται
745 1351 1002 1445 πνευματικῶς,
1019 1343 1299 1447 ἐπιμαρτυρήσει

103 1465 221 1569 λέγων
246 1474 304 1547 καὶ
332 1470 352 1548 5
381 1467 595 1574 σοφώτατος
624 1469 707 1567 ἡμῖν
731 1469 905 1576 μελῳδὸς,
928 1471 976 1554 ὡς
1003 1466 1095 1571 πρὸς
1121 1464 1216 1546 Θεὸν
1242 1467 1300 1545 καὶ

51 1615 91 1658 10
105 1590 252 1694 Πατέρα
279 1597 361 1695 περὶ
389 1593 489 1691 ήμῶν
514 1603 536 1638 “
552 1598 601 1672 Oi
630 1590 667 1672 δὲ
696 1595 761 1672 υἱοὶ
789 1598 862 1672 τιῦν
889 1590 1089 1695 ἀνθρώπων
1116 1593 1154 1669 ἐν
1181 1589 1300 1695 σκέπη
1345 1582 1467 1712 ἔξω·

103 1725 127 1762 “
145 1722 217 1795 τῶν
233 1715 421 1819 πτερύγων
438 1750 509 1795 σου
527 1718 703 1797 ε’λπιοῦσι.
732 1716 1026 1816 μεθυσθήσονται
1043 1711 1115 1795 άπδ
1133 1714 1330 1815 πιότητοςθ

104 1848 126 1885 “
145 1839 242 1919 οἵκοο
273 1874 354 1938 σου,
384 1843 441 1920 καῖ
471 1839 535 1920 τὸν
564 1839 777 1945 χειμάρρουν
807 1845 871 1940 τῆς
901 1843 1039 1945 τρυφῆς
1070 1873 1141 1918 σου
1169 1846 1301 1923 ποτιεῖς

105 1971 127 2009 “
146 1963 304 2047 αύτούς.”
344 1965 402 2043 καῖ
427 1961 533 2048 αύτῦς
559 1964 601 2044 δέ
621 1999 692 2044 που
719 1969 833 2068 φησὶν
850 1967 888 2043 ἐν
907 1963 1109 2066 προφήταις
1128 1965 1148 2042 5
1170 1963 1302 2065 Κύριος

106 2096 128 2133 “
145 2084 238 2166 Ἰδού
263 2086 335 2190 ἐγὼ
360 2089 510 2168 ἐκκλίνω
537 2087 628 2189 πρὸς
656 2087 783 2174 αὐτούς
811 2091 858 2173 ὡς
885 2085 1047 2186 ποταμὸς
1075 2085 1223 2189 εἰρήνης,
1243 2089 1301 2166 καὶ
1347 2078 1455 2194 {¹¹⁹2

55 2236 93 2297 15
107 2219 128 2255 “
147 2213 194 2292 ὡς
219 2211 429 2315 χειμάῤῥους
453 2209 681 2314 ε’πικλύζων.”

176 2335 322 2435 Ἐπειδὴ
354 2337 473 2415 τοίνυν
506 2337 526 2414 5
564 2338 669 2435 νόμος
703 2335 840 2436 κλητῆν
872 2337 980 2438 ἁγίαν
1013 2334 1133 2415 ε’κάλει
1166 2333 1232 2432 τήν
1265 2368 1303 2413 τε

105 2460 262 2561 πΡώΤηνι
282 2464 339 2539 Καὶ
357 2460 423 2559 Τὴν
442 2461 599 2562 ἑβδόμην
617 2465 680 2561 Τῆς
698 2465 821 2564 ἑορτῆς
840 2461 985 2563 ἡμερας,
1004 2459 1172 2565 μεγάλην
1192 2455 1303 2556 αὐτὴν

106 2580 360 2681 κατωνόμασεν
379 2588 437 2663 καὶ
462 2585 568 2668 αὐτὸς
593 2588 613 2665 5
639 2587 833 2668 θεσπέσιος
853 2579 1141 2687 Εύαγγελιστῆς,
1161 2615 1302 2682 τετριμ-

106 2707 223 2805 μένον,
243 2710 290 2790 ὡς
312 2707 411 2805 ἔοικε,
430 2716 504 2793 τοῖς
521 2709 703 2791 Ἰουδαίοις
729 2709 793 2788 ούκ
817 2707 997 2804 ἀτιμάσας
1022 2709 1111 2793 ἔθος.
1151 2706 1303 2804 ἐνούσης

58 2866 96 2907 20
107 2840 296 2932 τοιγαροῦν
314 2839 388 2915 τοῖς
414 2836 493 2936 περὶ
519 2836 582 2931 τῆς
607 2834 731 2935 ἑορτῆς
757 2833 1041 2934 διατεταγμένοις
1065 2834 1123 2911 καὶ
1149 2835 1214 2931 τῆς
1238 2839 1332 2912 τοῦς
1352 2837 1472 2894 469Ᾰ·

107 2953 298 3060 χειμάῤῥου
326 2953 477 3056 μνήμης,
505 2955 699 3040 ε’πιδεικνῦς
727 2955 852 3036 ἑαυτὸν
876 2959 896 3035 5
922 2955 1050 3059 Σονιῆρ
1079 2955 1187 3035 αύτδν
1212 2957 1299 3035 ε’κεῖ·

108 3114 171 3159 νον
189 3078 276 3158 ὄντα
300 3078 364 3160 τὸν
388 3079 610 3184 χειμάῤῥουν,
631 3079 669 3165 ῦς
694 3082 731 3160 ε’ν
754 3085 805 3187 τῷ
831 3084 964 3187 νομικφ
989 3076 1305 3183 προκατηγγέλετο

107 3202 209 3311 λόγῳ
236 3207 282 3282 Εἴ
300 3240 350 3289 τις
377 3199 474 3313 διφιῖ
500 3211 615 3310 φησιν
635 3202 776 3312 ἐρχέσθω
794 3206 877 3309 πρίς
895 3238 942 3311 με
969 3211 1029 3284 m}
1056 3205 1187 3284 πινέτω.
1237 3202 1305 3307 δρα

107 3327 180 3431 γὰρ
206 3326 303 3411 ὅπως
329 3327 496 3435 ἐξίστησι
523 3335 596 3409 τῶν
620 3329 804 3409 Ἰουδαίων
828 3326 893 3408 τὸν
920 3336 1004 3408 νοῦν
1028 3334 1100 3408 τῶν
1125 3330 1163 3406 ἐν
1190 3326 1307 3429 γράμ-

60 3479 98 3541 25
109 3486 201 3553 μασι
231 3452 363 3548 τύπων,
392 3457 449 3531 καὶ
480 3453 702 3556 μετακομίζει
733 3444 872 3558 εύφυιῦς
903 3451 949 3532 τὰ
977 3455 1016 3532 ἐν
1043 3450 1250 3556 σχήμασιν,
1278 3451 1312 3530 εἴ

110 3610 145 3656 τι
164 3575 401 3676 συμβουλεύει
420 3576 485 3676 τήν
504 3576 685 3676 ἀλήθειαν.
726 3577 797 3679 ἐγὼ
815 3574 887 3679 γάρ
906 3579 980 3675 εἶμί
993 3582 1110 3684 φησιν
1129 3578 1149 3656 5
1168 3574 1226 3656 διὰ
1244 3583 1308 3655 τοῦ

111 3701 304 3798 νομοθέτου
321 3702 510 3805 χείμαρῥος
532 3704 569 3780 έν
588 3708 662 3785 τοῖς
686 3703 767 3804 περὶ
792 3705 857 3800 τῆς
879 3704 1001 3804 ἑορτῆς
1026 3696 1309 3806 προαναφωνού-

111 3858 216 3921 μενος
238 3823 371 3926 λόγοις.
410 3828 468 3903 καὶ
494 3831 523 3903 εί
550 3824 705 3909 κλάδους
730 3824 824 3908 ἰτέας
849 3826 907 3903 καὶ
932 3823 1044 3926 ἄγνου
1071 3826 1128 3903 καὶ
1155 3820 1309 3906 κλάδους

111 3947 226 4053 ξύλου
249 3952 370 4030 δασεῖς
395 3951 434 4027 ἐκ
458 3947 649 4052 χειμάῤῥοο
674 3956 802 4044 λαβεῖν
828 3951 1033 4050 ἀναγκαῖον,
1057 3946 1245 4052 χείμαῤῥος
1271 3943 1343 4024 δὲὶ)

149 4125 173 4162 1.
192 4108 288 4176 δηλοῦν
301 4107 334 4162 Β.
347 4109 423 4177 δηλοῖ
436 4108 526 4163 Holst.
540 4108 591 4163 Ed.
741 4125 767 4179 3.
785 4105 913 4177 προσήκει
925 4106 1076 4160 emendavit
1089 4107 1188 4177 Heyse.
1200 4105 1309 4175 προσεί-

111 4179 183 4265 θοντι
195 4201 233 4232 κει
245 4179 287 4246 (=
300 4180 446 4249 προσείκει)
461 4180 492 4234 Β.
505 4178 681 4249 προσελθόντι
695 4180 735 4233 καὶ
751 4179 799 4233 Ht.
813 4177 865 4233 Ed.
990 4197 1016 4245 4.
1033 4177 1235 4248 πορωμοιῶσθοι
1249 4177 1308 4230 BA.

111 4265 318 4338 πορομοιοῦσθαι
333 4266 380 4319 Ht.
395 4266 445 4320 Ed.
566 4281 592 4334 5.
611 4268 656 4320 τὸν
667 4256 713 4320 dlt.
726 4276 896 4335 assumptum
909 4283 941 4319 ex
956 4264 988 4318 B.
1109 4282 1152 4319 21.
1171 4264 1311 4320 ε’πιδεικνύς

112 4341 203 4393 εὀυτόν
215 4356 239 4392 a.
253 4337 425 4392 έπιδείκνυσοι
437 4338 520 4391 αὐτῶν
531 4337 564 4390 Β.
576 4337 748 4392 ἐπιδείκνυσιν
759 4337 837 4390 οῦτδν
846 4335 949 4408 [ἑαυτὸν
961 4354 975 4389 e
989 4335 1047 4390 Cat.
1061 4345 1092 4390 ut
1101 4334 1155 4389 vid.
1164 4333 1248 4406 ΑΗΒ]
1261 4337 1310 4390 Ht.

115 4409 167 4463 Ed.
249 4425 290 4462 22.
309 4407 534 4479 προκατηγγέλετο
549 4407 580 4461 Β.
596 4407 869 4479 Ht.npomn'1yye)w0
882 4406 953 4461 Aub.
1035 4423 1077 4530 σέ.
1097 4407 1164 4477 διψᾷ
1178 4410 1247 4477 φησι
1259 4405 1311 4460 hoc

115 4478 351 4549 ordinessmg.a.
424 4495 466 4546 24.
486 4477 526 4549 ἐν]
543 4480 677 4542 -Ι-τοῖςιι.
751 4494 794 4545 25·
813 4476 860 4531 εἴτι
874 4477 907 4532 Β.
918 4475 969 4531 εἴτε
985 4476 1033 4531 Ht.
1071 4475 1098 4530 d.
1171 4492 1214 4547 ιη.
1233 4498 1311 4546 νομο·

115 4548 204 4620 θέτου]
218 4552 298 4620 νόμον
310 4567 334 4605 α.
347 4548 407 4604 Cat.
422 4549 497 4603 Harl.
605 4549 648 4604 28.
666 4548 689 4602 εί
701 4548 812 4606 κλάδους
825 4547 858 4602 Β.
870 4548 909 4602 ἔτι
920 4546 1018 4602 κλάδον
1031 4546 1080 4602 Ht.
1093 4545 1144 4603 Ed.
