3038 5018
251 284 316 348 636
554 284 594 348 Β.
617 281 826 348 CYRILLI
855 282 1144 348 ALEXANDR.
1347 279 1458 360 vii-24

309 452 397 532 Πιῦς
421 449 494 544 οῦν,
511 448 602 528 εἴποι
629 482 683 533 τις
710 445 756 528 ἀν
780 451 840 528 καὶ
866 447 951 528 λίαιν
972 447 1127 545 εἰκότως,
1146 447 1187 525 ἐν
1209 449 1261 551 τῆ
1289 451 1364 524 τοῦ
1389 444 1459 522 νέου

251 579 345 650 λαοῦ
363 571 455 651 κατά
472 581 612 671 πνεῦμα
629 578 804 677 περιτομῇ
822 575 882 650 καὶ
899 572 920 650 ὁ
938 569 1069 672 ταύτης
1087 572 1289 672 ἀπείρατος
1308 563 1459 670 Ἰσραῆλ

250 695 505 798 περισύζεται;
535 694 626 800 πρὸς
644 696 688 796 δῆ
706 693 812 775 τοῦτό
831 701 963 801 φαμεν,
981 698 1029 778 ὡς
1047 693 1138 773 ὅσον
1155 692 1228 791 μὲν
1246 692 1341 794 ῆκεν
1360 688 1459 774 εἰςτδ

250 818 301 917 μῆ
328 823 482 917 θελῆσαι
506 818 571 899 τὸν
588 818 744 923 Ἰσραῆλ
766 818 1042 926 παραδέξασθαι
1066 816 1132 917 τῆν
1156 816 1381 896 ἀνάστασιν
1405 821 1458 894 τοῦ

252 947 420 1046 Σωτῆρος
438 943 539 1041 ἡμῶν
556 949 733 1047 Χριστοῦ,
750 944 1012 1039 βεβασίλευκεν
1031 940 1076 1022 ἀν
1094 943 1153 1021 καὶ
1171 944 1225 1025 εἰς
1242 938 1291 1021 τὸ
1312 936 1479 1040 διηνεκὲς5

251 1069 272 1146 ὁ
291 1065 454 1151 θάνατος·
478 1067 597 1167 ε’πειδῆ
615 1066 653 1147 δέ
672 1071 705 1147 οὶ
721 1066 984 1152 πιστεύσαντες
1000 1065 1262 1172 παρεδέξαντο,
1277 1067 1328 1145 δι’
1341 1062 1459 1144 αὐτοῦς

252 1197 301 1276 εἷς
319 1191 410 1292 ὅλην
429 1190 529 1291 διέβη
554 1190 622 1292 τῆν
640 1191 757 1299 φύσιν
775 1227 797 1291 η
821 1196 885 1290 τῆς
908 1189 1146 1274 ἀναστάσεως
1169 1188 1295 1295 χάρις,
1317 1221 1456 1291 προτει-

85 1337 200 1395 4υυΔ.
223 1317 381 1416 ινομένη
411 1313 546 1417 τρόπον
567 1313 648 1393 τινὰ
672 1322 746 1399 τοῖς
773 1313 874 1397 ὅλοις
901 1313 961 1393 διὰ
988 1317 1052 1412 τῆς
1079 1315 1116 1392 ε’ν
1143 1311 1335 1411 πνεύματι
1362 1344 1458 1413 περι·

251 1444 375 1539 τομῆς·
415 1440 529 1518 εἶκαὶ
556 1437 681 1537 πολλῆ
704 1472 758 1521 τις
787 1438 810 1537 ἡ
837 1441 902 1537 τῆς
927 1434 1164 1521 ἀναστάσεως
1190 1435 1232 1515 έν
1254 1469 1299 1515 τε
1328 1433 1459 1516 τούτοις

251 1565 421 1646 κάκείνοις
459 1563 584 1663 ὁρᾶται
621 1560 788 1666 διαφορά.
844 1567 878 1641 οἱ
909 1560 974 1660 μέν
1005 1559 1078 1663 γάρ
1112 1560 1155 1640 τὸ
1187 1561 1388 1642 πιστεύειν
1417 1564 1493 1641 εἷςιο

252 1684 418 1789 Χριστὸν
449 1685 696 1794 ἐξωθούμενοι,
726 1689 784 1766 καὶ
816 1693 893 1769 ταῖς
925 1685 1120 1769 ἀπειθείαις
1153 1684 1373 1788 ὑβρίζοντες
1404 1682 1459 1762 τάν

251 1808 409 1916 χορηγὸν
436 1815 500 1908 τῆς
527 1808 628 1913 ζωῆς,
655 1809 745 1889 ὅσον
772 1815 820 1895 εὶς
848 1807 890 1889 τὸ
917 1808 1030 1908 μόνον
1057 1812 1260 1903 ἀναβιῶναι
1293 1806 1367 1908 τῆν
1392 1806 1458 1887 ἀπὸ

251 1938 315 2034 τῆς
332 1933 569 2018 ἀναστάσεως
589 1938 801 2036 κερδανοῦσι
821 1932 984 2031 δύναμιν·
1022 1931 1302 2026 ἀναβιῶσονται
1324 1931 1399 2036 γὰρ
1416 1938 1458 2014 εἱς

253 2058 474 2160 κατάκρισιν,
494 2059 558 2137 οὐκ
579 2056 834 2159 ἀγαπήσαντες
851 2055 915 2136 τὸν
932 2060 1133 2136 δικαιοῦντα
1154 2055 1347 2158 Χριστόν·
1377 2054 1458 2137 οἱδὶ

251 2186 315 2281 τῆς
342 2190 407 2261 τοῦ
436 2185 603 2284 Σωτῆρος
630 2177 866 2263 ἀναστάσεως
894 2182 1112 2277 θαυμασταὶ,
1135 2180 1195 2259 καὶ
1223 2185 1306 2258 τῶν
1330 2183 1492 2269 ἔπαλ-ις

85 2304 201 2435 ἔξω
218 2308 240 2372 b
252 2304 376 2405 μάτων
403 2306 547 2405 γνήσιοι
576 2306 745 2412 φύλακες,
774 2314 795 2350 “
809 2311 857 2387 εἰς
885 2303 1091 2384 ἀνάστασιν
1118 2303 1245 2405 ζωῆς,”
1276 2302 1380 2385 καθά
1407 2304 1459 2405 γέ

252 2463 421 2532 γραπται,
441 2433 504 2528 τῆς
528 2431 566 2508 έν
590 2425 680 2534 ᾗπέρ
704 2433 796 2507 εἰσιν
817 2426 1069 2535 ἐξοιχῆσονται
1093 2431 1173 2529 γῆς.
1215 2429 1459 2535 παραπέμψει

252 2561 441 2655 τοιγαροῦν
466 2554 486 2631 ὁ
510 2555 548 2631 ἐν
570 2551 744 2650 πνεύματι
769 2553 1066 2653 περιτετμημένος
1094 2548 1184 2633 λαὸς
1212 2553 1277 2630 καὶ
1306 2557 1360 2637 εἰς
1384 2551 1461 2636 τοὺς

251 2676 427 2759 ἀπίστους
460 2674 510 2756 ἔτι
543 2673 585 2754 τὸ
617 2675 706 2755 ἴδιον
736 2675 886 2776 ἀγαθόν.
934 2677 1030 2782 αὐτῷ
1062 2673 1135 2777 γὰρ
1168 2674 1306 2776 κυρίως
1344 2677 1369 2776 ῆ
1403 2680 1461 2774 τῆς

252 2796 487 2884 ἀναστάσεως
512 2800 695 2902 ὀφείλεται
718 2797 832 2904 χάρις,
849 2798 1085 2905 παραπέμψει
1105 2795 1144 2877 δὲ
1163 2799 1222 2877 καὶ
1240 2804 1296 2881 εἷς
1321 2801 1496 2904 ε’τέρυυςῒο

252 2921 373 3021 αὐτῆν,
402 2922 493 3023 ὅλην
520 2926 559 3002 ε’κ
588 2921 713 3028 τέχνης
746 2924 938 3001 ἀνασῶσαι
967 2919 1033 3020 τὴν
1061 2921 1175 3026 φύσιν
1203 2922 1461 3022 ἐθελήσαντος

251 3054 315 3124 τοῦ
339 3051 445 3126 Θεοῦ.
485 3051 534 3131 ὡς
557 3045 628 3150 γάρ
654 3046 674 3125 ὁ
701 3042 850 3129 Παῦλός
874 3053 1001 3152 φησιν,
1019 3041 1145 3147 ὥσπερ
1172 3044 1278 3142 ἡμεῖς
1310 3044 1463 3146 ῆπειθῆ-

252 3169 368 3268 σαμέν
399 3206 485 3250 ποτε
518 3177 569 3278 τῷ
602 3169 690 3277 ε’λέη)
728 3177 792 3249 τοῦ
823 3168 988 3271 Ἰσραὴλ,
1020 3169 1079 3248 ἵνα
1115 3167 1174 3247 διά
1210 3171 1278 3267 τῆς
1318 3171 1463 3249 ἐκείνων

85 3287 615 3338 1t01n1ti.·r=x
797 3291 948 3318 -1
1129 3291 1461 3336 ’.ιιυ

152 3326 157 3338 ·
253 3301 443 3379 ευπειθειας
472 3329 537 3394 την
562 3300 620 3373 δια
648 3299 813 3397 Χριστου
840 3298 1063 3396 κερδανωμεν
1091 3325 1195 3397 χαριν
1249 3302 1377 3373 ὀυτω
1407 3327 1463 3373 και

87 3369 126 3418 31·

224 3427 274 3480 0“
293 3419 391 3496 αὐτοὶ
426 3427 488 3496 νῦν
523 3418 724 3517 ἠπείθησαν
756 3423 807 3524 τῷ
839 3417 996 3525 ῆμετέρερ
1028 3416 1128 3512 ἐλέει,
1162 3416 1221 3495 ἵνα
1261 3420 1326 3496 καὶ
1361 3418 1499 3502 aarum

253 3551 274 3588 “
292 3539 405 3621 πάλιν
422 3539 631 3641 ε’λεηθῶσι,”
651 3542 951 3644 παραπέμποντος
977 3543 1034 3619 καὶ
1059 3545 1108 3624 εἷς
1134 3537 1263 3622 αὐτούς
1283 3549 1356 3621 τοῦ
1378 3546 1461 3621 Σω-

252 3669 358 3767 τῆρος
386 3664 488 3764 ἡμῶν
510 3670 675 3766 Χριστοῦ
697 3664 754 3744 διά
778 3670 842 3763 τῆς
867 3665 1037 3766 ἡμετέρας
1064 3663 1223 3745 πίστεως
1250 3661 1298 3743 τὸ
1326 3666 1372 3744 ἐκ
1402 3669 1463 3765 τῆς

252 3787 484 3871 ἀναστάσεως
503 3786 651 3889 ἀγαθόν.
690 3785 735 3866 τά
753 3786 823 3890 γάρ
841 3795 914 3871 τοῖς
932 3788 1145 3867 πιστεύουσι
1162 3787 1463 3891 χρεωστούμενα,

250 3911 548 4016 πρεπωδέστερον
566 3913 636 4017 ὅλη
661 3918 822 4014 δωρεῖται
845 3918 891 4016 τῆ
918 3910 1040 4016 φύσει.
1080 3909 1140 3991 διὰ
1164 3911 1236 4014 γάρ
1262 3945 1323 3991 τοι
1354 3923 1464 3995 τοῦτο

252 4040 309 4116 καὶ
348 4038 367 4116 ὁ
406 4037 600 4120 θεσπέσιος
637 4037 720 4135 ἡμῖν
755 4034 964 4121 ἀπόστολος
1003 4041 1152 4120 Παῦλος
1189 4032 1232 4114 τὸ
1270 4039 1360 4138 περὶ
1403 4042 1502 4138 τῆςςο

289 4318 331 4372 23.
350 4300 502 4368 ἵνα-χάριν
514 4318 568 4356 om.
583 4302 615 4355 B.
801 4319 842 4369 ²4·
861 4301 1013 4373 εὐπειθείας]
1029 4300 1186 4371 Legendum
1198 4309 1229 4354 ut
1241 4299 1300 4356 vid.
1314 4301 1466 4361 ἀπειθείας.

252 4389 295 4442 30.
314 4380 319 4408 λ
475 4372 651 4429 εάπόστολος
664 4372 769 4426 inverso
782 4374 873 4426 ordine
888 4372 920 4424 B.
1027 4389 1126 4442 30-p.
1140 4372 1156 4424 6
1177 4385 1200 4441 7,
1217 4388 1258 4425 ιο.
1280 4375 1297 4426 ὁ
1310 4374 1467 4433 θεσπέσιος

251 4450 263 4487 ῐ
495 4444 509 4496 ῦ
527 4443 590 4496 citat
608 4454 700 4496 catena
717 4443 816 4496 inedita
835 4444 861 4496 in
878 4442 1098 4512 Praxapostolum
1116 4443 1144 4496 in
1157 4388 1227 4495 {ibt
1243 4441 1468 4503 pantocratoros

503 4523 625 4578 nervam,
638 4531 690 4568 sec.
704 4532 730 4568 ιι.
744 4514 859 4569 ineuntis
873 4513 931 4568 vide
944 4514 971 4567 in
983 4514 1021 4568 xii
1035 4513 1133 4585 Proph.
1146 4510 1197 4568 268
1206 4528 1230 4568 ο.
