3038 5018
249 295 315 357 τοι
552 293 590 357 Β.
614 292 821 358 cmm
852 293 1139 360 ALEXANDR.
1216 277 1225 299 ²
1356 291 1445 356 im.

249 463 377 551 λαβεῖν
403 456 467 536 τὸν
494 458 602 561 ἄρτον
629 464 702 537 τῶν
728 459 860 539 τέκνων
893 461 952 538 καὶ
983 464 1111 554 βαλεῖν
1144 463 1217 543 τοῖς
1250 458 1444 560 κυναρίοις,

250 583 522 686 δακρυρῤοοῦντι
550 586 608 662 καὶ
635 589 789 666 πολλοῖς
816 588 865 666 εῖς
894 580 997 661 ἐ’λεον
1023 585 1272 686 ἐκλιπαροῦντι
1305 579 1445 683 λόγοις,

249 706 474 813 προσέῤῥιψε
492 713 543 814 τῷ
562 708 694 814 γυναίῳ
711 705 777 806 τὴν
794 705 909 811 χάριν,
929 708 970 787 οὐ
988 704 1073 809 παρ’
1091 706 1210 807 ἑτέρον
1230 705 1445 800 νομοθετού-

249 863 355 927 μενος
387 828 451 910 τὸν
481 839 544 911 τοῦ
576 829 710 910 διδόναι
743 829 875 932 καιρὸν,
904 832 988 909 ἀλλ’
1017 831 1124 914 αὐτὸς
1157 828 1326 935 ὑπάρχων
1355 829 1449 927 μετὰ

252 950 397 1055 Πατρός
424 951 582 1055 ὁριστὴς,
607 956 654 1036 ὡς
677 950 765 1037 Υἱός
793 955 850 1032 καὶ
876 951 970 1037 Θεὸς
997 955 1055 1033 καὶ
1082 953 1228 1056 Κύριος·
1266 955 1360 1032 οὕτω
1388 955 1482 1032 καὶὸ

215 1077 473 1180 νΣαμαρείτας
497 1076 603 1177 ἠλέει,
626 1078 684 1155 καὶ
711 1079 775 1176 τῆς
801 1082 1020 1178 θεοπρεποῦς
1043 1075 1210 1183 ἐξουσίας
1234 1075 1301 1176 τὴν
1323 1075 1447 1184 ἀφρα-

249 1234 341 1280 στον
371 1200 635 1280 ἀνακαλύπτων
667 1198 826 1298 δύναμιν,
860 1200 944 1279 ὁδοῦ
980 1198 1162 1303 πάρεργον
1199 1199 1318 1304 χώρας
1358 1199 1449 1300 ὅλης

248 1330 398 1403 ποιεῖται
426 1323 489 1404 τὸν
511 1322 713 1430 φωτισμόν.

299 1444 376 1528 Ἠν
400 1447 438 1528 δέ
463 1450 521 1527 καὶ
545 1447 670 1550 έτερως
697 1445 841 1542 ἄτοπον,
864 1445 932 1547 ἤδη
960 1453 1037 1531 ταῖς
1061 1448 1243 1531 ἀπονοίαις
1270 1455 1449 1546 λελυττη-

212 1671 217 1678 ,
249 1570 337 1651 κότα
356 1572 414 1651 καῖ
437 1576 604 1676 φονῶντα
627 1569 718 1651 κατὰ
742 1578 806 1650 τοῦ
828 1569 962 1673 Κυρίου
980 1568 1044 1649 τὸν
1060 1569 1215 1674 Ἰσραὴλ
1231 1572 1450 1671 ἀγαπᾶσθαι
1466 1607 1503 1648 ιο

249 1695 401 1777 τελείως.
439 1692 558 1792 ἐπειδὴ
583 1691 622 1773 δὲ
645 1695 744 1774 οὕτω
769 1692 835 1793 μὲν
861 1695 1053 1790 ὁλοτελεῖς,
1071 1696 1187 1773 διώκει
1212 1696 1246 1773 δ’
1266 1694 1329 1774 οὖν
1350 1691 1450 1791 ὅμως

249 1817 300 1896 ἔτι
329 1817 553 1931 συμμέτρως,
583 1816 642 1897 διὰ
671 1826 777 1897 τοῦτο
810 1821 868 1897 καὶ
901 1820 921 1897 ὁ
955 1818 1087 1921 Κύριος
1119 1818 1219 1916 ἡμῶν
1249 1815 1393 1917 Ἰησοῦς
1427 1818 1449 1897 ὁ

249 1938 412 2044 Χριστὸς
430 1942 528 2021 οὕτω
547 1940 612 2034 μὲν
630 1939 738 2021 αὐτὸν
757 1941 966 2042 ὁλοκλήρως
987 1944 1191 2042 ἀπογυμνοῖ
1203 1945 1266 2040 τῆς
1284 1938 1446 2045 χάριτος,

249 2062 384 2171 ἐξέλκει
408 2063 444 2142 δ’
466 2065 529 2144 οὖν
552 2064 648 2163 ὅμως
675 2069 723 2148 εῖς
751 2062 888 2167 ἑτέρους
913 2065 979 2164 τὴν
1003 2065 1171 2167 εὐλογίαν
1193 2063 1284 2143 κατὰ
1307 2062 1445 2170 βραχεῖ.

219 2186 291 2267 οτὸ
316 2185 354 2267 δὲ
380 2186 475 2272 ὅλως
499 2192 563 2289 τῆς
580 2188 761 2269 Ἰουδαίων
779 2189 1051 2268 ἀπανίστασθαι
1073 2188 1202 2291 χώρας,
1223 2195 1280 2268 καὶ
1305 2195 1355 2273 είς
1379 2187 1448 2287 τὴν
1465 2220 1499 2278 ¹5

249 2317 321 2389 τῶν
351 2315 562 2413 ἀλλογενῶν
590 2309 805 2413 σπουδάζειν
838 2310 934 2407 ἱέναι,
964 2308 1022 2391 διά
1053 2308 1118 2409 τὴν
1145 2319 1218 2393 τῶν
1245 2310 1448 2393 διωκόντων

249 2435 514 2537 ἀπανθρωπίαν,
537 2435 668 2534 ἀπειλή
695 2469 749 2520 τις
776 2432 830 2534 ἦν,
853 2434 1013 2536 καθάπερ
1040 2436 1078 2514 έν
1102 2435 1203 2543 τόπῳ
1228 2434 1445 2542 ζωγραφου·

248 2557 336 2657 μένη
370 2564 416 2662 τῇ
453 2567 517 2637 τοῦ
554 2557 767 2661 πράγματος
804 2557 925 2664 φύσει,
958 2561 1006 2641 ὡς
1042 2557 1244 2658 ὁλόκληρον
1276 2557 1346 2658 ἤδη
1382 2562 1448 2657 τῆς

248 2678 392 2783 χάριτος
418 2683 634 2778 ὑπομενοῦσι
659 2682 794 2786 ζημίαν,
818 2686 877 2761 καὶ
902 2683 1212 2789 παραπέμψονσιν
1234 2688 1282 2766 εἷς
1307 2681 1448 2784 ἑτέρους

248 2802 291 2882 τὸ
310 2810 436 2884 οἰκεῖον
454 2805 602 2906 ἀγαθὸν,
622 2808 784 2886 τουτέστι
804 2803 866 2886 τὸν
884 2802 1058 2908 Χριστὸν,
1073 2813 1102 2885 εί
1119 2804 1170 2905 μὴ
1188 2811 1251 2907 τῆς
1269 2811 1317 2890 εῖς
1336 2806 1449 2886 αὑτὸν
1464 2843 1502 2885 ιο

248 2929 432 3029 παροινίας
449 2926 681 3033 ἀπόσχοιντο.

218 3173 237 3228 6
264 3161 328 3230 Ἠν
357 3166 392 3231 δὲ
418 3163 486 3231 ἐκεῖ
513 3165 598 3241 unffi
625 3169 682 3230 τοῦ
705 3164 833 3242 Ἰακώβ·
872 3168 890 3233 ὁ
917 3162 973 3231 οὖν
996 3167 1123 3232 Ἰιισοῦε
1151 3165 1356 3230 κεκοπιακὼς
1385 3166 1423 3231 ἐκ

215 3284 237 3348 d
409 3297 468 3356 τιῖι
492 3291 683 3378 ὁδοιπορίας
710 3292 879 3379 ἐκαθίζετο
906 3293 1012 3357 οὕτως
1038 3290 1092 3356 &ni
1122 3296 1158 3380 τῇ
1186 3295 1284 3379 nul-fi.

304 3448 400 3535 Τοὺς
437 3457 499 3551 τῆς
535 3455 708 3538 Ἰουδαίας
745 3454 848 3556 ὅρους
885 3453 1101 3553 ἐκβεβηκάνς,
1142 3457 1201 3533 καὶ
1236 3451 1336 3556 παρὰ
1370 3461 1449 3538 τοῖς

248 3573 485 3678 ἀλλογενέσιν
512 3575 580 3676 ἤδη
608 3576 763 3678 γεγονῖος
792 3581 811 3657 ὁ
842 3574 969 3679 Σωτὴρ
998 3579 1054 3656 ἐπὶ
1088 3585 1126 3690 τῇ
1153 3585 1246 3688 πηγῇ
1274 3578 1446 3656 καταλόει
1463 3607 1503 3667 ²5

247 3701 302 3779 τοῦ
320 3699 466 3793 Ἰακώβ·
498 3702 546 3783 ὡς
564 3702 601 3780 ε’ν
620 3701 719 3807 τύπῳ
743 3701 856 3782 πάλιν
874 3703 957 3801 ἡμῖν
976 3703 1034 3780 καῖ
1061 3701 1105 3779 δι’
1125 3703 1332 3803 αἰνίγματος
1357 3703 1447 3784 ὑπο-

246 3821 390 3920 δεικνὺς,
411 3822 465 3903 ότι
490 3823 557 3904 κάν
578 3827 642 3924 τῆς
660 3824 901 3927 Ἰερουσαλὴμ
926 3822 968 3904 τὸ
993 3823 1225 3926 εὐαγγελικὸν
1243 3824 1447 3930 ἐκφοιτῆσῃ

245 3946 422 4050 κήρυγμα,
450 3952 508 4028 καὶ
539 3953 587 4031 εὶς
619 3947 703 4047 έθνη
732 3945 860 4028 λοιπὸν
888 3948 908 4026 ὁ
936 3951 1028 4030 θεῖος
1055 3947 1223 4049 ε’κδράμοι
1251 3946 1374 4049 λόγος,
1404 3952 1447 4028 οὐ

245 4070 613 4170 συναποβληθήσεται
638 4078 689 4178 τῷ
713 4068 867 4175 Ἰσραὴλ
892 4071 914 4169 ἡ
940 4078 988 4154 εἰς
1012 4070 1095 4155 τούς
1120 4071 1274 4174 πατερας
1299 4072 1442 4173 ἀγάπη,

280 4306 306 4360 8.
324 4307 433 4360 ποιείτω
447 4305 480 4360 Β.
493 4306 604 4362 ε’ποιεῖτο
617 4305 668 4362 Ed.
778 4305 818 4358 18.
856 4308 867 4322 ⁶
881 4323 934 4359 om.
950 4305 982 4360 B.
1030 4256 1173 4374 πτέθρῖάτῗς
1187 4305 1219 4360 Β.
1334 4323 1378 4363 20.
1398 4311 1446 4363 τὸν

244 4392 298 4428 om.
314 4375 344 4428 B.
467 4394 508 4443 24.
526 4380 571 4446 τῆς
581 4376 706 4432 Ἰουδαίας
720 4376 778 4429 Βα.
792 4376 846 4429 Cor
867 4382 938 4431 ,τῶν
948 4376 1078 4430 Ἰουδαίων
1091 4376 1141 4431 Ed.
1190 4379 1231 4431 καὶ
1243 4395 1297 4432 om.
1312 4376 1345 4432 B.
1359 4378 1444 4436 Cord.

245 4443 359 4499 habeta.
433 4459 475 4516 27.
491 4446 550 4518 κᾶν]
565 4455 592 4510 -1-
605 4449 656 4501 ἆπὸ
670 4446 751 4502 cord.
764 4444 815 4500 ἀπὸ
828 4445 901 4500 deest
913 4447 977 4501 ina.
1013 4445 1128 4518 φοιτὴσῃ
1142 4447 1224 4502 Cord.
1236 4448 1406 4520 ἀποφαιτῆσρ
1417 4468 1444 4507 ιι.

245 4514 288 4568 28.
306 4513 354 4586 είς]
371 4521 400 4578 -ί-
415 4518 447 4569 τά
459 4535 483 4585 ιγ.
497 4516 577 4572 Cord.
