3038 5018
99 295 120 363 i.
135 315 166 363 α.
283 294 341 361 IN
371 294 405 360 S.
428 293 684 362 JOANNEM.
730 295 877 362 LIB.I.
923 295 1111 366 CARIV.
1255 297 1298 363 61

100 456 305 560 ὑπήκουσεν
323 460 344 540 5
363 458 501 565 Σωτῆρ,
520 458 621 541 ἀλλὰ
646 462 705 542 καὶ
729 460 818 562 αὐτῆ
841 469 915 561 τῶν
932 461 1115 545 Ἰουδαίων
1132 462 1155 563 ῆ
1179 494 1300 566 περιε-

100 589 234 665 στιῦσα
259 582 412 685 πληθύς,
439 591 585 684 μᾶλλον
612 581 652 665 δὲ
679 591 752 668 τῶν
780 586 892 689 ἁγίων
918 592 1089 687 μαθητῶν
1117 588 1138 667 5
1164 583 1298 691 χορός;

100 706 171 789 ἔδει
188 706 262 813 γάρ
279 714 426 808 μῦλλον
444 706 571 794 αὐτοῦς
592 707 639 789 τὰ
661 713 839 814 θεοπρεπῆ
862 709 1107 818 φαντάζεσθαι
1123 720 1300 792 πλεονεκ·

99 829 253 932 ιῆματα,
276 838 335 911 καὶ
361 829 412 932 μῆ
439 838 514 916 τοῖς
545 833 628 912 καθ’
659 833 751 934 ἡμᾶς
778 831 900 932 νόμοις
935 832 1083 938 ῦπάγειν
1108 839 1303 940 πειρᾶσθαι

69 953 149 1038 sva
173 952 263 1059 ῦπέρ
286 954 389 1054 ἡμᾶς.
428 951 495 1054 τὴν
516 952 583 1053 μὲν
604 952 676 1060 γάρ
701 964 767 1037 τοῦ
790 955 961 1057 σώματος
986 957 1096 1059 άκοῆν
1114 955 1303 1057 σωματικὴ

102 1076 360 1184 προσαράσσει
397 1074 512 1183 φωνῆ,
545 1078 604 1157 καὶ
639 1077 772 1164 κτύπος
809 1080 830 1159 5
867 1077 927 1160 διὰ
957 1080 1106 1185 χειλέων
1137 1085 1185 1163 εἰς
1217 1076 1334 1182 ἀέραα
1372 1096 1413 1152 41
1427 1093 1469 1150 Δ.

103 1200 308 1308 προκύψας,
325 1197 350 1300 ἢ
368 1196 428 1281 διά
446 1233 542 1283 τινος
559 1205 721 1306 μηχανῆς
740 1201 860 1307 ἐτέρας
878 1201 1085 1304 ἐπινοηθείς·
1122 1201 1243 1303 ιῆνδέ
1268 1204 1306 1283 ἐν

105 1322 271 1430 άρῥήτοις
300 1329 438 1430 φωναῖς
464 1323 579 1427 ῆρέμα
606 1329 665 1405 καὶ
692 1328 797 1406 οἱονεὶ
824 1324 917 1407 κατὰ
944 1334 1028 1408 νοῦν
1055 1325 1307 1434 στρεφομένην

105 1447 289 1546 βούλησιν
305 1455 371 1527 τοῦ
396 1443 553 1551 Πατρῖις,
571 1447 681 1547 μόνος
706 1446 800 1529 οἶδεν
817 1450 860 1529 ’ἐν
877 1450 973 1557 αὐτῷ
997 1454 1162 1556 φυσικῶς
1186 1448 1305 1554 ύπάρ·

55 1609 94 1650 ιο
106 1606 182 1676 χων
201 1572 222 1652 5
239 1566 328 1656 Υἱὸς
346 1572 395 1656 ὡς
413 1573 530 1677 σοφία
548 1573 667 1653 αὐτοῦ.
708 1577 813 1679 φωνῆ
831 1573 869 1652 δέ
887 1579 932 1677 τῆ
951 1571 1008 1654 διά
1026 1573 1162 1655 κτύπον
1180 1575 1308 1679 κεχρῆ-
1338 1637 1340 1643 .

108 1699 196 1775 σθαι
233 1692 297 1775 τὸν
333 1694 429 1775 Θεὸν
468 1693 737 1794 ὑπολαμβάνειν
768 1703 955 1781 παντελῶς
991 1697 1176 1793 ἀπίθανον,
1211 1694 1308 1800 ε’ίπερ

109 1814 255 1917 οἰόμεθα
279 1822 352 1898 δεῖν
373 1816 574 1920 ἀποσώζειν
595 1853 640 1924 τη
666 1817 755 1923 ῦπέρ
779 1820 899 1901 πάντα
923 1819 1034 1925 φύσει
1057 1819 1104 1901 τά
1129 1816 1218 1923 ῦπέρ
1241 1816 1309 1918 τῆν

109 1942 240 2022 κτίσιν.
294 1939 419 2026 άλλως
455 1975 495 2021 τε
532 1943 591 2023 καὶ
627 1941 732 2028 αι’πῖις
765 1946 785 2023 5
819 1942 951 2046 Κύριος
983 1945 1083 2043 ἡμῶν
1111 1944 1255 2043 Ἰησοῦς
1287 1941 1308 2021 5

110 2063 274 2169 Χριστὸς
300 2064 364 2145 οῦκ
388 2063 458 2173 ἔφη
484 2064 594 2166 αὐτὴν
612 2066 738 2172 φωνῆν
755 2064 843 2147 εἶναι
867 2074 931 2147 τοῦ
950 2072 1045 2148 θεοῦ
1070 2067 1128 2146 καὶ
1147 2061 1341 2168 Πατρῦς,1)

62 2209 97 2270 ¹5
111 2189 196 2267 ἀλλ’
216 2187 297 2269 οῦδὲ
321 2192 384 2290 τῆς
407 2187 492 2292 παρ’
518 2190 637 2293 ἐτέρον
665 2189 831 2290 δεόμενον
852 2191 1034 2294 ἑρμηνείας
1058 2187 1149 2293 πρὸς
1172 2185 1216 2269 τὸ
1242 2186 1305 2269 δύ·

111 2317 246 2393 νασθαι
270 2317 396 2411 μαθεῖν
416 2309 483 2411 τῆν
504 2321 568 2393 τοῦ
591 2313 737 2417 Πατρῦς
760 2312 942 2413 βούλησιν
963 2311 1089 2394 ἑαυτὸν
1106 2310 1310 2394 ἐπιδεικνύει
1360 2377 1361 2380 ,

111 2435 232 2538 λε’γων
250 2444 271 2482 “
285 2436 344 2514 Οῦ
369 2437 411 2516 δι’
431 2434 492 2536 ἐμὲ
515 2437 539 2537 ἡ
563 2435 667 2543 φωνῆ
692 2440 782 2539 αὕτη
807 2436 965 2540 γε’γονεν,
989 2433 1090 2517 ἀλλά
1114 2437 1156 2517 δι’
1182 2435 1307 2535 ὑμᾶς·”
1354 2430 1477 2560 ἔξω·

111 2562 205 2663 χρῆν
234 2558 277 2638 δέ
299 2593 353 2661 γε,
381 2556 410 2638 ὦ
440 2559 637 2659 βέλτιστοι,
666 2566 811 2661 μᾶλλον
838 2567 956 2659 εἰπεῖν,
983 2561 1017 2641 εἴ
1042 2593 1085 2662 γε
1115 2564 1235 2643 καλῦς
1263 2556 1310 2638 τὰ

113 2690 259 2764 τοιαῦτα
274 2685 355 2784 περὶ
372 2684 480 2763 αὐτοῦ
498 2683 661 2790 δοξάζετε
678 2682 885 2765 Ἠκούσατε
901 2683 976 2784 μετ’
996 2685 1082 2784 ἐμοῦ
1102 2687 1166 2781 τῆς
1188 2685 1311 2788 φωνῆς

61 2814 180 2904 νοτοῦ
218 2807 373 2910 Πατρός·
417 2808 491 2887 νυνὶ
525 2806 564 2887 δέ
596 2813 644 2891 είς
675 2814 748 2888 πᾶν
780 2809 985 2888 τούναντίον
1016 2804 1235 2912 περιτρέφας
1269 2805 1312 2885 τὸ

115 2927 344 3029 δηλούμενον,
377 2931 456 3011 οὔτε
488 2935 611 3036 φωνῆς
647 2928 773 3011 ἑαυτὸν
802 2934 990 3030 δεδεῆσθαι
1025 2936 1311 3033 προσομολογεῖ,

117 3056 332 3155 γεγενῆσθαι
356 3051 394 3133 δέ
417 3059 563 3151 μᾶλλον
587 3051 699 3154 αῦτῆν
724 3055 767 3133 δι’
785 3054 933 3137 ἐκείνους
960 3050 1224 3157 διισχυρίζεται,
1250 3052 1344 3135 σῦκα

116 3178 393 3283 ἐκπεφωνῆσθαι
428 3174 528 3279 παρὰ
558 3184 623 3256 τοῦ
656 3176 812 3279 Πατρδς,
844 3174 944 3255 ἀλλὰ
977 3175 1144 3277 γενέσθαι
1176 3177 1236 3254 καὶ
1271 3175 1312 3255 δι’

116 3299 275 3382 ἐκείνους.
309 3302 367 3379 καὶ
386 3304 415 3379 εῖ
433 3300 553 3380 πάντα
571 3301 613 3378 δι’
630 3302 738 3380 αὐτοῦ
756 3300 776 3379 5
791 3298 883 3383 Θεὸς
902 3303 960 3379 καὶ
976 3297 1105 3402 Πατῆρ
1123 3294 1316 3402 ἐργάζεται,

65 3440 104 3500 25
118 3424 161 3502 δι’
182 3424 290 3503 αὐτοῦ
308 3422 353 3518 δῆ
370 3420 514 3506 πάντως
532 3424 591 3502 καὶ
609 3431 724 3520 τοῦτο,
743 3421 943 3522 μᾶλλονδὲ
961 3421 1067 3506 αὐτὸς
1086 3420 1132 3523 ἦν
1150 3423 1172 3522 ἦ
1197 3418 1314 3528 φωνὴ,

118 3547 186 3651 οῦχ
215 3547 328 3653 ἑαυτῷ
353 3545 420 3647 τῆν
446 3554 510 3626 τοῦ
537 3545 776 3650 γενιαῆσαντος
803 3546 1002 3648 ἑρμηνεύων
1027 3544 1199 3626 διάθεσιν·
1242 3540 1318 3648 ᾔδει

120 3667 192 3772 γὰρ
228 3672 276 3753 ὡς
309 3667 409 3754 Υἱός·
458 3666 558 3749 ἀλλὰ
594 3678 670 3754 ταῖς
707 3675 779 3750 τῶν
814 3667 1064 3773 περιεστώτων
1096 3670 1228 3765 ἀκοαῖς,
1259 3666 1319 3748 ἵνα

48 3862 50 3866 ⁴
118 3791 380 3875 πιστεύσωσιν.

177 3946 279 3996 Amo.
308 3922 354 3997 Εἰ
372 3913 486 4019 λόγου
504 3916 597 4002 τινὸς
616 3914 776 4020 ἐμφύτου
801 3914 994 4014 δεδεῆσθαί
1015 3921 1109 4020 φασι
1132 3913 1196 3994 τὸν
1213 3909 1317 4013 Υίδν,

161 4129 183 4168 1.
198 4112 342 4182 ὑπήκουσεν
354 4112 436 4168 Euth.
449 4110 523 4180 ἐτῆκ.
534 4111 585 4168 Ed.
621 4110 636 4179 ἡ
648 4115 699 4164 τῶν
706 4108 783 4163 Ἰουδ.
795 4118 821 4163 et
832 4111 847 4163 δ
859 4114 910 4163 τῶν
921 4108 964 4179 ἇγ.
975 4131 1004 4178 μ.
1015 4108 1120 4163 inverso
1132 4107 1225 4162 ordine
1235 4107 1319 4164 Euth.

123 4201 149 4240 2.
168 4185 210 4237 καὶ
222 4201 270 4254 pro
282 4185 384 4252 μᾶλλον
396 4183 424 4237 δέ
437 4182 521 4238 Euth.
606 4199 632 4248 4.
650 4179 790 4250 πειρᾶσθαι
801 4180 909 4250 ὑπάγειν
920 4179 975 4235 inv.
987 4177 1045 4233 ord.
1059 4178 1141 4233 Euth.
1230 4195 1256 4245 5.
1274 4179 1321 4248 μέν

122 4272 178 4308 om.
192 4253 274 4308 Euth.
322 4257 368 4307 τοῦ
380 4262 548 4324 assumptum
561 4270 592 4306 ex
606 4251 639 4306 B.
654 4249 736 4304 Euth.
808 4268 833 4320 9.
846 4246 893 4303 οἶδ’
907 4249 939 4303 Ε.
987 4249 1093 4302 ε’ναῦτ*
1106 4251 1224 4319 φυσικῶς
1237 4248 1321 4304 Euth.

124 4323 176 4379 Ed.
189 4327 308 4395 φυσικῶς
320 4323 387 4399 αῦτφ
402 4322 435 4377 Β.
517 4339 558 4393 13.
577 4323 649 4375 dalt.
662 4337 715 4374 om.
729 4319 812 4375 Euth.
891 4336 932 4385 14.
951 4319 1052 4388 ἔφησεν
1089 4318 1147 4374 uth.
1194 4319 1322 4389 φανῆναί

124 4392 333 4463 τῆςοαι.Εαι1ι.
441 4393 483 4447 18.
503 4392 581 4463 ἐχρῆν
593 4390 677 4460 Εαιῖι.
796 4407 836 4460 19.
855 4389 933 4443 αὐτοῦ
947 4389 1014 4444 B.E.
1026 4392 1093 4444 Θεοῦ
1107 4389 1143 4445 Ι).
1157 4388 1209 4445 Ed.
1221 4387 1247 4444 εἴ
1286 4417 1322 4430 -·

123 4465 245 4532 δοξάζετε
258 4463 357 4518 denunt
369 4464 397 4518 in
412 4462 494 4517 Euth.
578 4477 622 4518 ιο.
640 4465 685 4516 νῦν
697 4459 779 4514 Euth.
870 4476 913 4515 τι.
931 4459 1008 4514 αὐτὸν
1021 4458 1071 4514 Ed.
1085 4460 1174 4514 invitis
1186 4460 1260 4514 omni
1279 4476 1321 4515 ος.

126 4533 172 4588 sed
185 4534 263 4605 αὐτὴν
276 4533 328 4589 Ed.
342 4551 395 4605 mg.
440 4534 544 4613 μᾶλλον
555 4533 634 4604 αὐτὴν
645 4531 696 4587 hoc
707 4529 801 4587 ordine
815 4528 896 4586 Euth.
910 4528 989 4603 [Ed.]
1003 4530 1109 4588 inverso
1121 4529 1213 4586 ordine
1227 4529 1259 4584 B.
