3038 5018
241 283 305 346 164
543 280 582 344 Β.
607 274 814 343 CYRILLI
844 275 1131 344 ALEXANDR.
1285 276 1306 340 i.
1321 275 1438 344 26-28.

72 453 175 578 {2323
239 441 534 549 προαγγέλληται
572 448 706 551 φωνῆς.
756 443 975 528 ἀκούσαντες
1008 441 1080 548 γὰρ
1112 442 1168 523 ὅτι
1199 453 1221 490 “
1237 440 1337 542 Ἐγά
1370 445 1439 539 εῖμι

71 580 194 710 ΞηΜῖδλ·
241 580 262 616 “
280 567 385 675 φωνὴ
403 575 563 665 βοῶντος
580 569 619 647 ἐν
636 573 682 672 τῇ
698 565 817 675 ἐρήμην
829 568 1071 664 Ἑτοιμάσατε
1093 565 1159 666 τὴν
1173 566 1256 647 ὁδὸν
1272 563 1438 668 Κυρίου,”

103 683 109 695 ’
140 683 145 695 ’
242 691 436 790 τὸνλόγον
455 693 496 772 ού
513 689 808 798 παραδεξάμενοι,
821 692 1011 796 μονονουχὶ
1030 695 1088 771 καὶ
1106 692 1234 789 ἀνέδην
1250 692 1440 786 ἐπιτιμῶσι

212 817 409 920 ολέγοντες
436 815 567 913 Οὐδὲν,
593 812 621 896 ὦ
649 815 764 906 οὗτος,
783 817 821 895 ἐν
844 818 906 894 σοὶ
933 813 976 894 τὸ
1004 812 1228 922 ἀξιόπιστον,
1248 814 1332 892 ἀλλ’
1358 811 1440 891 οὐδὲ

242 939 454 1041 θαυμαστὸν
470 938 494 1042 ἢ
513 940 616 1042 μέγα·
647 949 679 1020 τί
697 943 755 1018 καὶ
773 938 869 1023 ὅλως
886 940 1094 1047 βαπτίζειςς
1123 939 1162 1019 τί
1179 941 1237 1019 καὶ
1254 935 1439 1038 πράγματι
1454 965 1473 1026 5

242 1066 442 1172 τηλικούτῳ
466 1060 509 1145 τδ
533 1063 644 1162 μηδὲν
663 1062 759 1146 ὅλως
782 1065 987 1168 ἐπιχειρεῖς,
1029 1063 1109 1147 ἔθος
1133 1061 1171 1142 δὲ
1196 1071 1302 1142 τοῦτο
1326 1066 1441 1141 ποιεῖν

242 1197 315 1273 τοῖς
346 1189 504 1272 ἀνοσίοις
533 1187 754 1286 Φαρισαίοις,
782 1184 847 1265 τδν
873 1183 940 1285 μὲν
966 1186 1034 1286 ἤδη
1064 1182 1226 1290 παρόντα
1256 1218 1456 1283 κατασμι··

241 1312 390 1415 κρύνειν,
417 1316 697 1414 προσποιεῖσθαι
730 1309 768 1390 δὲ
799 1317 945 1407 μᾶλλον
974 1316 1080 1406 τιμᾶν
1109 1307 1173 1423 τὸν
1204 1307 1438 1418 ἀφιξόμενον·

241 1438 299 1518 ἵνα
318 1434 390 1539 γάρ
408 1440 463 1517 ἀεὶ
480 1435 545 1519 τὰς
562 1431 662 1538 παρά
683 1441 756 1513 τῶν
773 1435 955 1514 Ἰουδαίων
972 1433 1293 1535 πραγματεύωνται
1316 1431 1439 1532 τιμάς,

242 1567 300 1641 καὶ
334 1557 526 1666 χρημάτων
554 1560 692 1642 ἑαυτοῖς
724 1559 930 1665 προξενῶσι
964 1555 1177 1661 πορισμοὺς,
1210 1555 1336 1637 οὐδένα
1368 1563 1443 1636 τῶν
1458 1588 1501 1628 10

243 1687 370 1765 ἀλλων
395 1686 550 1786 ὁρᾶσθαι
576 1683 772 1776 βούλονται
800 1686 987 1784 διαπρεπῆ.
1026 1683 1119 1762 ούτω
1147 1679 1219 1784 γάρ
1248 1684 1305 1761 καὶ
1332 1678 1444 1760 αύτδν

74 1818 195 1948 mgb
243 1810 450 1890 ἀπέκτειναν
478 1806 542 1888 τὸν
569 1804 793 1908 κληρονόμον
821 1806 987 1907 λέγοντες
1006 1816 1028 1853 “
1039 1812 1151 1885 Δεῦτε
1180 1806 1443 1903 ἀποκτείνωμεν

208 1943 265 2013 d“
284 1928 392 2014 αὐτὸν
410 1934 468 2012 καῖ
486 1937 635 2036 σχῶμεν
652 1928 719 2030 τὴν
737 1930 979 2030 κληρονομίαν
998 1929 1142 2009 αύτού.”

614 2206 622 2230 ,
687 2208 693 2229 .
822 2207 827 2227 ·
902 2209 910 2230 2
964 2212 977 2232 .

192 2219 229 2274 26
632 2207 705 2283 Ετω
732 2221 873 2297 βαπτιζω
898 2232 934 2273 εν
961 2207 1064 2274 υδατι.

211 2457 230 2498 ο
298 2409 538 2521 Ἀνεξικάκως
557 2411 577 2493 ό
595 2407 767 2517 μακάριος
785 2408 989 2513 βαπτιστὴς
1007 2413 1248 2514 ἐπιτιμώντων
1267 2416 1441 2521 ἀνεγεται·
1463 2448 1501 2510 15

242 2537 452 2644 εὐαφόρμως
478 2538 516 2618 δὲ
541 2540 636 2634 λίαν,
656 2535 722 2637 τὴν
744 2541 782 2617 ἐν
803 2545 877 2622 τοῖς
901 2539 984 2618 καθ’
1004 2539 1131 2618 ἑαυτὸν
1153 2539 1329 2645 ἐξήγησιν
1348 2540 1441 2620 ὑπό-

241 2670 346 2743 θεσιν
372 2666 521 2742 ε’ποιεῖτο
548 2670 612 2742 τοῦ
639 2663 818 2762 σωτηρίου
846 2660 1084 2764 κηρύγματος·
1121 2662 1280 2743 διδάσκει
1309 2661 1346 2742 δὲ
1375 2664 1445 2764 ἤδη

244 2791 302 2865 καῖ
333 2789 401 2892 ούχ
432 2786 576 2869 ἑκόντας
613 2783 696 2869 τούς
727 2783 827 2886 παρὰ
862 2791 934 2863 τῶν
965 2789 1176 2887 Φαρισαίων
1207 2789 1443 2867 ἀποστελλο·

243 2909 377 3007 με’νους,
398 2908 452 2990 ὅτι
471 2936 538 3013 περ
556 2909 643 2989 εἵσω
662 2915 781 3013 θυρῶν
798 2910 820 2987 ὁ
840 2910 1014 3010 Χριστός.
1055 2908 1126 3011 ἐγὼ
1145 2911 1211 3007 μὲν
1228 2909 1311 3013 γὰρ,
1331 2915 1426 3017 φησὶ
1432 2971 1443 3007 ,

242 3032 512 3136 παιδαγωγικδν
529 3032 686 3137 εἰσφέρω
704 3029 747 3110 τὸ
765 3031 970 3130 βάπτισμα,
981 3032 1063 3116 τούς
1081 3034 1125 3140 ἐξ
1141 3036 1317 3136 ἁμαρτίας
1334 3068 1446 3131 μεμο-
1460 3074 1500 3115 20

243 3157 442 3255 λυσμε’νους
474 3156 666 3237 ἀπολούων
696 3158 795 3235 ύδατι
826 3155 917 3257 πρὸς
947 3158 1134 3253 μετανοίας
1161 3157 1288 3263 ἀρχὴν,
1318 3162 1376 3237 καὶ
1405 3161 1445 3238 ἐκ
1501 3204 1503 3208 ⁴

243 3291 315 3362 ταῖν
340 3280 619 3380 ἀποβεβηκότων
645 3277 920 3382 ἀνακομίζεσθαι
947 3279 1128 3360 διδάσκων
1150 3284 1210 3361 ε’πῖ
1235 3280 1281 3360 τά
1304 3280 1443 3361 τελειό-

243 3436 340 3508 τερα·
373 3413 479 3484 τούτο
504 3403 576 3505 γάρ
604 3401 649 3502 ἦν
667 3403 761 3511 ἔργῳ
786 3411 961 3506 πληροῦν,
981 3402 1001 3483 δ
1028 3404 1211 3507 κηρύττειν
1230 3404 1445 3506 ἀπεστάλην

76 3559 125 3612 111
137 3559 174 3613 Δ.
215 3525 483 3627 οἘτοιμάσατε
510 3526 677 3626 δηλονότι
703 3526 768 3624 τὴν
788 3527 873 3607 ὁδὸν
894 3528 1041 3630 Κυρίου.
1079 3529 1162 3608 όδέ
1187 3537 1259 3608 τῶν
1277 3527 1444 3632 μειῷνων

243 3683 281 3731 τε
310 3657 368 3731 καῖ
396 3650 696 3758 ἀξιολογωτάτων
724 3649 842 3751 δοτὴρ,
872 3655 929 3730 καῖ
958 3651 1105 3751 ἁπάσης
1132 3650 1352 3751 τελειότητος
1380 3657 1444 3752 τῆς
1461 3690 1500 3748 ²5

244 3777 297 3856 ἐπ’
318 3777 466 3878 ἀγαθοῖς
488 3773 654 3880 χορηγὸς,
673 3775 775 3879 μέσος
800 3774 888 3880 ύμῶν
906 3779 1028 3872 στήκει,
1049 3776 1286 3878 ἀγνοούμενος
1311 3778 1361 3856 ε”τι
1387 3776 1446 3856 διά

243 3901 310 3999 τὴν
328 3903 365 3980 ἐκ
390 3905 454 3998 τῆς
481 3899 619 4002 σαρκὸς
645 3898 854 4000 περιβολὴν,
872 3908 1047 3980 τοσοῦτον
1065 3898 1125 3999 ε’μῖ
1151 3899 1214 3980 τὸν
1235 3898 1446 3999 βαπτιστὴν

245 4024 483 4130 ύπερτρέχων,
511 4026 558 4107 ὡς
587 4023 724 4102 οἴεσθαι
752 4025 825 4101 δεῖν
848 4022 1000 4120 ἐμαυτὸν
1023 4024 1102 4104 οὐδὲ
1125 4027 1166 4103 ἐν
1187 4023 1320 4104 οῖκέτου
1343 4022 1446 4131 τάξει

282 4259 306 4303 4.
325 4235 398 4360 οὗδεὲ
416 4240 489 4300 4-τό
503 4236 553 4290 Ed.
567 4236 651 4289 invito
666 4234 697 4288 Β.
788 4248 814 4305 5.
834 4237 861 4289 δὲ
875 4254 924 4306 pro
936 4237 977 4290 καὶ
990 4239 1035 4290 alt.
1049 4236 1151 4306 Migne.
1242 4235 1268 4290 6.
1286 4235 1445 4310 τηλικούτῳ]

244 4307 362 4379 τοσούτῳ
402 4348 408 4362 .
457 4309 524 4362 ὅλως
539 4307 570 4360 Β.
583 4307 618 4359 δν
632 4305 701 4360 [λΒ.
716 4306 817 4374 Migne.
830 4306 859 4360 ὃν
872 4307 943 4362 Aub.
1019 4325 1060 4362 11.
1079 4310 1196 4378 γὰροιο.
1211 4307 1243 4360 Β.
1322 4306 1448 4378 ι4.“Εγὼ

243 4381 360 4445 βαπτίζω
373 4380 399 4432 ἐν
411 4377 484 4432 ὕδατι
499 4378 565 4431 ΒΕ.
578 4376 718 4445 Ἀπεκρίθη
735 4379 821 4432 αὐτοῖς
838 4378 981 4446 ὀῚωάννης
999 4379 1142 4448 praemittit
1160 4379 1205 4441 Β,
1219 4377 1265 4449 qui
1278 4396 1385 4432 versum
1403 4397 1447 4433 se-

245 4459 368 4518 quentem
384 4464 415 4518 27
430 4450 457 4502 in
470 4468 524 4518 mg.
539 4448 653 4508 exhibet,
667 4465 709 4500 vv.
724 4448 766 4508 26,
781 4463 812 4517 27
828 4448 878 4502 Ed.
1024 4451 1064 4503 18.
1083 4448 1323 4517 διαστελλομένας
1337 4448 1369 4502 Β.
1382 4450 1449 4504 ἀπε·

245 4521 405 4584 πτολμένουτ
419 4519 469 4573 Ed.
577 4534 620 4588 25.
638 4519 724 4585 πάσης
738 4517 769 4571 Β.
