3038 5018
102 303 275 393 ειμηη.
314 305 370 370 IN
401 303 435 368 s.
459 302 714 370 ιοκΝΝοΜ.
759 303 855 369 mn.
876 302 945 370 111.
990 303 1169 370 οιανι.
1236 302 1300 366 ιιι

102 473 160 550 καὶ
187 469 299 555 ὅντως
325 470 471 554 ἐλπίδος
498 471 539 550 οὐ
568 469 720 571 μακρὰν,
747 468 810 549 ἇτε
843 468 887 570 δὴ
918 470 1105 553 Μωυσέως
1137 466 1195 550 διὰ
1227 473 1330 548 τῶνα

101 593 271 674 τοιούτων
317 592 580 702 ε’ξυβρισμένου
625 592 804 697 ῥημάτων,
850 596 1144 696 ἀποταυροῦσθαι
1187 584 1302 671 πάλιν

101 714 238 815 αὐτούς,
260 721 319 797 καὶ
346 724 394 801 εἰς
422 715 598 819 ἀκράτους
621 713 733 818 όργάς
756 717 1000 813 ἀνακαίεσθαι,
1018 713 1061 795 τὸ
1085 715 1151 815 μὲν
1169 713 1302 815 ἀληθές

101 839 198 923 ὅπως
224 840 268 920 ἂν
286 841 361 947 έχοι
382 843 628 944 διερευνῶντας
646 840 820 937 οὐδαμῶς,
838 838 917 919 οὐδὲ
935 838 1001 939 τὴν
1020 847 1084 919 τοῦ
1102 846 1302 923 λαλοῦντος

70 962 208 1070 5άξύιιν
224 964 537 1067 ἐπιγινώσκοντος,
557 966 614 1044 ἐπὶ
640 961 677 1043 δέ
701 962 812 1061 μόνον
828 960 1097 1064 άπερισκείιτως
1118 959 1236 1047 ἰόντας
1259 963 1301 1042 τὸ

102 1091 231 1193 χρῆναι
253 1095 429 1186 τιμᾶσθαι
455 1088 629 1184 Μωυσέα,
651 1090 710 1168 καὶ
737 1088 801 1168 οὐκ
828 1085 988 1190 εὐλόγως
1013 1084 1135 1193 τυχὸν,
1158 1086 1216 1167 ότε
1244 1090 1302 1168 καὶ

102 1209 192 1315 πρός
209 1246 244 1292 τι
262 1210 304 1293 τό
327 1214 540 1316 ύπερτεροῦν
558 1211 797 1315 συγκρίνοιτο.

161 1334 412 1433 Μανθάνωμεν
439 1337 568 1433 τοίνυν,
598 1332 862 1439 εὐκρινεῖττερόν
891 1367 931 1413 τε
961 1336 1018 1414 καὶ
1048 1333 1300 1438 λογικώτερον,

103 1456 169 1556 τὴν
187 1463 234 1542 εἷς
253 1456 335 1543 τούς
354 1457 476 1561 ἁγίους
495 1458 596 1558 ἡμῶν
612 1456 764 1559 πατέρας
793 1457 1006 1558 ἐπιτηδεύειν
1024 1456 1225 1555 εὐλάβειαν,
1243 1461 1302 1537 καὶ

53 1614 90 1654 ιο
103 1581 308 1662 ἀποδιδόναι
326 1580 419 1662 κατά
435 1578 478 1662 τό
495 1580 753 1684 γεγραμμένον,
767 1590 790 1627 “
802 1584 854 1687 τῶ
870 1577 934 1660 τόν
953 1578 1072 1685 φόβον
1089 1578 1153 1660 τὸν
1171 1579 1300 1687 φόβον,
1314 1588 1434 1717 (1ξῇ

104 1715 126 1750 “
144 1712 196 1812 τῷ
224 1703 290 1805 τὴν
316 1703 422 1805 τιμὴν
449 1703 517 1804 τὴν
543 1702 683 1803 τιμήν.”
722 1701 940 1804 ἀδικήσομεν
963 1703 1035 1807 γὰρ
1062 1704 1235 1802 οὐδαμῶς,
1258 1702 1301 1784 τό

103 1828 244 1935 ἑκάστῳ
262 1826 399 1931 πρέπον
417 1825 604 1929 ἀναλόγως
621 1823 902 1928 προσάπτοντες,
915 1828 989 1906 ἐπεὶ
1008 1838 1030 1873 “
1040 1828 1099 1906 καὶ
1117 1826 1302 1926 πνεύματα
1346 1839 1443 1966 {3⁰32

104 1964 126 2000 ‘⁶
142 1959 340 2060 προφητῶν
357 1951 559 2058 προφήταις
587 1950 866 2032 ῦποτάσσεται·”
896 1952 983 2032 όταν
1001 1951 1039 2033 δὲ
1058 1949 1102 2052 δή
1120 1986 1174 2037 τις
1192 1952 1302 2057 λόγος
1392 1941 1398 1955 ’
1446 1937 1453 1953 ’

104 2076 306 2181 είσέρχηται
324 2080 405 2181 περὶ
423 2084 487 2156 τοῦ
506 2079 673 2178 Σωτῆρος
691 2076 793 2175 ἡμῶν
811 2080 987 2180 Χριστοῦ,
1005 2075 1086 2155 τότε
1105 2078 1163 2155 καὶ
1182 2078 1301 2180 λέγειν

56 2231 90 2290 ι5
104 2200 195 2298 ἡμεῖς
213 2202 407 2303 ἀναγκαίου
418 2198 537 2280 “''Ort
553 2202 607 2285 τίς
625 2203 662 2279 έν
675 2195 843 2306 νεφέλαις
862 2200 1081 2300 ίσωθύσεται
1099 2206 1150 2308 τῷ
1168 2203 1300 2311 Κυρίῳ,
1346 2189 1389 2238 Pa.

1346 2254 1461 2304 lxxxviii.

105 2335 127 2370 “
145 2322 168 2424 ἦ
187 2325 240 2409 Τίς
259 2323 520 2425 ὄμθκνθῆσεται
538 2329 590 2432 τῷ
609 2325 732 2431 Κυρίῳ
750 2325 788 2402 ε’ν
806 2328 890 2407 υἱοῖς
910 2329 1004 2404 Θεοῦ
1019 2321 1053 2419 ;”
1349 2332 1371 2383 ⁷·

1315 2473 1332 2515 e

101 2540 185 2602 Ἀλλ’
222 2540 240 2605 ὁ
271 2539 383 2626 Πατήρ
414 2561 475 2615 μου
508 2536 640 2604 δίδωσιν
672 2533 745 2614 ὑμῖν
776 2537 832 2606 τὸν
863 2537 964 2624 ἄρτον
994 2537 1031 2603 ὲκ
1067 2543 1123 2604 τοῦ
1159 2538 1300 2628 οὐρανοῦ

154 2663 211 2729 τόν
233 2664 398 2731 ἀληθινόν.
437 2665 451 2731 i
483 2662 543 2753 τάρ
569 2663 669 2751 ἀρτοα
696 2669 753 2729 τοῦ
774 2662 858 2728 Θεοῦ
883 2664 970 2729 ἐστιν
992 2664 1010 2731 ὁ
1036 2663 1241 2743 καταβαίνων
1263 2665 1300 2730 ὲκ
1316 2683 1354 2740 33

155 2795 211 2855 τοῦ
239 2789 379 2878 οὐρανοῦ
408 2788 461 2854 καί
486 2787 571 2878 <miv
598 2787 707 2854 διδοὺς
734 2791 781 2873 τῷ
809 2789 931 2874 κόσμῳ.

53 2986 92 3026 20
154 2949 257 3032 Ἔδει
293 2951 344 3052 μὴ
381 2952 492 3050 μόνον
528 2954 737 3050 ἀποστῆσαι
777 2953 941 3031 Μωυσέα
981 2955 1045 3050 τῆς
1085 2957 1303 3052 θεοπρεποῦς

105 3075 282 3182 ἐξουσίας,
303 3072 393 3154 κατά
414 3110 456 3178 γε
478 3073 545 3174 τὴν
563 3076 715 3155 ε’νοῦσαν
733 3078 771 3155 ἐν
789 3075 927 3158 ἐκείνοις
952 3073 1138 3180 διάληψιν,
1157 3078 1216 3154 καὶ
1240 3108 1303 3175 της

104 3201 157 3279 ἐπ’
192 3200 312 3307 ἐκείνῳ
347 3201 635 3301 θαυματουργίας
673 3199 850 3302 ὑπηρέτην
886 3198 1067 3306 ἀναδεῖξαι
1103 3205 1249 3296 μᾶλλον
1279 3194 1302 3297 ἢ

105 3322 272 3427 χορηγὸν,
291 3322 376 3402 ἀλλ’
397 3320 465 3421 ἤδη
490 3324 549 3400 καὶ
573 3318 661 3401 αὐτὸ
686 3323 799 3402 καίτοι
826 3322 1041 3429 παραδόξως
1069 3320 1303 3424 γεγενημένον

105 3446 402 3549 κατασμικρύνειν
431 3442 473 3525 τό
507 3450 637 3544 θαῦμα,
667 3448 725 3525 καὶ
757 3446 1032 3546 ἀντιπαραθείτει
1063 3452 1109 3550 τῇ
1138 3443 1228 3548 πρὸς
1260 3444 1333 3525 τύα
1360 3469 1472 3525 alu.

53 3604 90 3664 25
105 3570 222 3673 μεῖζον
254 3568 481 3651 ἐπιδεικνύειν
509 3569 673 3673 ι’πιάρχον
702 3568 798 3653 ὅλως
830 3567 944 3648 οὐδέν.
994 3569 1099 3673 δέχου
1133 3567 1206 3671 γάρ
1242 3602 1303 3667 μοι

104 3692 216 3773 πάλιν
233 3690 394 3773 τοιοῦτόν
411 3727 448 3772 τι
469 3698 615 3787 βοῶντα
633 3689 799 3793 Χριστόν
815 3693 882 3771 Ἐν
899 3700 1047 3797 μικροῖς,
1065 3687 1094 3771 ῶ
1117 3692 1225 3787 οῦτοι,
1244 3692 1303 3770 καὶ

104 3814 372 3900 εὐτελεστάτοις
399 3815 446 3894 τά
473 3815 620 3916 μεγάλα
647 3815 848 3918 λογίζεσθε,
876 3818 935 3895 καὶ
966 3815 1032 3915 τὴν
1060 3823 1124 3896 τοῦ
1157 3813 1304 3896 πάντων

105 3937 298 4019 Δεσπότου
316 3939 524 4046 φιλοτιμίαν
543 3941 581 4019 έν
599 3938 737 4041 ὀλίγοις
759 3942 886 4038 κομιδῆ
914 3938 1133 4041 διωρίσασθε
1151 3938 1302 4040 μέτροις.

104 4063 358 4158 ἀμαθαίνοντες
371 4059 457 4164 γάρ
483 4063 525 4142 οὐ
547 4060 639 4143 κατά
658 4096 692 4140 τι
711 4061 831 4166 βραχῦ
849 4058 892 4142 τὸ
909 4061 1026 4160 μάννα
1044 4060 1231 4163 λογίζεσθε
1251 4064 1303 4141 riv

52 4228 92 4284 30
105 4185 197 4294 ἀρτον
225 4183 310 4264 εἶναι
338 4182 401 4265 τόν
429 4185 474 4291 ἐξ
500 4189 638 4295 οὐρανοῦ,
668 4186 781 4265 καίτοι
808 4185 919 4283 μόνον
946 4187 985 4263 έν
1012 4185 1131 4293 έρὴμιρ
1158 4180 1201 4264 τύ
1231 4191 1303 4264 τῶν

141 4403 168 4458 5.
186 4390 263 4457 μόνον
275 4386 302 4442 δέ
315 4358 422 4442 inimo
434 4385 527 4441 ordine
540 4386 573 4441 B.
668 4400 692 4457 7.
712 4385 852 4457 ὑπέρτερον
866 4387 897 4441 Β.
993 4387 1019 4441 8.
1037 4407 1066 4440 τε
1078 4388 1120 4442 καὶ
1131 4390 1304 4458 λογικώτερον

106 4459 251 4582 3ιο.β.Β
306 4457 345 4511 16.
365 4455 815 4529 finiumdcinupmogja:
904 4474 946 4512 τι.
964 4455 1046 4513 οὖσαν
1060 4457 1092 4514 B.
1185 4474 1228 4530 ²5·
1247 4459 1303 4514 ι’πι-

122 4551 213 4582 (ῑκνυίί
254 4568 260 4582 ι

150 4630 219 4675 voi.
237 4631 259 4674 1.
685 4629 704 4694 3
721 4629 742 4674 ιι
