3038 5018
90 281 113 343 i.
130 301 178 345 10.
278 284 335 348 IN
367 286 401 350 S.
425 285 680 351 JOANNEM.
726 286 821 350 LIB.
846 288 873 352 Ι.
920 288 1021 353 CAP.
1046 288 1105 353 IX.
1228 289 1289 352 127

90 442 213 530 τόπος.
246 447 365 550 ἐπειδὴ
382 449 453 552 γάρ
473 451 542 557 ἔφη
562 454 643 552 περὶ
660 460 724 531 τοῦ
742 450 874 557 φωτὸς,
891 451 947 532 ὅτι
965 455 1002 532 ἐν
1019 456 1071 559 τῷ
1089 450 1216 559 κόσμῳ
1234 447 1289 550 ἦν,

91 569 151 648 ἵνα
174 569 280 669 μήτις
305 579 353 656 εἰς
377 572 546 658 ε’κτόσους
570 575 704 658 ἐννοίας
729 575 925 678 περιέλκων
943 574 986 655 τὸ
1009 574 1199 678 εἰρημένου,
1216 581 1308 657 τοῖςτ

92 695 169 771 κατ’
193 690 284 778 εἶδος
310 705 375 775 τοῦ
402 696 543 795 κόσμου
570 696 716 800 μέρεσιν
738 699 939 801 ἐναριθμιον
961 706 1098 779 ποιοῖτο
1126 696 1168 777 τὸ
1197 704 1288 804 φῶς,

92 811 218 918 ὥσπερ
236 818 299 897 οὖν
317 820 440 918 ἀμέλει
459 823 517 899 καὶ
543 821 644 921 ἥλιος
670 823 728 900 καὶ
752 820 890 921 σελήνη
916 825 974 901 καὶ
996 822 1143 924 ἀστέρες
1167 821 1289 925 τυχὸν,

59 938 131 1029 5έν
163 943 214 1046 τῷ
247 940 375 1049 κάσμιρ
407 943 471 1040 μέν
503 949 584 1040 εἱσι,
616 943 716 1044 πλὴν
748 947 796 1028 ὡς
831 944 920 1048 μέρη
956 953 1019 1024 τοῦ
1051 943 1199 1043 κόσμου,
1234 945 1292 1021 καὶ

93 1061 254 1165 καθάπερ
273 1064 350 1148 ἑνὸς
372 1066 465 1166 μέλη
487 1066 667 1165 σώματος,
685 1069 874 1171 χρησίμως
899 1103 937 1148 τε
963 1071 1021 1148 καὶ
1046 1069 1245 1168 ἀναγκαίως
1271 1067 1291 1146 ὁ

94 1185 370 1288 Εὐαγγελιστής
398 1188 652 1293 γενεσιουργὸν
677 1189 788 1288 εὐθὺς,
813 1195 871 1271 καὶ
898 1190 1033 1276 παντὸς
1059 1198 1124 1271 τοῦ
1151 1189 1292 1289 κόσμου

92 1311 255 1413 τεχνίτην
274 1313 433 1418 εἰσφέρει
455 1313 519 1392 τὸν
540 1318 746 1413 Μονογενῆ,
767 1321 825 1394 καὶ
849 1315 908 1395 διὰ
924 1316 1052 1395 τούτου
1069 1313 1181 1395 πάλιν
1199 1315 1291 1414 ἡμᾶς

92 1431 434 1540 ε’ξασφαλιζόμενος,
463 1440 520 1516 καὶ
548 1445 780 1543 χειραγωγῶν
809 1445 857 1522 εἷς
890 1441 1035 1538 ἀπλανῆ
1064 1441 1122 1517 καὶ
1154 1439 1319 1519 εόθεῖανο

45 1598 80 1639 ιο
92 1559 156 1655 τῆς
175 1559 342 1658 ἀληθείας
361 1558 580 1666 κατάληψιν.
608 1561 660 1643 τίς
679 1559 751 1664 γάρ
770 1565 882 1645 οὕτως
899 1560 1049 1661 ἀμαθὴς,
1068 1559 1090 1662 ἢ
1109 1559 1291 1659 τοσαύτην

52 1738 55 1745 ,
94 1678 166 1785 ἕξει
193 1680 258 1781 τήν
283 1682 492 1783 ἠλιθιότητα
521 1681 612 1763 κατά
640 1681 704 1764 τὸν
729 1693 824 1783 νοῦν,
849 1688 896 1770 ὡς
924 1685 974 1785 μὴ
1002 1683 1144 1769 πάντως
1172 1684 1291 1787 ἕτερον

94 1802 181 1884 εἶναι
199 1805 298 1908 παρά
316 1806 380 1886 τὸν
394 1807 534 1906 κόσμον
553 1810 782 1907 ὑποτοπῆσαι
799 1807 863 1889 τὸν
878 1811 920 1888 δι’
940 1810 982 1899 οὗ
1001 1813 1217 1911 γεγενῆσθαι
1230 1809 1290 1888 λέ-

93 1963 205 2032 γεται,
223 1933 281 2009 καὶ
299 1933 431 2011 τιθέναι
449 1931 514 2028 μέν
532 1934 571 2011 ἐν
589 1933 665 2039 ἰδίῳ
688 1933 784 2033 μέρει
804 1931 869 2031 τὴν
888 1934 1015 2030 κτίσιν,
1035 1936 1235 2013 ἀποδιελεῖν
1254 1929 1291 2012 δέ

92 2058 145 2158 τῷ
169 2053 270 2161 λόγῳ
294 2052 357 2133 τὸν
375 2053 616 2158 Δημιουργὸν,
635 2058 692 2134 καὶ
714 2053 780 2154 τήν
799 2056 896 2135 θείαν
914 2057 1022 2135 αὑτοῦ
1046 2052 1290 2160 φαντάζεσθαι

45 2212 78 2274 15
93 2176 231 2281 φύσιν;
263 2182 317 2258 δεῖ
337 2178 408 2282 γὰρ
428 2179 546 2280 ἕτερον
564 2175 652 2258 εἶναι
676 2184 721 2283 τῇ
745 2179 856 2285 φύσει
880 2177 922 2258 τό
946 2177 1092 2279 ποιηθέν
1109 2178 1209 2280 παρὰ
1226 2176 1290 2257 τὸν

91 2299 253 2400 ποιητήν,
277 2302 334 2380 ἵνα
361 2301 411 2401 μὴ
440 2303 609 2406 φαίνηται
636 2300 767 2382 ταύτὸν
794 2302 836 2382 τὸ
865 2311 989 2383 ποιοῦν
1015 2305 1072 2381 καὶ
1099 2299 1141 2382 τὸ
1169 2303 1320 2381 ποιοά-ιι
1361 2325 1458 2384 m.

63 2453 212 2523 μενον.
252 2431 282 2505 εί
309 2424 381 2529 γάρ
409 2433 525 2505 νοοῖτο
551 2423 694 2523 ταύτὸν,
716 2424 796 2506 οὐδὲ
823 2433 905 2526 μιᾶς
933 2426 1082 2525 ἐνούσης
1109 2424 1200 2505 κατά
1226 2423 1291 2505 τὸν

92 2555 158 2628 τοῦ
180 2556 257 2633 πῶς
283 2545 369 2627 εἶναι
394 2545 510 2650 λόγον
526 2549 744 2656 ἐξαλλαγῆς,
764 2549 984 2648 ἀναβήσεται
1002 2548 1067 2647 μέν
1085 2547 1127 2628 τὸ
1143 2547 1290 2648 ποιηθὲν

93 2677 142 2754 είς
160 2670 225 2771 τήν
243 2680 306 2751 τοῦ
324 2679 510 2756 ποιοῦντος
528 2668 654 2774 φάσιν,
673 2669 918 2771 καταβήσεται
937 2673 1049 2752 δὲκαὶ
1068 2680 1116 2757 είς
1135 2671 1198 2772 τήν
1217 2681 1290 2753 τῶν

45 2839 79 2877 ιο
93 2794 301 2894 κτισμάτων
320 2798 340 2874 ὁ
360 2791 598 2898 Δημιουργὸς,
622 2794 736 2874 οὐκέτι
760 2795 798 2875 δέ
822 2793 930 2892 μόνος
954 2796 1023 2901 ἕξει
1048 2796 1090 2874 τὸ
1115 2795 1289 2875 δύνασθαι

93 2927 364 3022 γενεσιουργεῖν,
383 2920 467 2998 ἀλλ’
487 2915 686 3023 ἐνυπάρχον
704 2926 809 2997 τοῖπο
835 2917 979 3017 δυνάμει
1004 2921 1062 2997 καὶ
1086 2927 1158 3003 τοῖς
1182 2918 1286 3019 ποιή-

92 3078 206 3142 μασιν
223 3042 460 3145 εὑρεθήσεται,
480 3041 577 3144 εἵπερ
605 3041 700 3125 ὅλως
729 3043 840 3124 οὐδεὶς
868 3041 960 3121 αάτά
986 3046 1050 3140 τῆς
1077 3041 1168 3145 πρὸς
1195 3041 1291 3122 θεὸν

93 3167 369 3266 ὁμοουσιότητος
396 3168 581 3245 ἀποδιελεῖ
604 3162 749 3268 τρόπος·
780 3168 873 3245 οὕτω
901 3200 939 3245 τε
967 3163 1096 3245 λοιπὸν
1118 3168 1243 3264 ἑαυτῆς
1268 3203 1290 3266 η

93 3292 209 3374 κτίσις
235 3291 336 3369 έσται
362 3287 586 3391 δημιουργὸς,
606 3292 662 3368 καὶ
685 3289 800 3394 ψιλὸν
817 3287 1002 3391 περιθήσει
1019 3294 1071 3396 τῷ
1092 3295 1294 3390 Μονογενεῖ

45 3439 79 3500 25
93 3413 135 3493 τὸ
161 3414 302 3520 ἀξίωμα
326 3414 444 3514 λέγων
470 3414 490 3490 ὁ
517 3411 807 3512 Εάαγγελιστὴς,
830 3412 883 3492 ὅτι
909 3414 966 3491 καὶ
989 3423 1010 3459 “
1025 3416 1062 3491 ἐν
1086 3419 1138 3518 τῷ
1163 3412 1323 3521 κόσμιρίι

93 3549 116 3586 “
133 3536 199 3636 ἧν”
223 3543 280 3617 κοῖι
310 3546 325 3617 ὁ
357 3543 485 3640 κόσμος
514 3533 553 3615 δι’
580 3539 680 3616 αὐτοῦ
707 3536 842 3638 ἐγένετο.
882 3538 967 3614 ἀλλ’
991 3532 1084 3616 οἶδεν
1111 3537 1173 3615 ἕνα
1200 3537 1290 3615 κατὰ

64 3682 72 3688 ”
94 3662 208 3767 φύσιν
231 3660 316 3740 ὅντα
341 3666 414 3738 τῶν
439 3658 607 3739 ἀπάντων
626 3658 867 3762 Δημιουργόν.
910 3661 973 3738 οὐκ
998 3663 1068 3760 ἀρα
1095 3658 1225 3738 ταύτὸν
1246 3656 1291 3737 ἀν
1334 3725 1339 3740 .

94 3782 210 3864 νοοῖτό
228 3819 314 3863 ποτε
333 3782 431 3885 παρά
450 3817 490 3883 γε
509 3787 581 3864 τοῖς
598 3781 711 3862 εἰδόσι
730 3781 912 3863 πιστεύειν
931 3784 1054 3883 ὀρθῶς,
1073 3783 1209 3880 ποίημα
1232 3784 1291 3860 καὶ

92 3905 250 4008 ποιητής,
280 3904 372 3989 Θεὸς
400 3909 458 3985 καὶ
486 3904 614 4002 κτίσις,
643 3906 727 3983 ἀλλ’
756 3906 778 4005 ή
809 3903 875 4004 μὲν
903 3906 1125 3984 ἀποκείσεται
1159 3906 1288 3983 δουλο·

45 4065 79 4120 30
92 4037 248 4135 πρεπῶς,
285 4028 348 4108 τὸν
392 4033 454 4127 τῆς
497 4029 624 4111 οἰκείας
666 4027 812 4132 φάσεως
854 4028 938 4130 ὅρον
982 4027 1287 4128 ἐπιγινώσκουσα·

128 4250 154 4298 4.
172 4231 266 4302 ἔτυχον
278 4231 312 4285 Β.
495 4243 519 4300 7.
539 4227 870 4302 γενεσιουργδν-κάσμου]
885 4229 960 4285 εάθδς
971 4230 1012 4282 καὶ
1024 4230 1119 4286 παντὸς
1130 4232 1177 4284 τοῦ
1189 4230 1289 4298 κόσμου

91 4304 282 4385 γενεσιουργδμ,
296 4303 342 4354 τοῦ
354 4303 454 4370 κόσμου
466 4301 499 4355 Ε.
608 4300 649 4353 16.
668 4301 760 4354 ταύτὸν
773 4300 806 4353 Β.
819 4300 896 4353 ταύτὸ
909 4299 961 4353 Ed.
1066 4315 1109 4385 2⁸2.
1128 4299 1210 4355 οὐδεὶς
1222 4299 1290 4355 ὅλως

91 4389 197 4427 inverso
209 4371 302 4425 ordlne
316 4371 348 4425 B.
587 4386 628 4436 24.
642 4370 726 4511 ςήιλδν
736 4369 898 4493 πὶριτίθησιν
909 4371 954 4423 τὸν
965 4391 1089 4440 μονογενη
1101 4372 1131 4424 τό
1142 4369 1241 4438 ἀξίωμα
1255 4368 1288 4459 [ξ.

92 4457 136 4512 25.
154 4442 239 4513 λέγων
251 4450 277 4495 et
289 4443 329 4494 καί
342 4459 396 4496 om.
411 4441 443 4495 Β.
529 4454 571 4511 27.
591 4439 652 4495 ὄντα
680 4436 743 4493 εἶναι
782 4478 789 4495 .
836 4437 941 4511 ταύτὸν]
955 4442 1047 4494 τοῦτον
1060 4440 1091 4494 Β.
1174 4455 1217 4510 29.
1236 4461 1289 4494 κτι-

91 4535 135 4569 σις
148 4512 180 4566 Β.
195 4512 300 4579 κτίστης
314 4512 364 4567 Ed.
