3038 5018
93 307 146 372 vii.
164 328 209 375 12.
275 311 331 376 IN
362 315 395 380 S.
419 315 674 382 JOANNEM.
720 317 815 382 LIB.
839 317 898 383 IV.
944 317 1104 383 CARV.
1224 318 1287 381 595

93 480 149 555 καὶ
168 483 428 563 πεπαιδεῦσθαι
445 491 520 570 τοῖς
538 489 642 588 ἱεροῖς
660 483 873 588 γράμμασιν
892 486 933 564 οὑ
950 484 1099 586 μετρίων
1117 482 1284 582 θῖὄθενθίι

93 604 155 698 '²3⁹
180 610 404 709 πνοφντικῦν
431 610 679 708 ἀμνημονοῦσι
706 613 838 715 φωνῆς,
858 608 1011 714 ἐχούσης
1039 606 1105 688 ὦδε
1125 619 1147 655 “
1164 607 1283 709 Ζητη.
1300 600 1376 730 ,γι
1385 600 1421 653 ν.
1432 597 1458 660 ⁶.

94 734 116 770 “
133 759 223 806 σατε
249 727 313 808 τῦν
331 729 437 828 Θεὸν,
456 735 514 812 καὶ
539 735 577 812 ἐν
599 737 650 840 τῷ
676 732 852 833 εὑρίσκειν
873 732 982 813 αὑτὸν
1005 730 1284 813 ε’πικαλέσασθε·

94 858 116 894 “
132 849 235 948 ἡνίκα
254 851 300 931 ἀν
315 852 437 961 ε’γγίζη
455 857 548 954 ὑμῖν,
562 857 769 937 ἀπολιπέτω
792 858 812 935 ὁ
837 855 973 957 ἀσεβὴς
992 855 1058 954 τὴν
1077 854 1161 935 ὁδὸν
1179 856 1288 934 αὑτοῦ

60 981 115 1044 5“
136 978 195 1053 καὶ
219 976 309 1080 ἀνὴρ
335 978 466 1077 ἀνομος
490 979 556 1079 τὴν
573 979 713 1080 βουλὴν
732 981 840 1059 αὑτοῦ
865 983 922 1060 καὶ
948 977 1207 1084 ἐπιστραφήτω
1232 983 1289 1059 ἐπὶ

93 1104 115 1142 “
134 1096 279 1200 Κάρνον,
298 1105 355 1180 καὶ
374 1102 642 1204 ε’λεηθήσεται.”
672 1105 757 1211 ὁρᾷς
782 1103 880 1187 ὅπως
904 1105 969 1183 οῦκ
994 1103 1176 1211 ἐξαρκέσει
1198 1103 1289 1206 πρὸς

92 1224 276 1324 σωτηρίαν
299 1223 342 1304 τῦ
369 1225 480 1323 μόνον
505 1227 628 1331 ζητεῖν,
651 1226 737 1306 ἀλλ’
761 1226 927 1330 εὑρόντας
955 1226 1093 1330 ἀνάγκη
1122 1231 1180 1308 καὶ
1207 1229 1288 1307 ε’πι·

92 1342 276 1450 στρέφειν,
301 1349 345 1427 δι’
370 1351 527 1448 ὑπακοῆς
555 1351 724 1451 δηλονότι
752 1355 809 1431 καὶ
836 1351 1016 1449 πίστεως;
1059 1353 1153 1431 οὑτω
1181 1351 1219 1429 δὲ
1245 1349 1291 1450 ἦν

93 1467 342 1570 ἀνασώζεσθαι
361 1470 424 1552 νῦν
442 1476 564 1574 ἀμαθῆ
583 1478 641 1554 καὶ
659 1474 877 1579 δυσάγωγον
894 1482 967 1555 τῶν
984 1476 1165 1555 Ἰουδαίων
1184 1471 1287 1553 λαόν·

45 1620 79 1662 10
92 1589 210 1692 ἐπειδὴ
238 1592 276 1673 δὲ
304 1599 370 1674 κάν
394 1597 508 1705 τοὺτερ
532 1598 615 1677 λίαν
636 1599 890 1683 ἀσυνετοῦντες
914 1601 1138 1695 ἁλίσκονται,
1159 1597 1323 1678 λοιπῦνά

91 1714 249 1817 εὐλόγως
283 1720 498 1800 ἀκούσονται
523 1731 546 1768 “
561 1727 648 1805 Πῶς
680 1724 786 1823 ἐρεῖτε
815 1722 869 1802 ὅτι
896 1723 1013 1826 σοφοί
1036 1726 1146 1822 ε’σμεν
1173 1723 1285 1821 ἡμεῖς,
1334 1729 1413 1845 33³&

92 1848 114 1885 ‘⁴
132 1844 190 1920 καὶ
219 1840 329 1944 λόγος
360 1846 492 1947 Κυρίου
520 1848 600 1944 μεθ’
629 1846 730 1946 ἡμῶν
756 1848 856 1926 ε’στιν
868 1879 879 1943 ;
920 1852 968 1930 είς
995 1844 1111 1946 μάτην
1139 1844 1288 1948 ἐγενήθη
1380 1834 1386 1847 ’
1414 1809 1457 1861 '⁹

92 1971 114 2008 “
132 1973 279 2067 σχοῖνος
297 1968 433 2072 ψευδὴς
452 1978 736 2071 γραμματεῦσιν.
766 1970 1005 2075 ᾐσχύνθησαν
1024 1971 1147 2075 σοφοὶ,
1162 1967 1289 2070 ἐπτοή-

93 2096 114 2133 “
134 2092 264 2186 θησαν,
293 2087 476 2171 ἑάλωσαν.
528 2094 644 2199 σοφία
673 2089 726 2176 τίς
758 2096 858 2173 ἐστιν
885 2096 923 2172 ἐν
951 2095 1096 2189 αὑτοῖς;
1139 2092 1194 2172 ότι
1226 2092 1290 2172 τὸν

45 2226 78 2287 ¹5
92 2219 115 2256 “
132 2211 248 2312 λόγον
287 2213 422 2316 Κυρίου
458 2216 764 2313 ἀπεδοκίμασαν.”
806 2224 884 2300 πῶς
916 2215 987 2319 γάρ
1020 2217 1083 2296 οὑκ
1118 2216 1287 2296 ἀπεδοκί-

90 2368 226 2433 μασαν,
255 2337 296 2416 οὑ
323 2336 621 2444 παραδεξάμενοι,
650 2336 673 2437 ἢ
702 2346 779 2422 πῶς
809 2342 873 2420 οὑκ
900 2339 1120 2443 ἀτιμάζουσι,
1148 2338 1191 2419 τό
1220 2342 1290 2420 Πνὺ

92 2459 179 2539 ἐστιν
207 2461 335 2561 ἐκεῖνος,
363 2461 581 2546 ἀπαιδεὺτως
610 2465 692 2564 περὶ
724 2464 833 2543 αὑτοῦ
867 2466 986 2567 λέγειν
1017 2466 1060 2543 οὐ
1078 2461 1286 2569 Ιπαραιτού-

90 2614 215 2680 μενοι;
251 2585 523 2685 ἀπονοουμένων
549 2583 619 2689 γάρ
647 2585 690 2666 τό
714 2591 867 2686 Ἐκεῖνος,
887 2589 947 2667 καὶ
975 2590 1074 2668 οὔπω
1102 2585 1291 2690 θαυμάζειν

91 2706 288 2812 ἀξιούντων
306 2707 424 2804 αὑτὸν,
444 2711 558 2788 καίτοι
583 2708 641 2788 διά
664 2715 808 2810 πολλῆς
831 2712 926 2813 ἀγαν
943 2715 1007 2810 τῆς
1024 2711 1318 2814 μεγαλονργίαςο

45 2853 79 2896 20
91 2829 381 2935 ἐκπρεπεστάτην
399 2832 492 2937 ἔχειν
510 2834 704 2938 ὀφείλοντα
720 2837 803 2936 παρ’
824 2837 943 2920 αὑτοῖς
960 2834 1025 2934 τὴν
1045 2833 1245 2941 ὑπόληψιν.

93 3073 151 3140 Καὶ
187 3075 362 3151 τοττυομὸτ
398 3075 473 3163 περὶ
504 3075 603 3141 αὐτοῦ
636 3070 675 3141 ἦν
704 3076 806 3142 πολὺς
836 3076 870 3140 ὲν
901 3074 968 3142 τοῖς
998 3075 1118 3162 ὄχλοιο.
1166 3071 1195 3138 οἰ
1227 3074 1337 3150 μὲνΜ

140 3203 254 3277 ἔλετον
282 3205 331 3272 ὅτι
358 3203 479 3278 ἀταθόι
505 3204 601 3270 ἐστιν·
642 3203 739 3269 ἄλλοι
769 3202 804 3268 δὲ
836 3203 949 3277 ἕλει-ον
975 3201 1032 3283 Οὒ,
1060 3202 1146 3268 ἀλλὰ
1178 3206 1286 3291 πλανᾷ

141 3327 198 3394 τὸν
225 3328 333 3415 ὄχλον.

147 3492 390 3596 Δυσθήρατον
407 3492 472 3593 μὲν
490 3494 546 3571 ἀεί
561 3527 638 3577 πως
656 3494 714 3571 καὶ
735 3489 948 3595 δυσεύρετόν
966 3493 1045 3570 ε’στι
1067 3488 1110 3570 τῦ
1131 3488 1284 3591 ἀγαθὸν,

45 3639 76 3700 ¹5
90 3621 148 3697 καὶ
166 3617 208 3698 τὸ
227 3616 403 3698 δύνασθαι
422 3620 486 3716 τῆς
508 3617 678 3715 ἀληθείας
702 3614 744 3695 τῦ
769 3613 906 3699 κάλλος
925 3622 1129 3721 ῖχνηλατεῖν
1148 3620 1317 3694 δυσκα-ιι
1338 3634 1405 3692 407
1414 3632 1454 3689 A.

89 3742 271 3842 τόρθωτον
294 3747 368 3825 τοῖς
392 3747 556 3838 πολλοῖς,
575 3738 761 3846 ἐξαιρέτως
787 3738 825 3818 δὲ
851 3746 926 3823 τοῖς
949 3739 1205 3841 ἀμαθεστέροις
1229 3742 1288 3816 καὶ

89 3867 154 3943 οὑκ
183 3864 307 3968 έχουσι
335 3864 377 3944 τῦ
409 3867 447 3943 ἐν
474 3865 620 3944 συνέσει
649 3862 788 3966 πικρὸν,
816 3862 850 3942 οῖ
881 3865 1007 3965 ῥοπαῖς
1041 3861 1288 3964 ἀλογωτάταις

90 3994 281 4089 λογισμῶν
318 3986 502 4068 ἀσυνέτων
539 3990 595 4067 ε’πῖ
632 3987 674 4066 τὸ
715 3992 843 4067 δοκοῦν
879 3988 997 4069 αὑτοῖς
1037 3986 1288 4085 εὐπετέστερον

89 4113 352 4208 ἀποκλίνοντες,
372 4115 430 4191 καὶ
448 4110 514 4212 τὴν
532 4119 596 4191 τοῦ
620 4111 933 4213 παρεμπίπτοντος
957 4106 1072 4213 φύσιν
1090 4108 1288 4211 δοκιμάζειν

126 4356 152 4409 3.
171 4341 246 4409 Θεὸν]
262 4338 357 4410 Κύρων
370 4339 402 4394 Β.
417 4339 504 4409 (vat.)
553 4338 682 4408 εὑρίσκειν
693 4339 770 4392 αὑτὸν
782 4337 987 4409 ε’πικαλέσασθε]
1001 4337 1207 4394 ε’πικσλέσασθαι
1219 4337 1287 4408 εὑρί-

91 4432 163 4465 σκειν
174 4411 252 4464 αὑτὸν
265 4411 297 4465 Β.
404 4430 430 4478 4.
448 4410 533 4482 ἡνίκα]
550 4418 578 4473 4-
594 4410 616 4464 δ’
631 4409 682 4464 Ed.
696 4410 781 4463 invito
795 4410 826 4462 Β.
841 4408 943 4479 (Alex.)
1058 4424 1083 4479 7.
1101 4409 1197 4480 ἀνάγκη
1213 4409 1244 4463 Β.
1257 4409 1289 4463 ἀν

90 4482 137 4549 ἤδη
152 4480 202 4535 Ed.
313 4498 353 4535 10.
372 4481 419 4536 κάν
430 4481 513 4554 τοὺτιρ
525 4480 597 4553 λίαν]
611 4485 688 4536 τοῦτο
700 4480 746 4534 κάν
758 4480 818 4535 λίαν
832 4479 864 4533 Β.
895 4506 899 4514 ·
976 4496 1018 4534 το.
1038 4480 1241 4550 ε’κτρεπεστάτην
1254 4479 1289 4536 Β.

92 4568 134 4618 24.
153 4552 259 4608 ἀείσας
270 4551 322 4606 hoc
334 4551 427 4608 ordine
440 4552 474 4607 B.

643 4653 735 4715 4⁰2
