3038 5018
97 302 138 367 vi.
152 319 204 391 53.
275 305 333 370 IN
364 306 397 373 S.
421 305 675 371 JOANNEM.
720 304 814 369 LIB.
839 303 899 368 IV.
944 303 1047 371 CAP.
1071 305 1119 369 ΙΙ.
1228 306 1289 368 531

96 469 204 567 αὐτῆς
227 472 285 548 καὶ
309 469 620 572 ἀπογευσῶμεθα;
651 467 886 568 μεταποιήσει
913 467 986 570 γάρ
1011 466 1154 552 πάντως
1180 475 1226 552 είς
1249 466 1321 549 τὸ8
1345 476 1461 535 86η

96 588 185 670 ’ίδιον
212 592 361 694 ἀγαθὸν,
387 594 552 674 τουτέστι
585 592 651 693 τὴν
678 593 890 689 ἀθανασίαν,
918 589 1001 675 τοὺς
1027 591 1292 695 μετεσχηκότας

95 715 215 813 αὐτῆς.

154 842 226 917 Καὶ
250 839 301 939 μὴ
327 838 517 946 θαυμάσῃς
544 843 602 921 ἐπὶ
628 838 755 948 τούτῳ,
777 841 866 940 μηδὲ
894 843 993 949 ε’ίπῃς
1021 839 1113 921 κατά
1139 837 1293 919 σεαυτόν

62 959 298 1049 5Ἰουδαίκῶς
320 964 362 1043 τό
386 962 478 1052 Πῶς·
508 963 616 1045 ἐννόει
641 964 678 1043 δέ
703 971 849 1063 μᾶλλον
869 965 924 1045 ὅτι
947 964 1093 1072 ψυχρὸν
1112 997 1158 1067 τῃ
1183 961 1294 1066 φύσει

96 1082 138 1161 τὸ
159 1086 254 1188 ὕδωρ
271 1087 381 1168 ἐστίν·
410 1090 496 1166 ἀλλ’
516 1088 603 1167 ὅταν
621 1094 668 1171 είς
689 1089 827 1189 λέβητα
846 1087 1036 1192 κεχυμένον
1055 1085 1216 1190 ὁμιλήσῃ
1241 1091 1293 1192 τῷ

95 1210 192 1310 πυρὶ,
215 1207 296 1290 τότε
323 1215 386 1310 τῆς
413 1211 479 1309 μέν
506 1214 594 1296 ίδίας
621 1215 811 1318 μονονουχὶ
839 1215 897 1291 καὶ
925 1209 1195 1291 ἐπιλανθάνεται
1223 1210 1292 1314 φό-

95 1364 200 1428 σεως,
222 1339 271 1417 είς
299 1334 336 1414 δέ
363 1335 429 1434 τὴν
455 1344 519 1415 τοῦ
548 1334 767 1434 νενικηκότος
794 1333 968 1439 ἐνέργειαν
996 1337 1189 1440 ἀποφοιτᾷ.
1229 1331 1293 1412 τὸν

95 1453 204 1534 αι’ντὸν
232 1458 294 1535 οὖν
322 1458 393 1561 ἀρα
422 1462 480 1537 καὶ
510 1459 608 1557 ἡμεῖς
636 1458 781 1561 τρόπον,
809 1463 839 1537 εί
869 1461 926 1537 καὶ
957 1460 1111 1563 φθαρτοὶ
1139 1455 1198 1536 διά
1226 1454 1293 1554 τὴν

42 1614 81 1654 ιο
95 1576 210 1682 φύσιν
241 1579 351 1678 έσμέν
384 1585 447 1680 τῆς
480 1578 627 1683 σαρκός,
656 1580 757 1661 ἀλλά
787 1586 833 1686 τῇ
869 1581 964 1687 μίξει
1000 1583 1065 1679 τῆς
1101 1578 1191 1680 ζωῆς
1226 1576 1293 1676 τὴν

94 1700 229 1779 ἑαυτῶν
248 1702 398 1806 ἀφέντες
419 1703 618 1801 ἀσθένειαν,
637 1709 686 1788 είς
704 1701 746 1784 τό
765 1703 896 1801 ἐκείνης
914 1703 1003 1783 ἴδιον
1021 1702 1287 1805 ἀναστοιχειού·
1304 1706 1326 1771 b

95 1830 197 1921 μεθα,
221 1826 386 1905 τουτέστι
413 1826 480 1925 τὴν
501 1823 604 1928 ζωήν.
642 1828 710 1906 ἔδει
737 1825 809 1929 γάρ
837 1826 916 1924 ἔδει,
937 1824 987 1925 μὴ
1011 1825 1122 1925 μόνον
1144 1824 1203 1904 διὰ
1227 1833 1291 1904 τοῦ

94 1947 222 2045 Ἀγίου
251 1947 459 2047 Πνεόματος
486 1955 535 2033 εὶς
562 1948 653 2051 ζωῆς
682 1948 871 2048 καινότητα
898 1948 966 2048 τὴν
991 1946 1118 2054 φυχην
1145 1949 1288 2026 ἀνακτί-

95 2068 228 2170 ζεσθαι,
247 2069 348 2149 ἀλλά
372 2071 444 2174 γάρ
469 2076 528 2152 καὶ
552 2070 595 2153 τὸ
620 2071 719 2177 παχὺ
744 2080 849 2153 τοῦτο
874 2075 933 2151 καὶ
957 2074 1087 2172 γεῶδες
1105 2078 1215 2168 σῶμα
1233 2070 1292 2150 διὰ

42 2219 79 2278 ¹5
94 2193 296 2297 παχυτέρας
314 2197 372 2275 καὶ
390 2203 591 2298 συγγενοῦς
609 2192 819 2298 ἀγιοίζεσθαι
836 2193 1074 2299 μεταλὴφεως
1091 2197 1150 2272 καὶ
1169 2201 1289 2272 καλεῖ·

93 2323 182 2394 σθαι
209 2316 300 2419 πρὸς
327 2320 551 2424 ἀφθαρσίαν.
606 2318 737 2400 οίέσθω
766 2318 805 2398 δὲ
832 2320 1005 2417 μηδαμῶς
1032 2319 1052 2396 ὁ
1080 2315 1216 2417 νωθρὸς
1244 2321 1293 2400 εἰς

92 2437 243 2518 σύνεσιν
274 2442 454 2539 Ἰουδαῖος,
487 2442 665 2546 νεωτέρων
703 2443 788 2541 ἡμιν
823 2441 1032 2542 μυστηρίων
1067 2441 1292 2542 ἀνηυρῆσθαι

92 2559 238 2663 τρόπον.
279 2565 452 2668 θεωρήσει
476 2566 549 2670 γάρ
575 2568 613 2645 ἐν
635 2565 876 2671 ἀρχαιοτέροις
900 2562 1177 2666 συγγράμμασι,
1196 2564 1290 2666 φημὶ

93 2684 130 2764 δὲ
155 2693 228 2770 τοῖς
255 2692 498 2786 Μωυσαῖκοῖς,
517 2689 910 2796 προκαταγραφόμενον
929 2688 996 2788 ἤδη
1023 2690 1082 2766 καὶ
1105 2688 1169 2784 τῆς
1194 2687 1321 2784 ἄλης

39 2850 78 2890 οο
92 2809 188 2891 θείας
207 2816 389 2914 φοροῦντα
409 2809 476 2910 τὴν
494 2812 653 2911 δύναμιν,
673 2811 728 2891 ὅτι
753 2814 812 2891 καὶ
836 2814 874 2891 ἐν
892 2814 1018 2916 ψιλοῖς
1042 2813 1195 2889 ἐτελεῖτο
1217 2815 1291 2893 τοῖς

91 2929 273 3037 σχήμασι.
314 2935 354 3013 τί
378 2933 451 3039 γάρ
481 2935 725 3035 ἐδυσῶπησεν,
754 2933 833 3014 εἶπέ
854 2967 926 3030 μοι,
954 2931 1018 3013 τόν
1045 2932 1286 3035 ὀλοθρευτήν;

91 3057 129 3133 τί
156 3054 194 3135 δὲ
224 3058 281 3135 καὶ
313 3054 394 3140 τοὺς
423 3055 624 3160 προγόνους
655 3057 797 3136 ἐκείνων
825 3054 876 3155 μὴ
909 3055 1184 3135 συναπολέσθαι
1217 3060 1290 3137 τοῖς

91 3181 302 3279 Αἰγυπτίοις
337 3181 621 3283 παρεσκεύασεν,
660 3179 719 3259 ὅτε
756 3177 849 3259 κατά
885 3185 958 3258 τῶν
993 3175 1231 3279 πρωτοτόκων
1269 3179 1289 3256 ό

90 3301 208 3382 πάντα
225 3307 332 3382 νικῶν
349 3304 563 3409 ἐξωπλίζετο
580 3301 755 3399 θάνατος;
787 3299 841 3406 ἀρ’
859 3303 939 3407 οὐχὶ
956 3308 1071 3382 πᾶσιν
1088 3297 1134 3380 ἀν
1151 3300 1290 3402 γένοιτο

38 3459 76 3518 ²5
90 3425 288 3532 συμφανὲς,
312 3430 359 3510 ῶς
387 3427 528 3531 ἐπείπερ
557 3432 609 3533 τῶ
636 3427 719 3534 θείιρ
747 3424 845 3535 νόμῳ
873 3423 1163 3522 καταπειθόμενοι
1189 3421 1290 3502 τεθύ-

90 3582 178 3628 κασι
213 3545 277 3629 τόν
308 3547 431 3650 ἀμνὸν,
465 3553 524 3629 καὶ
553 3555 627 3629 τῶν
657 3550 790 3628 ἐκείνου
826 3554 974 3650 σαρκῶν
1004 3545 1288 3650 ἀπογευσάμενοι

90 3673 307 3776 κατέχρισαν
332 3679 385 3780 τῷ
416 3673 539 3771 αἵματι
571 3672 635 3756 τάς
667 3672 791 3778 φλιάς,
818 3671 1055 3775 παρελαύνειν
1082 3669 1209 3754 αὐτοὺς
1238 3673 1289 3752 ῶς
1333 3676 1414 3804 ffl·

90 3796 327 3896 ἡγιασμένους
354 3799 374 3875 ὁ
403 3793 555 3880 θάνατος
582 3794 826 3900 ἠναγκάζετο;
857 3796 1098 3898 παρετέτακτο
1125 3793 1190 3892 μέν
1215 3790 1322 3896 γάρά

89 3915 179 3995 κατὰ
206 3915 328 4017 πάσης
355 3923 419 4018 τῆς
451 3919 671 4022 ἀνθρωπείας
701 3918 847 4024 φύσεως
877 3919 897 3996 ὁ
925 3914 1150 4020 ὀλοθρευτὴς,
1177 3950 1282 3996 τουτ-

36 4073 76 4130 30
88 4040 198 4137 έστιν,
218 4043 239 4121 ό
265 4045 327 4141 τῆς
355 4040 491 4144 σαρκός
516 4040 680 4138 θάνατος,
699 4040 758 4122 διά
784 4040 850 4141 τὴν
871 4043 909 4120 έν
930 4045 982 4148 τῷ
1006 4037 1286 4149 πρωτοπλάστιρ

124 4310 151 4363 6.
169 4313 206 4382 τῷ
219 4319 387 4379 assumptum
400 4328 432 4364 ex
448 4311 479 4365 B.
575 4328 616 4367 10.
635 4313 680 4380 τῆς
692 4312 756 4379 ζωῆς
767 4318 906 4380 assumpta
918 4327 949 4363 ex
965 4310 1036 4364 B.D.
1074 4309 1174 4364 Deeese
1186 4309 1220 4363 ali
1238 4308 1286 4364 uid

90 4389 167 4469 notat,
178 4381 279 4465 Μίςηα.
380 4397 422 4434 12.
440 4381 546 4471 τὴνρῃο
559 4382 601 4436 διλ
616 4382 646 4436 Β.
741 4382 782 4434 18.
801 4380 981 4471 ἀρχαιρτέροις
995 4380 1026 4436 Β.
1041 4380 1221 4471 ἀρχαιοτάτοις
1278 4419 1286 4434 .

90 4467 133 4575 ἔξ.
151 4453 306 4575 ῃφηῇηπὲ
315 4450 346 4505 Β.
407 4451 447 4506 ὅτι
461 4452 492 4507 Β.
506 4474 548 4507 οτε
563 4450 614 4506 Ed.
741 4467 784 4506 τι.
803 4449 958 4523 προγονους]
976 4458 1004 4515 -Ι-
1020 4473 1080 4507 τους
1092 4450 1143 4506 Ed.
1155 4462 1239 4506 mmo
1253 4451 1286 4507 Β.

644 4625 735 4692 ητα
