3038 5018
260 300 323 362 188
559 295 832 378 B.cYR1LL1
862 294 1151 359 ALEXANDR.
1302 293 1462 379 ism&

259 464 318 540 καὶ
343 457 503 564 ῦπάρχον
525 463 564 539 ἐν
585 461 681 567 αὐτῷ
705 467 879 566 φυσικῶς,
898 463 947 545 ὡς
972 459 1082 558 μηδὲν
1103 459 1222 562 ἕτερον
1239 453 1327 536 εἶναι
1352 456 1454 555 νομί-

260 585 383 688 ζεσθαι
407 584 489 686 παρ’
511 580 629 679 αὐτὸν,
653 582 711 662 διά
736 618 775 663 τε
800 582 866 682 τήν
888 586 952 681 τῆς
977 584 1151 685 ἐνεργείας
1175 578 1376 682 ταντάιητα
1398 582 1461 659 καὶ

260 704 347 787 αὐτὸ
373 704 416 786 τῦ
441 710 503 804 τῆς
532 705 678 812 φύσεως
703 704 986 809 ἀπαράλλακτον
998 737 1009 802 ;
1041 705 1146 785 ἄκουε
1174 702 1218 803 δὴ
1242 705 1281 784 τί
1302 703 1460 810 φησινὸ

261 826 388 933 Σωτήρ
416 829 507 931 πρὸς
532 828 616 912 τοῦς
642 832 768 910 ἐαυτοῦ
795 828 959 930 μαθητάς
977 840 999 877 “
1016 827 1106 908 Ἐὰν
1128 828 1296 930 άγαπᾶτέ
1315 860 1371 925 με,
1393 822 1461 910 τάς

260 963 284 1000 “
299 950 447 1037 ἐντολάς
474 951 539 1060 τᾲς
566 951 652 1052 ἐμὰς
679 950 869 1054 τηρήσητε,
893 952 994 1055 κάγὼ
1021 950 1192 1054 ἐρωτήσω
1216 949 1281 1031 τὸν
1300 948 1496 1052 Πατέραὸ

260 1085 282 1124 “
301 1078 359 1154 καὶ
386 1074 505 1155 ἄλλον
527 1074 761 1179 παράκλητον
786 1075 895 1156 δώσει
923 1079 1015 1175 ὑμῖν,
1034 1074 1076 1156 τῦ
1104 1083 1243 1171 πνεῦμα
1269 1077 1333 1172 τῆς
1360 1074 1456 1172 άλη-

260 1208 283 1246 “
302 1198 407 1296 θείας,
437 1197 457 1278 ἐ)
489 1202 510 1278 ὁ
544 1198 681 1296 κόσμος
708 1200 750 1278 οὐ
778 1199 923 1280 δύναται
952 1201 1118 1304 χωρεῖν.”
1164 1199 1239 1278 ἰδοῦ
1267 1194 1462 1300 διαρῤήδην

225 1328 246 1391 b
262 1325 410 1419 Πνεῦμα
427 1325 491 1421 τῆς
508 1325 676 1423 ἀληθείαις
693 1322 736 1402 τὸ
748 1320 880 1422 Ἀγιον
896 1322 1044 1420 Πνεῦμά
1061 1329 1189 1429 φησιν·
1212 1321 1266 1401 ὅτι
1284 1317 1462 1416 δέἀῦτῦς,

260 1447 319 1524 καὶ
347 1447 415 1549 οὐχ
435 1444 552 1549 ἐτερός
573 1479 627 1530 τις
651 1448 731 1525 ἐστι
754 1446 838 1550 παρ’
860 1444 969 1527 αῦτὸν
990 1445 1014 1544 ἡ
1043 1445 1201 1545 ἀλήθεια,
1219 1442 1334 1524 πάλιν
1354 1442 1463 1522 ἄκουε

91 1584 131 1638 lb·
142 1585 167 1637 ⁶·
261 1570 370 1648 αὐτοῦ
388 1567 559 1670 λε’γοντος
577 1579 599 1617 “
612 1570 711 1671 Ἐγώ
729 1574 797 1668 εἶμι
815 1571 838 1669 ἡ
859 1568 1044 1671 ἀλήθεια.”
1083 1569 1250 1669 ἀληθείας
1276 1567 1340 1646 οὖν
1355 1564 1463 1650 ὄντος
1478 1599 1512 1641 1-

261 1725 300 1771 τε
325 1693 384 1770 καὶ
407 1692 624 1791 κεκλημένου
647 1702 712 1773 τοῦ
736 1692 827 1772 κατὰ
852 1691 967 1798 φύσιν
986 1698 1086 1790 Υίοῦ,
1104 1691 1220 1786 βλέπε
1244 1687 1366 1789 πόσην
1389 1687 1465 1794 ἔχει

261 1813 303 1895 τῦ
322 1820 472 1913 Πνεῦμα
488 1813 578 1918 πρὸς
598 1815 706 1898 αὐτὸν
723 1815 788 1916 τήν
805 1816 965 1917 ἑνότητα.
1004 1817 1101 1919 λε’γει
1119 1812 1191 1918 γάρ
1208 1849 1280 1894 πον
1297 1814 1377 1916 περὶ
1396 1821 1464 1893 τοῦ

92 1929 215 2047 :agon
264 1941 430 2040 Σωτῆρος
454 1939 555 2038 ἡμῶν
571 1937 739 2040 Ἰωάννης
765 1942 784 2019 ὁ
810 1939 973 2041 μαθητής
995 1950 1017 1987 “
1032 1937 1151 2025 Οὗτός
1175 1941 1275 2019 ἐστιν
1300 1938 1320 2017 ὃ
1343 1935 1464 2015 ἐλθὼν

262 2073 283 2110 “
303 2063 345 2141 δι’
376 2063 502 2147 ὕδατος
530 2065 588 2143 καὶ
616 2063 764 2161 αἵματος
792 2067 849 2143 καὶ
876 2064 1088 2163 πνεύματος,
1110 2065 1251 2163 Ἰησοῦς
1281 2057 1459 2165 Χριστός·

263 2186 1064 2265 κυαμιαδαιςτικιν
1214 2184 1460 2232 *⁶⁰0

302 2221 367 2267 ουκ
394 2222 433 2267 εν
455 2222 506 2296 τερ
532 2223 553 2266 v
599 2222 633 2266 τι
658 2220 778 2286 μονον,
797 2197 873 2267 αλλ
902 2223 940 2267 εν
962 2223 1014 2295 τερ
1042 2191 1141 2267 νδατι
1169 2220 1227 2266 και
1248 2220 1299 2293 τερ
1322 2219 1446 2285 αιματι
1480 2218 1494 2260 ι

262 2320 284 2357 “
303 2309 426 2391 καὶτὸ
450 2309 590 2408 πνεῦμά
614 2312 693 2390 ἐστι
717 2309 759 2389 τὸ
783 2319 997 2413 μαρτυροῦν,
1017 2309 1070 2390 ὅτι
1092 2309 1135 2390 τὸ
1155 2305 1296 2410 πνεῦμά
1318 2311 1419 2389 ἐστιν
1437 2309 1463 2408 ἡ

232 2444 283 2503 0“
303 2431 488 2535 ἀλήθεια.”
537 2433 649 2514 διάτοι
673 2442 789 2531 τοῦτο,
814 2438 872 2513 καὶ
896 2436 1114 2519 ἐνοικοῦντος
1141 2434 1224 2533 ἡμῖν
1247 2440 1311 2513 τοῦ
1331 2433 1466 2534 Ἀγίου

94 2548 206 2667 {Em
263 2566 285 2604 “
306 2556 514 2656 Πνεῦματος
542 2561 591 2641 είς
618 2556 680 2637 τὸν
708 2556 782 2637 ἐσω
810 2556 1032 2661 ἅνθρωπον,”
1059 2564 1232 2637 κατοικεῖν
1259 2554 1366 2642 αὐτὸς
1394 2556 1461 2637 λε’·

94 2682 134 2733 lb·
149 2693 188 2744 ¹⁷·
264 2712 361 2781 γεται
389 2678 561 2783 Χριστὸς,
590 2683 647 2760 καὶ
676 2683 787 2764 οὕτως
815 2681 887 2785 ἕχει
915 2679 958 2760 τῦ
985 2687 1138 2783 πρᾶγμα
1164 2686 1209 2785 τῇ
1238 2681 1360 2788 φύσει.
1401 2682 1466 2760 καὶ

262 2811 351 2905 γοῦν
370 2806 390 2883 ὁ
408 2802 580 2905 μακάριος
600 2808 750 2887 Παῦλος
775 2805 994 2909 σαφέστατα
1020 2813 1127 2883 τοῦτο
1145 2803 1325 2883 διδάσκων
1343 2802 1465 2910 φησίν
1480 2839 1513 2880 2·

93 2932 217 3065 wiff-
263 2937 284 2975 ‘⁶
302 2928 424 3024 Ὑμεῖς
460 2927 498 3007 δέ
536 2929 599 3007 οῦκ
631 2928 713 3009 ἐστὲ
745 2931 784 3007 ἐν
816 2931 926 3032 σαρκὶ
957 2927 1042 3008 ἀλλ’
1076 2930 1114 3007 ἐν
1146 2925 1331 3025 πνεύματι,
1363 2926 1466 3030 εἴπερ

262 3061 284 3097 “
301 3058 440 3151 πνεῦμα
459 3057 555 3132 Θεοῦ
574 3057 662 3131 οἰκεῖ
676 3053 713 3130 ἐν
732 3053 823 3150 ὑμῖν.
861 3056 890 3131 εί
916 3052 958 3130 δέ
978 3087 1031 3135 τις
1054 3059 1194 3150 πνεῦμα
1212 3055 1377 3152 Χριστοῦ
1396 3052 1466 3129 οῦκ

262 3185 284 3224 “
303 3173 382 3279 ἔχει,
402 3175 504 3258 οὗτος
523 3177 585 3255 οῦκ
605 3175 706 3255 ἐστιν
724 3177 843 3256 αὐτοῦ.
882 3182 912 3256 εἰ
931 3177 969 3256 δὲ
987 3174 1148 3281 Χριστὸς
1166 3176 1204 3252 ἐν
1224 3175 1315 3271 ὑμῖν,
1333 3169 1376 3253 τῦ
1394 3171 1466 3271 μέν

262 3308 284 3345 “
303 3305 411 3395 σῶμα
436 3297 560 3401 νεκρὸν
582 3300 624 3378 δι’
649 3299 836 3400 ἁμαρτίαν,
854 3297 897 3378 τὸ
922 3299 959 3378 δέ
985 3306 1123 3397 πνεῦμα
1148 3296 1218 3399 ζωὴ
1245 3294 1303 3376 διὰ
1327 3300 1465 3377 δικαιο-

228 3429 285 3508 d“
303 3419 452 3531 οῦνην.”
505 3421 624 3528 ὀξεῖαν
658 3419 686 3501 ὦ
723 3422 827 3506 οὗτος
865 3428 939 3505 τοῖς
976 3420 1167 3524 είρημένοις
1201 3419 1359 3525 ὑπόσχες
1395 3419 1496 3521 τὴντ

262 3540 386 3642 ἀκοήν.
430 3548 579 3641 Πνεῦμα
606 3550 770 3648 Χριστοῦ
799 3543 841 3623 τὸ
869 3553 1055 3624 κατοικοῦν
1082 3548 1120 3624 ἐν
1148 3545 1231 3643 ἡμῖν
1259 3542 1463 3643 ὀνομάσας,

261 3665 441 3768 ἐπήγαγεν
466 3669 567 3752 εῦθῦς
598 3674 644 3747 Εἰ
673 3667 710 3747 δέ
743 3670 763 3748 ὁ
791 3666 954 3771 Χριστὸς
988 3672 1025 3748 ἐν
1054 3671 1148 3767 ὑμῖν,
1177 3667 1467 3770 ἀπαράλλακτον

261 3791 440 3897 εἰσφέρων
464 3787 529 3890 τὴν
552 3792 742 3891 ὁμοιότητα
767 3801 830 3872 τοῦ
849 3797 939 3872 Υὶοῦ
966 3790 1058 3896 πρὸς
1086 3791 1128 3871 τῦ
1156 3792 1245 3871 ἴδιον
1267 3792 1376 3871 αὐτοῦ
1401 3794 1466 3871 καὶ

152 3974 154 3978 .
259 3915 344 4018 παρ’
365 3915 474 3995 αὐτοῦ
500 3912 591 3993 κατὰ
615 3915 729 4020 φύσιν
752 3915 994 4019 προχεόμενον
1013 3921 1175 4013 Πνεῦμα.
1216 3913 1329 3994 διάτοι
1353 3921 1466 3995 τοῦτο

263 4125 303 4179 D:
316 4125 346 4179 τὸ
358 4121 506 4194 προκῦπτον
519 4124 559 4179 ἀεὶ
570 4127 584 4178 ὁ
597 4125 670 4195 ἅγιος
682 4123 756 4181 οὗτος
768 4125 894 4193 λαμβάνει
906 4124 948 4179 ἐπὶ
961 4128 1007 4179 τοῦ
1019 4125 1053 4180 ὡς
1065 4124 1179 4178 αι’τιατοῦ
1191 4123 1219 4177 ἐκ
1231 4125 1278 4177 τοῦ
1290 4122 1373 4176 οίτίαυ
1383 4130 1463 4191 προῖ-

261 4199 343 4286 dnos·
363 4195 410 4285 ,ἀεὶ
446 4196 478 4264 ὰρ
497 4194 614 4263 εὑρήσεις
630 4196 707 4249 αὐτὸν
718 4197 764 4250 τὸν
774 4198 829 4249 viar
840 4196 951 4266 λέγοντα
966 4195 1121 4320 τιτρακῦπτειν
1132 4197 1234 4286 τῆςριρῦ
1246 4194 1344 4262 πατρὸς
1359 4193 1462 4250 οῦσίας.

260 4280 287 4334 5.
299 4288 344 4320 τας
356 4288 418 4330 εμας
456 4288 524 4334 ,μου
540 4264 589 4319 Ed.
653 4283 680 4334 9.
694 4288 733 4321 τις
745 4276 913 4335 assumptum
925 4284 958 4320 ex
998 4266 1042 4321 .D.
1086 4287 1138 4334 παρ
1159 4286 1236 4317 αυτον
1248 4273 1309 4317 ante
1321 4285 1359 4319 τις
1370 4269 1464 4317 trans·

260 4336 336 4406 ponit
351 4335 382 4389 B.
473 4353 513 4390 10.
531 4336 609 4390 αὐτοῦ
621 4344 789 4406 assumptum
803 4354 834 4388 ex
850 4336 880 4389 B.
968 4353 1007 4406 ¹3·
1027 4337 1138 4389 ὁὲλθὼν
1151 4345 1211 4405 post
1222 4333 1366 4402 πνεύματος
1378 4345 1411 4386 tr.
1428 4335 1462 4390 B.

264 4418 304 4475 15.
324 4405 382 4476 οὐκ]
396 4406 436 4459 καὶ
448 4407 493 4489 οῦκ
508 4407 539 4461 Β.
728 4419 768 4476 17.
787 4427 825 4459 τοι
838 4424 890 4461 om.
906 4406 938 4460 Β.
1108 4419 1150 4476 27.
1170 4409 1184 4459 ὁ
1197 4415 1366 4475 assumptum
1379 4422 1412 4458 ex
1428 4405 1464 4463 Β.

260 4539 305 4595 29.
323 4523 398 4595 ...η
411 4491 481 4596 ‚5322
494 4526 527 4580 Β.
