3038 5018
92 305 146 369 vii.
159 326 211 391 32.
291 307 347 372 IN
378 308 411 372 S.
436 308 694 373 JOANNEM.
739 308 835 372 LIB.
851 308 892 371 V.
937 306 1040 371 CAP.
1064 307 1092 371 1.
1225 308 1288 371 675

90 465 245 554 εἰκότως.
285 474 436 552 ε’ποιεῖτο
468 471 506 553 δὲ
534 471 682 572 πολλήν
709 507 789 551 τινα
816 470 882 571 τῆν
908 468 1091 572 καταβοῆν
1117 471 1199 573 περὶ
1226 479 1291 549 τοῦ

91 596 259 695 Σωτῆρος
287 596 388 694 ῆμῶν
405 600 580 697 Χριστοῦ,
602 597 669 701 οὐχ
692 594 748 676 ότι
772 595 874 702 ξένος
898 593 1024 696 ἦνκαὶ
1049 591 1136 697 ὑπὲρ
1160 594 1290 674 ἐλπίδα

88 716 371 821 θαυματουργδς,
390 718 475 801 ἀλλ’
495 718 577 799 ούδὲ
595 719 650 799 ότι
667 723 731 818 τῆς
749 722 894 818 νομικῆς
911 716 1078 821 λατρείας
1095 714 1142 795 τά
1159 718 1290 815 ἀμείνω

89 845 276 943 παρῆλθεν
303 844 404 945 ε’ρῶν·
446 843 610 922 ἀλλ’ὅτι
637 850 712 926 τοῖς
738 846 963 946 ἀρχιερεῦσιν
990 843 1049 921 καὶ
1078 841 1290 942 Φαρισαίοις

59 964 190 1044 ὄοῦπω
223 965 363 1068 γεγόνει
393 966 616 1070 παράδεκτσς
648 972 722 1049 τοῖς
753 963 853 1067 παρὰ
885 971 1052 1067 Χριστοῦ
1084 963 1291 1065 λεγομένοις

91 1091 364 1169 ίσοστατοῦσιιν
398 1091 490 1195 ἔχων
527 1087 593 1189 τῆν
626 1087 747 1196 δόξαν,
781 1091 840 1168 καὶ
876 1088 954 1168 κατ’
987 1086 1088 1168 οὐδὲν
1121 1087 1217 1172 όλως
1253 1091 1290 1168 ἓν

90 1209 284 1292 ἐλάττοσιν
301 1211 392 1316 ῶνῆ
419 1218 458 1293 ε’ν
480 1213 609 1316 οἷσπερ
634 1209 680 1292 ἀν
703 1216 835 1292 ἐκεῖνον
859 1215 892 1291 οἱ
917 1210 972 1291 ἐπ’
991 1212 1087 1318 αύτῷ
1114 1210 1286 1313 διαγγέλ-

90 1343 201 1416 λουσι
232 1342 369 1439 θρῦλοι,
399 1336 422 1439 ἢ
455 1340 513 1417 καὶ
546 1339 567 1417 ό
598 1342 672 1415 τῶν
701 1337 813 1438 ἁγίων
841 1333 1061 1441 προεκήρυξε
1090 1341 1289 1441 προφητῶν

91 1455 214 1556 λόγος.
249 1461 297 1545 ῶς
324 1461 387 1540 οὖν
411 1460 479 1560 ἤδη
508 1457 634 1567 φθόνῳ
661 1459 939 1563 κεκρατημένους
966 1458 1059 1562 ῆπερ
1087 1457 1199 1543 ὅντως
1225 1462 1323 1557 τῆςι]

45 1603 77 1647 10
90 1589 155 1659 τοῦ
186 1589 280 1662 λαοῦ
312 1587 493 1686 σωτηρίας
525 1581 808 1688 πεφροντικότας
847 1587 1094 1661 καταιτιῶνται
1132 1582 1286 1667 δικαίως·

89 1703 205 1788 πολύς
223 1703 262 1786 δὲ
281 1705 330 1786 ῶν
347 1713 412 1808 τῆς
430 1711 487 1788 ἐπὶ
509 1707 646 1792 τούτοις
671 1707 784 1790 αίτίας
810 1707 830 1785 ό
855 1705 966 1808 λόγος
992 1706 1035 1785 ού
1061 1704 1289 1786 διαλανθάνει

88 1824 171 1911 τοῦς
202 1829 427 1931 ἡγουμένους,
456 1835 513 1911 καὶ
542 1831 839 1935 προσκέκρουκεν,
867 1832 916 1913 ὡς
947 1826 1048 1926 είκδς,
1079 1829 1101 1929 ῆ
1129 1825 1287 1928 πληθύς,

89 1950 249 2053 εὐλόγως
275 1953 341 2051 μὲν
367 1954 437 2055 ἤδη
464 1954 792 2055 καταπεπληγμένη
819 1952 883 2032 τὸν
904 1952 1049 2055 Κύριον,
1073 1955 1225 2059 διφῶσα
1251 1953 1290 2034 δὲ

89 2076 174 2154 λίαν
201 2074 242 2157 τὸ
274 2077 456 2159 πιστεύειν
484 2078 581 2185 αύτφ
613 2080 671 2156 καὶ
702 2077 771 2179 ἤδη
802 2111 880 2160 πως
909 2079 972 2174 τῆς
1002 2082 1075 2157 τῶν
1104 2074 1290 2181 ἀρχόντων

45 2200 300 2306 ῐιὶπλεονεξίας
334 2199 399 2281 τὸν
436 2200 543 2304 ζυγὸν
575 2203 617 2282 ού
655 2202 830 2307 φέρουσα,
862 2207 1054 2298 μελετῶσα
1091 2197 1129 2281 δὲ
1164 2195 1289 2303 ῶσπερ

72 2323 199 2403 ἐ’κεῖνο
229 2327 318 2428 δρῶν
344 2327 387 2405 τὸ
416 2328 454 2405 ε’ν
481 2330 646 2431 ψαλμοῖς
674 2322 858 2426 εἰρημένον
883 2334 905 2370 “
920 2322 1180 2431 Διαρῤῆξωμεν
1206 2321 1289 2408 τούς
1334 2355 1449 2420 Puta.

90 2456 112 2493 “
131 2447 285 2546 δεσμοῦς
318 2451 445 2547 αὐτῶν,
474 2452 532 2530 καὶ
567 2447 827 2554 ἀπορῤίψωμεν
860 2447 923 2552 ἀφ’
959 2449 1060 2546 ἡμῶν
1088 2445 1152 2527 τόν
1182 2446 1319 2551 ζυγδνς

91 2579 113 2616 “
131 2572 277 2653 αύτῶν.”
318 2574 359 2652 ού
376 2571 449 2676 γάρ
466 2579 540 2656 τοῖς
557 2579 622 2651 τοῦ
642 2569 753 2668 νόμου
776 2569 1019 2672 διατάγμασιν
1037 2570 1291 2677 ὑποζεύξαντες

90 2698 163 2772 τῶν
181 2697 361 2794 ἀγελαίων
378 2693 442 2776 τόν
461 2702 555 2791 νοῦν,
566 2693 668 2774 ἀλλὰ
685 2700 759 2777 τοῖς
778 2694 877 2777 ίδίοις
896 2693 1084 2778 ὑποθέντες
1102 2692 1289 2798 εὑρήμασι,
1333 2750 1336 2758 -

45 2818 148 2896 toxa}
186 2815 416 2902 διδάσκοντες
456 2817 692 2900 διδασκαλίας
729 2814 937 2916 ἐντάλματα
973 2816 1185 2920 ἀνθρώπων,
1222 2817 1290 2917 τῆν
1335 2813 1458 2946 ξῇίζθδ·

89 2940 224 3020 εὐθεῖαν
254 2943 404 3049 ἀφέντες
431 2944 488 3021 καὶ
522 2940 728 3040 ἱππήλατον
756 2942 815 3019 ἐπὶ
843 2939 1019 3043 κρημνοὺς
1047 2945 1104 3020 καὶ
1132 2939 1290 3046 βόθρους

89 3063 288 3170 ἐξέπεμπον
306 3064 388 3150 τοῦς
411 3065 540 3169 οἷσπερ
566 3062 611 3163 ἦν
630 3064 698 3164 ἤδη
725 3067 783 3144 καὶ
808 3066 847 3143 ἐν
864 3066 993 3173 ἑτοίμῳ
1018 3062 1060 3145 τό
1087 3064 1285 3167 σώζεσθαι,

90 3189 149 3266 καὶ
167 3187 304 3271 οἴκοθεν
320 3188 658 3296 χειραγωγουμένοις
675 3185 768 3290 πρὸς
787 3186 961 3286 εὐθύτητα
980 3194 1180 3290 λογισμῶν.

1299 3341 1318 3381 ιι
1346 3327 1460 3384 401A.

119 3413 177 3479 Καὶ
204 3415 400 3483 ἀπέστειλαν
427 3411 458 3481 οἶ
484 3410 646 3504 ἀρχιερεῖς
674 3414 727 3478 καί
753 3410 784 3479 σί
812 3409 986 3503 Φαρισαῖοι
1014 3415 1176 3504 ὑπιιρέται
1203 3417 1257 3482 ἵνα

45 3537 77 3599 '5
540 3543 700 3606 πιάσωσιν
727 3538 835 3607 αὐτόν.

147 3706 170 3742 “
187 3693 328 3802 Ἀθῷον
346 3697 405 3774 καὶ
423 3695 559 3775 δίκαιον
577 3695 641 3774 ούκ
659 3695 886 3779 ἀποκτενεῖς”
905 3702 970 3775 τοῦ
992 3691 1102 3795 νόμον
1121 3699 1288 3799 διηγγελ-
1332 3715 1415 3795 Ειρςί.

91 3814 210 3914 κότος,
234 3818 308 3897 ἀνω
336 3853 374 3897 τε
403 3822 461 3897 καὶ
491 3817 588 3897 κάτω
613 3816 655 3897 τό
674 3828 696 3865 “
711 3818 792 3898 Οῦκ
816 3817 886 3924 ἴση
911 3817 1003 3917 μετὰ
1028 3816 1205 3899 πλειόνων
1230 3822 1289 3901 ἐπὶ
1333 3791 1439 3905 Ιιηίηί.7’

92 3950 114 3987 “
132 3943 259 4047 κακία”
290 3949 422 4048 σαφῶς
449 3937 743 4044 ἀνακεκραγότος,
772 3946 936 4047 φονῶσιν
963 3944 996 4020 οἱ
1023 3941 1285 4048 νομοφύλακες,

91 4066 150 4143 καὶ
168 4068 225 4145 ε’πὶ
243 4069 295 4172 τῶ
312 4065 358 4146 τὰ
378 4064 567 4147 Μωυσέως
586 4065 752 4166 ἡγεῖσθαι
775 4061 895 4145 σεπτά
919 4063 1285 4171 καταφρυαττόμενοι,

126 4297 153 4354 5.
172 4288 244 4337 οὔπω
257 4292 326 4339 reete
339 4294 369 4339 ut
382 4283 435 4338 vid.
451 4284 541 4338 Holst.
554 4280 606 4337 Ed.
618 4263 689 4336 οῦίιοο
704 4280 735 4335 Β.
859 4298 901 4336 10.
918 4283 963 4335 τοῦ
975 4282 1041 4335 λαοῦ
1053 4297 1078 4334 ιι.
1090 4285 1142 4334 τῶν
1152 4282 1224 4334 λαῶν
1236 4279 1288 4336 Ed.

95 4370 136 4407 11.
155 4354 257 4410 τούτοις
270 4354 303 4410 Β.
319 4354 367 4408 Ht.
380 4353 487 4411 τούτους
499 4351 570 4409 Aub.
673 4366 717 4423 27.
736 4350 792 4423 ι’πὶ]
806 4351 834 4405 ἀν
847 4369 872 4406 a.
973 4365 1017 4422 29.
1034 4351 1289 4421 καταφρναπόμινοι

92 4456 356 4583 ςάἰᾶῑὶιροχῑιφίίιζος.
369 4421 627 4529 κατοφρνοταγτῆιινοι
641 4455 703 4527 (sic)
718 4455 750 4510 B.
762 4456 1019 4526 κστωφριισττθμευοι
1032 4452 1105 4509 Aub.
1150 4454 1224 4510 Haec
1243 4453 1289 4509 de·

93 4545 144 4582 811ss
169 4545 197 4583 1ss
237 4547 246 4583 l
267 4569 274 4583 ·

644 4629 737 4691 4¹¹2
