3038 5018
101 299 288 391 vii.48,49.
328 305 384 369 IN
415 305 729 372 S.JOANNEM.
774 306 869 371 LIB.
885 306 927 373 V.
972 307 1074 371 CAP.
1099 305 1146 371 11.
1239 308 1300 371 705

98 466 236 567 ῥοπαῖς,
264 472 321 548 καὶ
350 476 600 550 συντεθεῖσθαι
632 477 778 567 μᾶλλον
806 469 1113 573 εῦσυναρπάστοις
1146 467 1198 553 οἷς
1231 469 1301 575 ἔφη

99 591 158 667 καὶ
186 590 378 697 πέπραχεν·
416 592 602 698 εἰσεδέχθη
630 592 668 674 δὲ
696 597 755 674 καί
782 597 865 696 παρ’
896 597 994 690 ὑμῶν
1021 594 1064 674 τὸ
1088 598 1302 674 πλανᾶσθαι

98 713 232 808 πόθεν;
258 715 350 795 κατά
367 717 447 796 τίνα
462 716 501 797 δὲ
520 715 654 822 τρόπον
672 719 901 825 ε’ξηττάτησθε
920 722 977 798 καί
997 719 1100 798 αύτοί
1110 751 1120 812 ;
1148 719 1186 797 τί
1204 714 1241 798 δὲ
1259 713 1302 796 τό

98 840 162 935 τῆς
191 837 281 940 πρὸς
308 840 401 938 ἡμᾶς
428 841 630 948 ἐξελκύσαν
657 840 812 944 ἀγάπης,
844 845 957 923 καίτοι
985 848 1061 926 ταῖς
1088 842 1186 926 ’ίοάις
1218 840 1303 940 ἡμῖν

67 962 289 1047 ὄάπειθείαις
308 962 623 1065 κατεσκληκότας;
654 968 888 1074 ῦπεμφοίνειν
906 966 978 1070 γάρ
1003 963 1104 1065 οἶμαί
1125 1000 1160 1044 τι
1184 972 1300 1045 τοιοῦ-

98 1120 163 1165 τον
180 1094 253 1167 τῶν
272 1090 482 1191 Φαρισαίων
500 1089 542 1169 τὸ
559 1093 666 1195 ῥῆμα.

99 1310 154 1376 Μιί
194 1334 240 1376 τις
276 1311 314 1376 ἑκ
347 1313 414 1379 τῶν
452 1314 620 1403 ἀρχόντων
655 1314 843 1381 ἐπίστευσεν
881 1311 927 1379 εἰς
964 1315 1063 1380 αὐτόν
1101 1314 1120 1378 ἡ
1156 1313 1193 1377 ἐκ
1233 1312 1300 1378 τῶν
1316 1317 1354 1386 48

150 1437 360 1526 Φαρισαίων;
396 1439 465 1503 ἀλλ’
499 1441 517 1506 ό
548 1441 645 1526 όχκοι
674 1436 770 1506 οὗτοι
800 1441 818 1506 ό
846 1440 889 1516 μιί
920 1439 1088 1515 τινὼοκων
1116 1439 1173 1506 τόν
1200 1438 1300 1515 νόμον
1316 1452 1354 1509 49

149 1564 385 1653 ἑπικατάρατοί
412 1562 502 1630 εἰσιν.
1315 1575 1333 1618 θ

48 1753 87 1794 10
155 1727 240 1806 Ἐπί
266 1726 333 1826 τὴν
352 1727 494 1828 συνήθη
519 1727 633 1809 πάλιν
651 1728 860 1831 ἀλαᾷινείαν
878 1729 1126 1823 ἐκπίπτουσιν,
1148 1727 1302 1825 ἀμαθίας

98 1850 164 1951 μὲν
200 1854 484 1956 ε’πιρριπτοῦντες
521 1849 669 1957 γραφὴν
704 1859 777 1935 τοῖς
816 1856 864 1935 ὡς
899 1859 1205 1955 τερατουργοῦντα
1243 1851 1302 1929 καὶ

99 1974 355 2077 εἰσηγούμενον
382 1975 428 2055 τὰ
457 1978 637 2077 θεοπρεπῆ
666 1975 1023 2078 καταπεπληγμένοις
1051 1974 1116 2053 τὸν
1138 1972 1298 2073 Ἰησοῦν,

99 2099 319 2205 νομομωθείρ
345 2097 384 2178 δὲ
412 2103 470 2178 καί
497 2098 678 2204 ἐπιστήμη
710 2106 783 2178 τῶν
810 2102 913 2200 ίεριῦν
940 2097 1163 2201 γραμμάτων
1190 2094 1302 2196 μόνας

99 2222 165 2306 τὰς
181 2223 316 2303 ἑαυτῶν
335 2223 622 2329 καταστέφοντες
640 2220 815 2329 κεφαλαῖς·
849 2221 904 2302 ότι
930 2221 967 2303 δὲ
991 2221 1042 2321 μὴ
1068 2229 1302 2301 συναινοῦσιν

49 2375 61 2415 ¹
67 2370 85 2431 5
100 2348 198 2427 αὐτοὶ
216 2354 289 2432 τοῖς
306 2349 421 2450 ὀρθῶς
439 2348 551 2426 ε’κεῖνα
570 2346 804 2450 θαυμάζουσι,
824 2344 882 2426 διά
904 2342 1027 2445 πάσης
1050 2345 1136 2425 ῖίναι
1154 2343 1301 2424 πιστεύ-

99 2505 205 2551 ουσιν
232 2473 370 2574 ἀρετῆς.
410 2468 535 2574 ὥσπερ
563 2469 601 2550 δὲ
627 2478 691 2549 τοῦ
719 2471 830 2569 νόμου
858 2469 1063 2554 κελεύοντος
1091 2475 1164 2548 τῶν
1192 2467 1298 2574 ἀξια·
1313 2497 1332 2536 ο
1356 2484 1420 2538 481
1431 2481 1467 2536 Δ.

99 2592 249 2693 γάστων
286 2600 507 2697 κατηγορεῖν,
543 2599 602 2674 καὶ
643 2602 716 2677 τοῖς
758 2594 917 2674 ἐπέκεινα
959 2595 1139 2691 θαύματος
1183 2592 1303 2693 κρίσιν

99 2717 245 2820 ἐπάγειν
272 2720 528 2824 ἀντίστροφον,
552 2719 593 2797 οῦ
620 2719 771 2819 μετρίως
798 2717 1014 2821 ἁβρύνονται
1040 2713 1302 2821 παραπαίοντές

100 2874 139 2919 τε
166 2845 224 2921 καὶ
250 2839 341 2946 πρὸς
368 2848 495 2921 πᾶσαν
520 2843 755 2921 ἀπαιδευσίαν
780 2845 818 2920 ἐκ
846 2846 990 2940 πολλῆς
1017 2840 1112 2943 ἀγαν
1133 2844 1197 2939 τῆς
1217 2841 1301 2917 ἕλα-

48 2998 87 3040 ιο
101 2968 209 3074 φρίας
235 2965 389 3049 εὐκόλως
416 2965 731 3068 διαῤῥιπτούμενοι.
771 2966 853 3046 ὅθεν
871 2965 909 3046 δὲ
930 2973 1076 3066 μᾶλλον
1093 2966 1201 3068 ἐχρῆν
1220 2964 1297 3042 ε’πι-

99 3090 290 3191 γινῶσκειν
314 3087 442 3175 αὐτοῦς
466 3088 535 3189 ἤδη
559 3089 722 3193 παρόντα
750 3089 814 3170 τὸν
831 3092 987 3190 Ἰησοῦν,
1007 3092 1136 3169 ἐκεῖθεν
1157 3084 1301 3170 ἑαυτοῦς

99 3217 299 3297 ἀδικοῦντες
331 3214 555 3309 ἁλίσκονται,
584 3215 643 3292 καί
675 3213 875 3316 βαρύνουσι
907 3211 972 3293 τὸν
1001 3211 1125 3291 κλοιὸν
1154 3212 1299 3307 ἑαυτῶν,
1345 3205 1450 3322 2⁸¹³·st

461 3336 473 3364 Ι

100 3337 192 3417 κατά
216 3337 258 3417 τὸ
283 3364 540 3440 γεγραμμενον·
579 3348 600 3385 “
616 3335 826 3421 Φοῖσκοντες
853 3336 925 3442 γάρ
953 3333 1039 3418 εἶναι
1069 3337 1181 3442 σοφοί
1208 3335 1299 3432 ε’μω-
1345 3339 1419 3452 ξγω·
1433 3339 1450 3387 i·

101 3471 122 3507 ι(
178 3459 189 3484 ι
339 3462 359 3487 ιν
450 3463 459 3488 ι
623 3460 633 3488 ι
743 3460 754 3486 x
796 3461 815 3490 ν
955 3459 970 3496 5
1058 3457 1068 3486 ε
1111 3465 1120 3489 ς
1154 3459 1165 3488 κ
1261 3453 1272 3482 ἱ

140 3467 339 3565 Ρανθησαν.
398 3495 511 3540 mirol
536 3472 632 3541 ⁷1⁰>xv
657 3495 692 3541 Π
718 3495 760 3541 TO
788 3496 931 3561 ἄμεινον
948 3496 1004 3562 ην,
1022 3496 1073 3561 μη
1092 3464 1217 3539 Είδέναί
1236 3469 1333 3537 70111)

49 3613 86 3674 25
101 3584 211 3682 νόμον
228 3587 429 3687 ὁμολογεῖν,
449 3583 471 3685 ἢ
491 3585 616 3664 εἰδέναι
636 3593 756 3669 καλῶς
781 3585 961 3684 οίομένονς
986 3591 1044 3665 καί
1071 3583 1297 3692 φάσκοντας,

100 3706 176 3788 εἶτα
212 3709 276 3788 τὸν
312 3707 355 3788 δι’
389 3709 499 3789 αῦτοῦ
537 3707 797 3812 κηρυττόμενον
834 3708 1078 3812 ἀτιμάζοντας,
1109 3706 1301 3814 πικροτέρᾳ

99 3831 322 3933 περιπίπτειν
345 3834 391 3937 τῇ
419 3833 508 3936 δίκη,
532 3834 592 3911 καὶ
619 3833 792 3938 ἀφύκτοις
819 3834 1138 3936 ἐγκαταπείρεσθαι
1165 3837 1296 3914 κακοῖς.

138 4051 162 4089 1.
181 4032 361 4088 συντεθεῖσθαι
373 4052 397 4087 a.
412 4032 471 4087 cat„
486 4032 562 4088 Harl.
575 4033 744 4089 συντίθεσθαι
757 4032 809 4088 Ed.
926 4049 951 4088 υ.
969 4032 1105 4103 είσεδίχθη
1118 4032 1146 4087 δὲ
1157 4031 1217 4100 παρ’
1231 4032 1301 4100 ὑμῶν

100 4107 130 4159 τὸ
148 4104 297 4160 πλανᾶσθαι
314 4104 394 4159 πόθεν
408 4103 440 4157 Β.
455 4102 545 4158 Holst.
559 4105 640 4159 πόθεν
653 4105 682 4159 δί
700 4105 741 4158 καί
757 4103 847 4175 παρ’ίι
866 4107 902 4158 ὧν
913 4104 1015 4174 είσεδίχ
1063 4105 1094 4158 τό
1109 4103 1258 4158 πλανᾶσθαι
1274 4121 1299 4158 a.

100 4174 185 4232 είσεδί
205 4175 246 4244 θη,
258 4174 338 4229 πόθεν
349 4174 377 4228 δι’
390 4176 431 4227 καί
443 4172 503 4243 παρ’
516 4173 586 4244 ἡμῶν
597 4177 628 4229 τό
639 4174 796 4239 πλανᾶσθαι,
809 4193 824 4229 e
861 4184 897 4230 at.
911 4174 987 4228 Harl.
1000 4193 1092 4245 apogr.
1105 4191 1186 4228 suum
1203 4174 1300 4243 partim

100 4264 176 4300 emen
197 4264 245 4299 ans
258 4244 330 4298 Aub.
343 4247 383 4298 καί
397 4245 493 4299 retinui
505 4262 537 4299 ex
552 4246 617 4301 Nik.
805 4263 832 4317 3.
850 4249 881 4299 τὸ
892 4248 937 4315 τῆς
947 4247 1013 4317 πρὸς
1024 4245 1089 4314 ἡμᾶς
1101 4263 1115 4298 ο
1128 4244 1186 4298 Cat.
1200 4253 1232 4298 ut
1244 4243 1298 4298 vid.

100 4316 250 4371 emendavit
261 4315 334 4370 Aub.
345 4317 376 4369 τὸ
387 4317 453 4385 πρός
464 4337 509 4401 της
521 4317 586 4386 ἡμᾶς
599 4317 631 4371 Β.
644 4318 674 4370 τδ
684 4317 751 4386 πρός
762 4316 827 4387 ἡμᾶς
841 4315 890 4372 Ht.
1030 4318 1055 4371 ό.
1073 4317 1104 4369 τό
1114 4314 1182 4384 ῥῆμα
1196 4314 1254 4368 Ba.
1266 4317 1300 4369 τὰ

99 4402 200 4490 ρἡατα
214 4402 262 4457 Ht.
279 4402 329 4456 Ed.
359 4476 371 4489 .
478 4420 520 4485 ¹.¹·
538 4403 637 4489 micabat
648 4406 869 4488 τερατουργοῦντα
879 4409 950 4455 recte
962 4400 1035 4455 dedit
1049 4401 1139 4472 Ηεγιο
1151 4418 1183 4453 ex
1197 4399 1239 4491 B?
1253 4401 1300 4489 qqi

100 4470 1030 4617 Lffssssfflffifflefssfflss‘ssff{iffisswffl
1157 4472 1199 4526 ¹⁸·
1216 4475 1299 4542 ‘¹⁶⁹¹'

143 4645 214 4693 νου.
231 4646 255 4692 1.
675 4645 697 4706 4
712 4645 733 4688 x
