3038 5018
94 304 183 370 vi.1.
264 306 322 372 IN
353 304 666 372 S.·JOANNEM.
711 304 896 369 LIB.III.
942 305 1129 371 CARIV.
1231 307 1296 372 399

95 464 292 570 θάλασσαν,
318 468 397 570 ήτοι
425 470 558 570 λίμνην
586 471 679 549 οὕτω
707 468 931 569 καλουμένην
959 473 997 549 ἐν
1023 474 1069 577 τῇ
1096 469 1197 577 χώρᾳ
1224 476 1297 551 τιῦν

93 588 287 672 Ἰουδαίων.
318 591 438 692 ἐπειδὴ
458 591 556 673 δὲτὸ
576 592 620 692 δή
639 591 804 689 μάλιστα
822 596 1087 693 κατασοβήσαν
1104 594 1223 690 αὐτὸν,
1238 596 1297 675 καὶ

92 722 311 819 μεταχωρεῖν
329 715 563 800 ἀναπεπτωκὸς
587 720 635 800 εἰς
660 715 800 819 ἑτέρους
824 750 863 796 τε
890 715 1054 822 οἴχεσθαι
1078 716 1211 802 τάπαυς
1238 720 1327 799 καῖι
1348 743 1464 802 27οω

91 845 267 918 τοσοῦτον
290 844 355 940 τῆς
371 838 612 942 Ἰερουσαλὴμ
639 839 992 944 ἀπεσχοινισμέναυς,
1011 841 1122 921 ἐκεῖνο
1150 840 1194 941 δή
1220 839 1294 941 μά·

60 969 206 1039 5λιστα
233 962 404 1071 ῦπάρχειν
425 965 553 1067 ἀρτίως
578 961 773 1065 εἰρήκαμεν,
791 960 834 1042 τὸ
856 960 963 1065 ε’γγῦς
987 959 1074 1043 εἶναι
1099 962 1142 1044 τὸ
1166 962 1297 1069 πάσχα

92 1088 165 1162 τῶν
193 1083 385 1165 Ἰουδαίων·
417 1086 592 1167 δεικνύναι
623 1084 771 1189 πρέπειν
801 1084 1061 1186 ὑπολαμβάνω,
1097 1093 1219 1171 καλῶς
1251 1085 1296 1186 δή

92 1205 176 1286 λίαν
192 1207 235 1287 τὸ
252 1209 290 1288 ἐν
306 1217 380 1293 ταῖς
396 1210 663 1313 Ἱεροσολύμοις
685 1210 914 1314 εὑρίσκεσθαι
937 1208 1015 1289 κατ’
1034 1212 1145 1291 ἐκεῖνο
1171 1217 1297 1313 καιροῦ
1390 1218 1392 1222 '

91 1329 408 1433 παραιτησάμενον
426 1333 489 1415 τὸν
506 1335 664 1433 Ἰησοῦν.

149 1456 293 1536 Οὐκοῦν
312 1453 420 1553 νόμας
438 1459 459 1537 ὁ
477 1455 536 1537 διά
556 1456 741 1542 Μωυσέως
760 1454 834 1537 ἀπὸ
851 1454 975 1557 πάσης
998 1459 1062 1554 τῆς
1084 1454 1296 1558 περιοικίδας

43 1611 81 1653 το
93 1578 298 1684 ἀνατρέχειν
330 1583 380 1665 είς
411 1580 650 1683 Ἱεροσόλυμα
682 1578 764 1663 τοῦς
798 1580 991 1664 Ἰουδαίους
1024 1576 1195 1678 ἐκέλευεν,
1227 1582 1300 1660 ε’κεῖ

92 1699 158 1799 τήν
190 1704 228 1783 ἐν
255 1701 356 1811 τύπῳ
386 1709 450 1805 τῆς
482 1704 729 1806 σκηνοπηγίας
761 1704 1034 1788 ἐπιτελέσαντας
1063 1701 1201 1807 ἑορτήν.
1237 1706 1330 1784 καὶὶ)

93 1823 215 1924 νοήσει
242 1825 308 1924 μὲν
329 1832 488 1908 ἐντεῦθεν
512 1830 532 1908 ὁ
557 1828 791 1927 πνευματικὸς
817 1827 882 1927 τὴν
905 1829 1165 1909 ἁπάντωντῶν
1184 1830 1297 1932 ἁγίων

92 1951 367 2056 ἐπισυναγωγὴν
403 1959 453 2038 εἰς
484 1955 659 2058 Χριστὸν,
692 1953 749 2034 ὅτε
787 1952 831 2047 δή
870 1957 929 2034 καὶ
966 1952 1039 2035 ἀπὸ
1075 1950 1197 2052 πάσης
1233 1956 1297 2054 τῆς

93 2075 297 2175 οἰκουμένης
327 2077 418 2175 μετὰ
448 2076 516 2176 τὴν
542 2085 614 2157 τῶν
645 2084 778 2181 νεκρῶν
806 2077 1008 2173 ἀναβίωσιν
1041 2082 1090 2160 εἰς
1123 2075 1189 2177 τὴν
1221 2078 1296 2156 άνω

40 2223 80 2283 15
94 2199 418 2303 συνενεχθήσονται
439 2199 549 2280 πάλιν
569 2200 636 2299 τὴν
658 2196 867 2302 ἐπουράνιον
885 2199 1138 2303 Ἰερουσαλὴμ,
1157 2199 1291 2300 ἀναθή-

93 2354 220 2405 σοντες
244 2323 356 2403 ἐκεῖσε
382 2321 428 2403 τά
453 2322 669 2427 χαριστήρια
691 2327 754 2423 τῆς
776 2323 1025 2425 σκηνοπηγίας
1047 2327 1110 2421 τῆς
1128 2325 1295 2421 ἀληθοῦς,

92 2443 257 2525 τουτέστι
288 2450 352 2545 τῆς
384 2454 457 2527 τῶν
484 2445 666 2546 σωμάτων
693 2446 913 2554 συμπήξεῶς
945 2481 983 2527 τε
1018 2450 1077 2527 καὶ
1111 2450 1294 2546 διαμονῆς,

93 2567 289 2669 λελυμένης
314 2570 481 2670 δηλονότι
508 2575 572 2670 τῆς
597 2578 747 2677 φθοραῖς,
766 2574 825 2652 καὶ
851 2579 916 2653 τοῦ
938 2571 1094 2651 θανάτου
1120 2569 1296 2654 πεσόντας

94 2697 142 2776 εῖς
175 2688 342 2773 θάνατον.
392 2692 433 2774 τὸ
465 2694 504 2775 δὲ
536 2695 626 2776 ὅσον
658 2702 767 2776 εἰπεῖν
799 2701 847 2780 εἰς
883 2692 925 2776 τὸ
957 2696 997 2774 ἐκ
1034 2698 1098 2793 τῆς
1136 2693 1296 2797 ἱστορίας

38 2848 82 2892 20
93 2816 262 2920 γενέσθαι
288 2815 457 2923 πεφυκάς,
476 2818 628 2919 ἀριθμὸν
656 2821 720 2899 αύκ
747 2817 823 2924 ᾔδει
851 2825 923 2899 τῶν
950 2816 1218 2912 ἀναβαινόντων
1245 2822 1327 2903 εῖςο

93 2940 335 3043 Ἰερουσαλήμ
353 2942 376 3041 ή
394 2941 546 3041 πληθύς,
565 2945 623 3023 καὶ
641 2941 686 3043 ἧν
704 2942 749 3043 δή
765 2941 930 3042 μάλιστα
948 2941 1024 3022 κατ’
1044 2943 1154 3021 ε’κεῖνο
1173 2948 1298 3043 καιροῦ

94 3064 219 3145 πολλὰ
252 3062 429 3146 δύνασθαι
463 3064 546 3151 τοῦς
577 3067 796 3168 Φαρισαίους
828 3067 931 3157 εἰκὸς,
963 3065 1215 3167 συναγορεύειν
1245 3057 1299 3173 τήν

95 3186 194 3295 νόμῳ
222 3189 564 3289 προσποιουμένους,
594 3190 652 3268 καὶ
683 3192 731 3275 ὡς
760 3192 798 3268 έν
827 3186 958 3288 πλήθει
986 3188 1149 3297 τοσούτῳ
1183 3222 1294 3268 κατα·

94 3317 257 3404 βοῶντας
288 3321 353 3392 τοῦ
386 3310 730 3414 παραβαι’ναντος,ἢ
761 3315 819 3390 καὶ
852 3311 1087 3413 παραβαίνειν
1120 3312 1299 3412 οἰηθέντας

40 3464 81 3524 ο5
95 3435 224 3518 αὐτοῖς.
271 3433 373 3514 οῦδὲν
403 3433 474 3536 γὰρ
503 3434 598 3518 ὅλως
628 3434 671 3514 τὸ
701 3431 874 3539 χαλεπὸν,
903 3432 968 3515 τὸν
997 3434 1195 3537 ἀμέτρητον
1224 3443 1300 3516 τῶν

95 3558 276 3660 ἀγελαίαν
313 3558 550 3662 ἀναρῤιπίζειν
585 3555 711 3657 ἑσμὸν,
749 3556 837 3638 ὅταν
872 3592 926 3643 τις
962 3558 1070 3639 αὐτὸν
1107 3559 1299 3663 ἠδικῆσθαι

95 3679 185 3788 λέγη
216 3685 275 3762 καὶ
309 3682 543 3786 παροτρύνειν
576 3685 734 3788 ἐπιχειρῇ
771 3685 830 3762 καὶ
859 3680 952 3762 κατά
983 3689 1056 3763 τῶν
1087 3684 1298 3765 λυπούντων

95 3806 207 3887 οὐδέν·
239 3807 365 3891 ὕδατος
383 3803 454 3910 γάρ
473 3806 583 3906 δίκην,
602 3804 625 3907 ἢ
644 3808 702 3886 καὶ
723 3805 836 3909 πυρὸς
858 3808 1070 3908 ἀδιακρίταις
1096 3812 1155 3887 καὶ
1180 3810 1294 3908 ἀπρα·
1310 3815 1333 3880 d

94 3928 303 4026 βαυλεύτοις
326 3932 451 4032 ὁρμαῖς
475 3932 728 4034 διαρριπτεῖται
755 3933 932 4034 πανταχή,
951 3932 1011 4011 καὶ
1038 3929 1129 4032 πρὸς
1154 3927 1297 4008 ἅπαντα

134 4159 158 4200 1.
177 4141 205 4198 έν
216 4145 247 4212 τῇ
259 4140 344 4213 χώρᾳ]
358 4143 385 4197 εἰς
397 4144 443 4212 τῆς
454 4143 541 4213 χώρας
555 4142 580 4196 D
594 4160 650 4211 mg.
663 4150 690 4196 et
701 4153 732 4196 ut
745 4159 771 4196 v.
782 4143 801 4196 l.
816 4139 868 4198 Ed.
881 4159 935 4214 mg.
1034 4155 1061 4196 2.
1079 4138 1195 4207 affl).
1206 4140 1233 4194 τί
1246 4138 1298 4195 Ed.

95 4264 123 4319 3.
142 4227 361 4316 ίτέρανςαῖεσθαι
375 4246 408 4300 Β.
588 4260 615 4315 9.
634 4243 702 4326 ὅμως
714 4261 763 4330 ητα
775 4247 853 4314 νόμας
864 4245 899 4331 Β.
1079 4258 1119 4299 11.
1137 4246 1184 4314 τῆς
1196 4261 1250 4299 om.
1266 4243 1300 4299 Β.

99 4318 140 4373 16.
158 4313 329 4389 χαριστήρια]
344 4314 530 4386 καθαριστήρια
542 4314 574 4370 Β.
612 4313 709 4368 Stanm
721 4336 765 4382 της
776 4315 890 4384 ἀληθαυς
901 4315 1075 4385 σκηνοπηγίας
1088 4314 1120 4370 Β.
1192 4330 1236 4371 20.
1254 4336 1300 4385 γι·

96 4388 187 4444 νέσθαι
201 4389 234 4444 Β.
245 4387 367 4479 γίνεσθαι
379 4385 431 4440 Ed.
539 4400 583 4440 21.
600 4383 773 4454 Ἰεροσόλυμα
787 4385 821 4439 Β.
922 4399 964 4455 27.
983 4386 1071 4456 λέγειν
1085 4383 1115 4438 Β.
1223 4385 1266 4439 28.
1284 4383 1300 4454 ή

96 4476 151 4514 om.
162 4458 196 4513 B.
238 4456 457 4528 αττροβαυλεῦτοις
467 4455 504 4510 D.
516 4454 756 4526 ἀπρασβαυλιύτοις
766 4455 802 4510 Β.
813 4454 1049 4526 ἀπρααβαυλεῦταις
1059 4453 1110 4510 Ed.
1183 4470 1227 4526 29.
1245 4455 1301 4511 δια·

95 4530 214 4600 ρίπτεται
228 4528 260 4584 Β.
