<?xml version="1.0" encoding="UTF-8"?>
<!DOCTYPE html PUBLIC "-//W3C//DTD XHTML 1.0 Transitional//EN"
    "http://www.w3.org/TR/xhtml1/DTD/xhtml1-transitional.dtd">
<html xmlns="http://www.w3.org/1999/xhtml" xml:lang="en" lang="en">
 <head>
  <title>
</title>
<meta http-equiv="Content-Type" content="text/html;charset=utf-8" />
  <meta name='ocr-system' content='tesseract 3.04.00' />
  <meta name='ocr-capabilities' content='ocr_page ocr_carea ocr_par ocr_line ocrx_word'/>
</head>
<body>
  <div class='ocr_page' id='page_1' title='image "./sanctipatrisnos00pusegoog_0287.png"; bbox 0 0 3038 5018; ppageno 0'>
   <div class='ocr_carea' id='block_1_1' title="bbox 238 281 1447 362">
    <p class='ocr_par' dir='ltr' id='par_1_1' title="bbox 238 281 1447 362">
     <span class='ocr_line' id='line_1_1' title="bbox 238 281 1447 362; baseline -0.008 -4"><span class='ocrx_word' id='word_1_1' title='bbox 238 298 303 360; x_wconf 74' lang='grc' dir='ltr'>ιιι</span> <span class='ocrx_word' id='word_1_2' title='bbox 541 282 580 360; x_wconf 82' lang='grc' dir='ltr'>Β.</span> <span class='ocrx_word' id='word_1_3' title='bbox 604 281 812 360; x_wconf 70' lang='lat' dir='ltr'>cmm</span> <span class='ocrx_word' id='word_1_4' title='bbox 842 281 1129 361; x_wconf 74' lang='grc' dir='ltr'>Αοοκκπυιι.</span> <span class='ocrx_word' id='word_1_5' title='bbox 1261 291 1447 362; x_wconf 66' lang='grc' dir='ltr'>ταωνι,</span> 
     </span>
    </p>
   </div>
   <div class='ocr_carea' id='block_1_2' title="bbox 189 502 1441 726">
    <p class='ocr_par' dir='ltr' id='par_1_2' title="bbox 189 502 1441 726">
     <span class='ocr_line' id='line_1_2' title="bbox 189 502 1441 602; baseline -0.004 -27"><span class='ocrx_word' id='word_1_6' title='bbox 189 509 279 576; x_wconf 71' lang='grc' dir='ltr'>20οῖ</span> <span class='ocrx_word' id='word_1_7' title='bbox 311 513 450 598; x_wconf 81' lang='grc' dir='ltr'>πατὲρει</span> <span class='ocrx_word' id='word_1_8' title='bbox 482 512 575 588; x_wconf 76' lang='grc' dir='ltr'>ύμὼν</span> <span class='ocrx_word' id='word_1_9' title='bbox 602 514 637 578; x_wconf 80' lang='grc' dir='ltr'>ὲν</span> <span class='ocrx_word' id='word_1_10' title='bbox 665 517 710 597; x_wconf 83' lang='grc' dir='ltr'>τῷ</span> <span class='ocrx_word' id='word_1_11' title='bbox 740 514 811 601; x_wconf 85' lang='grc' dir='ltr'>ὄρει</span> <span class='ocrx_word' id='word_1_12' title='bbox 842 516 948 598; x_wconf 84' lang='grc' dir='ltr'>τούτῳ</span> <span class='ocrx_word' id='word_1_13' title='bbox 979 514 1234 602; x_wconf 70' lang='grc' dir='ltr'>προσεκύνησαν,</span> <span class='ocrx_word' id='word_1_14' title='bbox 1262 508 1314 572; x_wconf 83' lang='grc' dir='ltr'>καὶ</span> <span class='ocrx_word' id='word_1_15' title='bbox 1346 502 1441 582; x_wconf 79' lang='grc' dir='ltr'>ύμεῖσ</span> 
     </span>
     <span class='ocr_line' id='line_1_3' title="bbox 291 625 1440 726; baseline -0.006 -27"><span class='ocrx_word' id='word_1_16' title='bbox 291 637 401 710; x_wconf 79' lang='grc' dir='ltr'>λὲτετε</span> <span class='ocrx_word' id='word_1_17' title='bbox 433 639 482 703; x_wconf 86' lang='grc' dir='ltr'>ὄτι</span> <span class='ocrx_word' id='word_1_18' title='bbox 514 639 548 702; x_wconf 83' lang='grc' dir='ltr'>ὲν</span> <span class='ocrx_word' id='word_1_19' title='bbox 571 639 811 726; x_wconf 83' lang='grc' dir='ltr'>Ἰεροσολύμοις</span> <span class='ocrx_word' id='word_1_20' title='bbox 842 640 929 705; x_wconf 77' lang='grc' dir='ltr'>ἐστίν</span> <span class='ocrx_word' id='word_1_21' title='bbox 957 641 975 707; x_wconf 85' lang='grc' dir='ltr'><strong>ὁ</strong></span> <span class='ocrx_word' id='word_1_22' title='bbox 1002 637 1103 705; x_wconf 81' lang='grc' dir='ltr'>τόποι</span> <span class='ocrx_word' id='word_1_23' title='bbox 1130 639 1214 702; x_wconf 90' lang='grc' dir='ltr'>ὄπου</span> <span class='ocrx_word' id='word_1_24' title='bbox 1242 625 1440 722; x_wconf 82' lang='grc' dir='ltr'>προσκυνεῖν</span> 
     </span>
    </p>
   </div>
   <div class='ocr_carea' id='block_1_3' title="bbox 190 759 794 852">
    <p class='ocr_par' dir='ltr' id='par_1_3' title="bbox 190 759 794 852">
     <span class='ocr_line' id='line_1_4' title="bbox 190 759 794 852; baseline 0.005 -27"><span class='ocrx_word' id='word_1_25' title='bbox 190 776 223 815; x_wconf 85' lang='lat'>²¹</span> <span class='ocrx_word' id='word_1_26' title='bbox 292 759 350 826; x_wconf 86' lang='grc' dir='ltr'>δεῖ.</span> <span class='ocrx_word' id='word_1_27' title='bbox 393 763 479 836; x_wconf 79' lang='grc' dir='ltr'>λὲτει</span> <span class='ocrx_word' id='word_1_28' title='bbox 506 763 588 852; x_wconf 68' lang='grc' dir='ltr'>αὐτῇ</span> <span class='ocrx_word' id='word_1_29' title='bbox 617 764 794 830; x_wconf 81' lang='grc' dir='ltr'>ὄἸιισούς.</span> 
     </span>
    </p>
   </div>
   <div class='ocr_carea' id='block_1_4' title="bbox 73 867 1500 3268">
    <p class='ocr_par' dir='ltr' id='par_1_4' title="bbox 205 867 1476 1418">
     <span class='ocr_line' id='line_1_5' title="bbox 205 867 1442 1048; baseline -0.006 -27"><span class='ocrx_word' id='word_1_30' title='bbox 205 867 226 930; x_wconf 74' lang='lat' dir='ltr'>b</span> <span class='ocrx_word' id='word_1_31' title='bbox 296 939 497 1044; x_wconf 77' lang='grc' dir='ltr'>Προφήτην</span> <span class='ocrx_word' id='word_1_32' title='bbox 534 941 645 1026; x_wconf 89' lang='grc' dir='ltr'>ὄντως</span> <span class='ocrx_word' id='word_1_33' title='bbox 682 940 851 1048; x_wconf 75' lang='grc' dir='ltr'>ὑπάρχειν</span> <span class='ocrx_word' id='word_1_34' title='bbox 889 946 946 1022; x_wconf 80' lang='grc' dir='ltr'>καὶ</span> <span class='ocrx_word' id='word_1_35' title='bbox 977 936 1150 1023; x_wconf 81' lang='grc' dir='ltr'>Ἰουδαῖον</span> <span class='ocrx_word' id='word_1_36' title='bbox 1180 942 1342 1039; x_wconf 83' lang='grc' dir='ltr'>οἰηθεῖσαι</span> <span class='ocrx_word' id='word_1_37' title='bbox 1374 932 1442 1014; x_wconf 85' lang='grc' dir='ltr'>τὸν</span> 
     </span>
     <span class='ocr_line' id='line_1_6' title="bbox 242 1059 1476 1168; baseline 0.002 -26"><span class='ocrx_word' id='word_1_38' title='bbox 242 1063 386 1165; x_wconf 77' lang='grc' dir='ltr'>Κύριον,</span> <span class='ocrx_word' id='word_1_39' title='bbox 403 1071 476 1147; x_wconf 90' lang='grc' dir='ltr'>τοῖς</span> <span class='ocrx_word' id='word_1_40' title='bbox 493 1066 692 1168; x_wconf 87' lang='grc' dir='ltr'>ἐπιχωρίοις</span> <span class='ocrx_word' id='word_1_41' title='bbox 710 1067 809 1146; x_wconf 73' lang='grc' dir='ltr'>ἔθεσι</span> <span class='ocrx_word' id='word_1_42' title='bbox 826 1065 924 1147; x_wconf 82' lang='grc' dir='ltr'>πολύ</span> <span class='ocrx_word' id='word_1_43' title='bbox 949 1062 992 1165; x_wconf 83' lang='grc' dir='ltr'>δή</span> <span class='ocrx_word' id='word_1_44' title='bbox 1019 1068 1104 1146; x_wconf 86' lang='grc' dir='ltr'>λίαν</span> <span class='ocrx_word' id='word_1_45' title='bbox 1121 1061 1360 1167; x_wconf 72' lang='grc' dir='ltr'>ἐναβρύνεται,</span> <span class='ocrx_word' id='word_1_46' title='bbox 1378 1059 1476 1144; x_wconf 61' lang='grc' dir='ltr'>’καὶὸ</span> 
     </span>
     <span class='ocr_line' id='line_1_7' title="bbox 239 1185 1441 1294; baseline -0.006 -24"><span class='ocrx_word' id='word_1_47' title='bbox 239 1191 303 1285; x_wconf 83' lang='grc' dir='ltr'>τῆς</span> <span class='ocrx_word' id='word_1_48' title='bbox 318 1188 498 1267; x_wconf 84' lang='grc' dir='ltr'>Ἰουδαίων</span> <span class='ocrx_word' id='word_1_49' title='bbox 518 1190 685 1273; x_wconf 76' lang='grc' dir='ltr'>ὑπονοίας</span> <span class='ocrx_word' id='word_1_50' title='bbox 703 1196 969 1285; x_wconf 79' lang='grc' dir='ltr'>βεβουλεῦσθαι</span> <span class='ocrx_word' id='word_1_51' title='bbox 986 1189 1032 1269; x_wconf 86' lang='grc' dir='ltr'>τά</span> <span class='ocrx_word' id='word_1_52' title='bbox 1048 1191 1195 1294; x_wconf 80' lang='grc' dir='ltr'>κρείττω</span> <span class='ocrx_word' id='word_1_53' title='bbox 1213 1185 1294 1269; x_wconf 79' lang='grc' dir='ltr'>τοὺς</span> <span class='ocrx_word' id='word_1_54' title='bbox 1313 1189 1441 1279; x_wconf 80' lang='grc' dir='ltr'>Σαμα-</span> 
     </span>
     <span class='ocr_line' id='line_1_8' title="bbox 239 1303 1443 1418; baseline 0.002 -30"><span class='ocrx_word' id='word_1_55' title='bbox 239 1310 355 1414; x_wconf 90' lang='grc' dir='ltr'>ρείτας</span> <span class='ocrx_word' id='word_1_56' title='bbox 383 1313 646 1416; x_wconf 81' lang='grc' dir='ltr'>διισχυρίζεται.</span> <span class='ocrx_word' id='word_1_57' title='bbox 685 1313 849 1393; x_wconf 88' lang='grc' dir='ltr'>Ἰουδαῖοι</span> <span class='ocrx_word' id='word_1_58' title='bbox 876 1310 1039 1416; x_wconf 76' lang='grc' dir='ltr'>μὲνγὰρ</span> <span class='ocrx_word' id='word_1_59' title='bbox 1066 1309 1267 1418; x_wconf 75' lang='grc' dir='ltr'>παχυτέρας</span> <span class='ocrx_word' id='word_1_60' title='bbox 1293 1307 1345 1387; x_wconf 76' lang='grc' dir='ltr'>ἔτι</span> <span class='ocrx_word' id='word_1_61' title='bbox 1373 1303 1443 1390; x_wconf 72' lang='grc' dir='ltr'>τὰς</span> 
     </span>
    </p>

    <p class='ocr_par' dir='ltr' id='par_1_5' title="bbox 217 1430 1443 1668">
     <span class='ocr_line' id='line_1_9' title="bbox 239 1430 1442 1544; baseline -0.002 -32.054"><span class='ocrx_word' id='word_1_62' title='bbox 239 1436 318 1537; x_wconf 81' lang='grc' dir='ltr'>περὶ</span> <span class='ocrx_word' id='word_1_63' title='bbox 346 1438 409 1533; x_wconf 89' lang='grc' dir='ltr'>τῆς</span> <span class='ocrx_word' id='word_1_64' title='bbox 437 1437 532 1520; x_wconf 85' lang='grc' dir='ltr'>θείας</span> <span class='ocrx_word' id='word_1_65' title='bbox 560 1468 599 1515; x_wconf 90' lang='grc' dir='ltr'>τε</span> <span class='ocrx_word' id='word_1_66' title='bbox 628 1439 685 1516; x_wconf 80' lang='grc' dir='ltr'>καὶ</span> <span class='ocrx_word' id='word_1_67' title='bbox 713 1436 909 1536; x_wconf 81' lang='grc' dir='ltr'>ἀσωμάτου</span> <span class='ocrx_word' id='word_1_68' title='bbox 936 1439 1081 1544; x_wconf 88' lang='grc' dir='ltr'>φύσεως</span> <span class='ocrx_word' id='word_1_69' title='bbox 1114 1434 1303 1539; x_wconf 73' lang='grc' dir='ltr'>διαλήψεις</span> <span class='ocrx_word' id='word_1_70' title='bbox 1333 1430 1442 1534; x_wconf 80' lang='grc' dir='ltr'>δεχθ-</span> 
     </span>
     <span class='ocr_line' id='line_1_10' title="bbox 240 1547 1443 1668; baseline -0.002 -33"><span class='ocrx_word' id='word_1_71' title='bbox 240 1590 349 1655; x_wconf 90' lang='grc' dir='ltr'>μενοι,</span> <span class='ocrx_word' id='word_1_72' title='bbox 386 1559 429 1638; x_wconf 83' lang='grc' dir='ltr'>ἐν</span> <span class='ocrx_word' id='word_1_73' title='bbox 447 1556 568 1655; x_wconf 87' lang='grc' dir='ltr'>μόνοις</span> <span class='ocrx_word' id='word_1_74' title='bbox 602 1567 676 1644; x_wconf 88' lang='grc' dir='ltr'>τοῖς</span> <span class='ocrx_word' id='word_1_75' title='bbox 707 1559 956 1668; x_wconf 80' lang='grc' dir='ltr'>Ἱεροσολύμοις,</span> <span class='ocrx_word' id='word_1_76' title='bbox 988 1561 1067 1660; x_wconf 85' lang='grc' dir='ltr'>ήτοι</span> <span class='ocrx_word' id='word_1_77' title='bbox 1099 1557 1194 1638; x_wconf 83' lang='grc' dir='ltr'>Σιὼν</span> <span class='ocrx_word' id='word_1_78' title='bbox 1225 1547 1271 1661; x_wconf 81' lang='grc' dir='ltr'>τῆ</span> <span class='ocrx_word' id='word_1_79' title='bbox 1306 1554 1443 1657; x_wconf 87' lang='grc' dir='ltr'>γείτονι</span> 
     </span>
    </p>

    <p class='ocr_par' dir='ltr' id='par_1_6' title="bbox 211 1679 1500 2161">
     <span class='ocr_line' id='line_1_11' title="bbox 211 1679 1500 1783; baseline 0.002 -25"><span class='ocrx_word' id='word_1_80' title='bbox 211 1684 370 1783; x_wconf 85' lang='grc' dir='ltr'>αχρῆναι</span> <span class='ocrx_word' id='word_1_81' title='bbox 397 1688 678 1783; x_wconf 87' lang='grc' dir='ltr'>προσκυνεῖσθαι</span> <span class='ocrx_word' id='word_1_82' title='bbox 706 1683 769 1764; x_wconf 85' lang='grc' dir='ltr'>τόν</span> <span class='ocrx_word' id='word_1_83' title='bbox 792 1687 850 1765; x_wconf 80' lang='grc' dir='ltr'>ἐπὶ</span> <span class='ocrx_word' id='word_1_84' title='bbox 874 1682 1012 1766; x_wconf 79' lang='grc' dir='ltr'>πάντας</span> <span class='ocrx_word' id='word_1_85' title='bbox 1035 1680 1130 1763; x_wconf 86' lang='grc' dir='ltr'>Θεόν</span> <span class='ocrx_word' id='word_1_86' title='bbox 1150 1679 1367 1774; x_wconf 85' lang='grc' dir='ltr'>διετείνοντο,</span> <span class='ocrx_word' id='word_1_87' title='bbox 1391 1680 1443 1761; x_wconf 82' lang='grc' dir='ltr'>ὡς</span> <span class='ocrx_word' id='word_1_88' title='bbox 1459 1706 1500 1751; x_wconf 85' lang='lat'>10</span> 
     </span>
     <span class='ocr_line' id='line_1_12' title="bbox 241 1801 1438 1910; baseline -0.003 -28"><span class='ocrx_word' id='word_1_89' title='bbox 241 1802 329 1902; x_wconf 83' lang='grc' dir='ltr'>ὄλης</span> <span class='ocrx_word' id='word_1_90' title='bbox 360 1801 463 1910; x_wconf 80' lang='grc' dir='ltr'>ἅπαξ</span> <span class='ocrx_word' id='word_1_91' title='bbox 493 1809 556 1906; x_wconf 88' lang='grc' dir='ltr'>τῆς</span> <span class='ocrx_word' id='word_1_92' title='bbox 587 1841 741 1910; x_wconf 86' lang='grc' dir='ltr'>αρρήτον</span> <span class='ocrx_word' id='word_1_93' title='bbox 772 1805 828 1886; x_wconf 76' lang='grc' dir='ltr'>κθῖ</span> <span class='ocrx_word' id='word_1_94' title='bbox 859 1805 1115 1907; x_wconf 75' lang='grc' dir='ltr'>ἀκαταλήπτων</span> <span class='ocrx_word' id='word_1_95' title='bbox 1147 1803 1291 1909; x_wconf 88' lang='grc' dir='ltr'>φύσεως</span> <span class='ocrx_word' id='word_1_96' title='bbox 1324 1834 1438 1880; x_wconf 87' lang='grc' dir='ltr'>κατα·</span> 
     </span>
     <span class='ocr_line' id='line_1_13' title="bbox 242 1925 1440 2034; baseline 0.002 -31"><span class='ocrx_word' id='word_1_97' title='bbox 242 1925 402 2026; x_wconf 82' lang='grc' dir='ltr'>λυούσής</span> <span class='ocrx_word' id='word_1_98' title='bbox 431 1930 554 2026; x_wconf 81' lang='grc' dir='ltr'>ἐκεῖσε,</span> <span class='ocrx_word' id='word_1_99' title='bbox 584 1933 642 2009; x_wconf 79' lang='grc' dir='ltr'>καὶ</span> <span class='ocrx_word' id='word_1_100' title='bbox 671 1929 928 2034; x_wconf 74' lang='grc' dir='ltr'>χειροποιήτοις</span> <span class='ocrx_word' id='word_1_101' title='bbox 958 1927 1296 2026; x_wconf 70' lang='grc' dir='ltr'>ἐναποκλεισθεισπς</span> <span class='ocrx_word' id='word_1_102' title='bbox 1326 1931 1440 2008; x_wconf 88' lang='grc' dir='ltr'>ναοῖς.</span> 
     </span>
     <span class='ocr_line' id='line_1_14' title="bbox 242 2048 1440 2161; baseline -0.001 -31"><span class='ocrx_word' id='word_1_103' title='bbox 242 2048 296 2130; x_wconf 82' lang='grc' dir='ltr'>διὸ</span> <span class='ocrx_word' id='word_1_104' title='bbox 323 2049 367 2150; x_wconf 87' lang='grc' dir='ltr'>δή</span> <span class='ocrx_word' id='word_1_105' title='bbox 393 2055 451 2130; x_wconf 77' lang='grc' dir='ltr'>καὶ</span> <span class='ocrx_word' id='word_1_106' title='bbox 477 2057 561 2131; x_wconf 89' lang='grc' dir='ltr'>λίαν</span> <span class='ocrx_word' id='word_1_107' title='bbox 583 2056 838 2138; x_wconf 86' lang='grc' dir='ltr'>ἀσυνετοῖιντες</span> <span class='ocrx_word' id='word_1_108' title='bbox 862 2058 920 2134; x_wconf 85' lang='grc' dir='ltr'>ἐπὶ</span> <span class='ocrx_word' id='word_1_109' title='bbox 945 2054 1060 2161; x_wconf 79' lang='grc' dir='ltr'>τούτῳ</span> <span class='ocrx_word' id='word_1_110' title='bbox 1084 2051 1144 2133; x_wconf 75' lang='grc' dir='ltr'>διὰ</span> <span class='ocrx_word' id='word_1_111' title='bbox 1167 2055 1232 2151; x_wconf 89' lang='grc' dir='ltr'>τῆς</span> <span class='ocrx_word' id='word_1_112' title='bbox 1252 2056 1326 2129; x_wconf 82' lang='grc' dir='ltr'>τῶν</span> <span class='ocrx_word' id='word_1_113' title='bbox 1343 2083 1440 2152; x_wconf 82' lang='grc' dir='ltr'>πριν-</span> 
     </span>
    </p>

    <p class='ocr_par' dir='ltr' id='par_1_7' title="bbox 74 2172 1443 2301">
     <span class='ocr_line' id='line_1_15' title="bbox 74 2172 1443 2301; baseline 0.004 -49"><span class='ocrx_word' id='word_1_114' title='bbox 74 2172 194 2301; x_wconf 46' lang='grc' dir='ltr'>ᾒὲ511315</span> <span class='ocrx_word' id='word_1_115' title='bbox 243 2180 368 2280; x_wconf 84' lang='grc' dir='ltr'>φητῶν</span> <span class='ocrx_word' id='word_1_116' title='bbox 393 2173 592 2280; x_wconf 79' lang='grc' dir='ltr'>ήλέγχοντα</span> <span class='ocrx_word' id='word_1_117' title='bbox 620 2180 753 2280; x_wconf 84' lang='grc' dir='ltr'>φωνῆς,</span> <span class='ocrx_word' id='word_1_118' title='bbox 777 2186 841 2257; x_wconf 83' lang='grc' dir='ltr'>τοῦ</span> <span class='ocrx_word' id='word_1_119' title='bbox 869 2183 965 2257; x_wconf 84' lang='grc' dir='ltr'>θεοῦ</span> <span class='ocrx_word' id='word_1_120' title='bbox 992 2175 1161 2279; x_wconf 73' lang='grc' dir='ltr'>λέγοντος</span> <span class='ocrx_word' id='word_1_121' title='bbox 1185 2185 1207 2222; x_wconf 86' lang='grc'><strong>“</strong></span> <span class='ocrx_word' id='word_1_122' title='bbox 1223 2175 1272 2254; x_wconf 84' lang='lat' dir='ltr'>‘O</span> <span class='ocrx_word' id='word_1_123' title='bbox 1290 2173 1443 2276; x_wconf 86' lang='grc' dir='ltr'>ούρανός</span> 
     </span>
    </p>

    <p class='ocr_par' dir='ltr' id='par_1_8' title="bbox 73 2296 1500 3268">
     <span class='ocr_line' id='line_1_16' title="bbox 73 2296 1498 2419; baseline -0.001 -44"><span class='ocrx_word' id='word_1_124' title='bbox 73 2303 195 2419; x_wconf 40' lang='grc'>14193355·</span> <span class='ocrx_word' id='word_1_125' title='bbox 243 2308 265 2344; x_wconf 88' lang='grc'>“</span> <span class='ocrx_word' id='word_1_126' title='bbox 283 2331 344 2396; x_wconf 92' lang='grc' dir='ltr'>μοι</span> <span class='ocrx_word' id='word_1_127' title='bbox 374 2296 510 2400; x_wconf 88' lang='grc' dir='ltr'>θρόνος,</span> <span class='ocrx_word' id='word_1_128' title='bbox 541 2300 562 2398; x_wconf 87' lang='grc' dir='ltr'><em>ἡ</em></span> <span class='ocrx_word' id='word_1_129' title='bbox 593 2299 630 2379; x_wconf 76' lang='grc' dir='ltr'>δὲ</span> <span class='ocrx_word' id='word_1_130' title='bbox 660 2303 707 2401; x_wconf 89' lang='grc' dir='ltr'>γῆ</span> <span class='ocrx_word' id='word_1_131' title='bbox 739 2299 932 2380; x_wconf 81' lang='grc' dir='ltr'>ὑποπόδιον</span> <span class='ocrx_word' id='word_1_132' title='bbox 961 2307 1034 2379; x_wconf 85' lang='grc' dir='ltr'>τῶν</span> <span class='ocrx_word' id='word_1_133' title='bbox 1063 2304 1184 2380; x_wconf 83' lang='grc' dir='ltr'>ποδῶν</span> <span class='ocrx_word' id='word_1_134' title='bbox 1212 2323 1294 2396; x_wconf 67' lang='grc' dir='ltr'>μονδ</span> <span class='ocrx_word' id='word_1_135' title='bbox 1335 2303 1442 2377; x_wconf 88' lang='grc' dir='ltr'>ποῖον</span> <span class='ocrx_word' id='word_1_136' title='bbox 1459 2329 1498 2389; x_wconf 84' lang='lat'>¹5</span> 
     </span>
     <span class='ocr_line' id='line_1_17' title="bbox 243 2419 1442 2526; baseline 0.006 -27"><span class='ocrx_word' id='word_1_137' title='bbox 243 2432 266 2468; x_wconf 90' lang='lat'>“</span> <span class='ocrx_word' id='word_1_138' title='bbox 284 2419 382 2500; x_wconf 82' lang='grc' dir='ltr'>οἷκον</span> <span class='ocrx_word' id='word_1_139' title='bbox 411 2420 666 2522; x_wconf 82' lang='grc' dir='ltr'>οίκοδομήσετέ</span> <span class='ocrx_word' id='word_1_140' title='bbox 693 2458 764 2521; x_wconf 87' lang='grc' dir='ltr'>μοι,</span> <span class='ocrx_word' id='word_1_141' title='bbox 797 2426 893 2525; x_wconf 81' lang='grc' dir='ltr'>λε’γει</span> <span class='ocrx_word' id='word_1_142' title='bbox 925 2422 1067 2526; x_wconf 84' lang='grc' dir='ltr'>Κύριος,</span> <span class='ocrx_word' id='word_1_143' title='bbox 1097 2421 1120 2522; x_wconf 86' lang='grc' dir='ltr'>ῆ</span> <span class='ocrx_word' id='word_1_144' title='bbox 1151 2423 1204 2506; x_wconf 84' lang='grc' dir='ltr'>τίς</span> <span class='ocrx_word' id='word_1_145' title='bbox 1235 2421 1344 2504; x_wconf 85' lang='grc' dir='ltr'>τύπος</span> <span class='ocrx_word' id='word_1_146' title='bbox 1376 2426 1442 2520; x_wconf 81' lang='grc' dir='ltr'>τῆς</span> 
     </span>
     <span class='ocr_line' id='line_1_18' title="bbox 242 2543 1443 2649; baseline 0.005 -26"><span class='ocrx_word' id='word_1_147' title='bbox 242 2557 264 2592; x_wconf 87' lang='grc'><strong>“</strong></span> <span class='ocrx_word' id='word_1_148' title='bbox 284 2543 543 2629; x_wconf 82' lang='grc' dir='ltr'>καταπαύσεώς</span> <span class='ocrx_word' id='word_1_149' title='bbox 567 2581 637 2644; x_wconf 86' lang='grc' dir='ltr'>μου</span> <span class='ocrx_word' id='word_1_150' title='bbox 650 2547 682 2642; x_wconf 85' lang='grc'>;”</span> <span class='ocrx_word' id='word_1_151' title='bbox 714 2552 930 2649; x_wconf 84' lang='grc' dir='ltr'>Σαμαρεῖται</span> <span class='ocrx_word' id='word_1_152' title='bbox 958 2545 996 2626; x_wconf 71' lang='grc' dir='ltr'>δὲ</span> <span class='ocrx_word' id='word_1_153' title='bbox 1023 2547 1136 2626; x_wconf 81' lang='grc' dir='ltr'>πάλιν</span> <span class='ocrx_word' id='word_1_154' title='bbox 1158 2546 1199 2625; x_wconf 84' lang='grc' dir='ltr'>ού</span> <span class='ocrx_word' id='word_1_155' title='bbox 1226 2543 1348 2648; x_wconf 84' lang='grc' dir='ltr'>πόρρω</span> <span class='ocrx_word' id='word_1_156' title='bbox 1377 2548 1443 2644; x_wconf 75' lang='grc' dir='ltr'>Τῆς</span> 
     </span>
     <span class='ocr_line' id='line_1_19' title="bbox 241 2667 1443 2775; baseline -0.001 -28"><span class='ocrx_word' id='word_1_157' title='bbox 241 2667 423 2747; x_wconf 89' lang='grc' dir='ltr'>Ἰουδαίων</span> <span class='ocrx_word' id='word_1_158' title='bbox 442 2671 595 2767; x_wconf 82' lang='grc' dir='ltr'>ἀμαθίας</span> <span class='ocrx_word' id='word_1_159' title='bbox 622 2668 782 2768; x_wconf 90' lang='grc' dir='ltr'>κείμενοι,</span> <span class='ocrx_word' id='word_1_160' title='bbox 801 2672 923 2775; x_wconf 86' lang='grc' dir='ltr'>χώραν</span> <span class='ocrx_word' id='word_1_161' title='bbox 942 2705 979 2748; x_wconf 85' lang='grc' dir='ltr'>τε</span> <span class='ocrx_word' id='word_1_162' title='bbox 1006 2672 1095 2767; x_wconf 85' lang='grc' dir='ltr'>ὁμοῦ</span> <span class='ocrx_word' id='word_1_163' title='bbox 1120 2671 1177 2749; x_wconf 80' lang='grc' dir='ltr'>καὶ</span> <span class='ocrx_word' id='word_1_164' title='bbox 1204 2669 1443 2748; x_wconf 87' lang='grc' dir='ltr'>ἀπαιδευσίαν</span> 
     </span>
     <span class='ocr_line' id='line_1_20' title="bbox 211 2789 1443 2898; baseline -0.002 -27"><span class='ocrx_word' id='word_1_165' title='bbox 211 2791 382 2896; x_wconf 79' lang='grc' dir='ltr'>ύὲχοντες</span> <span class='ocrx_word' id='word_1_166' title='bbox 410 2789 552 2892; x_wconf 82' lang='grc' dir='ltr'>ὅμορον,</span> <span class='ocrx_word' id='word_1_167' title='bbox 580 2795 617 2871; x_wconf 84' lang='grc' dir='ltr'>ἐν</span> <span class='ocrx_word' id='word_1_168' title='bbox 645 2791 718 2893; x_wconf 85' lang='grc' dir='ltr'>ὄρει</span> <span class='ocrx_word' id='word_1_169' title='bbox 746 2799 797 2898; x_wconf 79' lang='grc' dir='ltr'>τῷ</span> <span class='ocrx_word' id='word_1_170' title='bbox 827 2791 986 2894; x_wconf 81' lang='grc' dir='ltr'>Γαρίζειν</span> <span class='ocrx_word' id='word_1_171' title='bbox 1014 2794 1106 2872; x_wconf 88' lang='grc' dir='ltr'>ούτω</span> <span class='ocrx_word' id='word_1_172' title='bbox 1134 2790 1352 2898; x_wconf 72' lang='grc' dir='ltr'>καλουμένῳ,</span> <span class='ocrx_word' id='word_1_173' title='bbox 1383 2793 1443 2869; x_wconf 82' lang='grc' dir='ltr'>καὶ</span> 
     </span>
     <span class='ocr_line' id='line_1_21' title="bbox 243 2913 1500 3019; baseline -0.007 -24"><span class='ocrx_word' id='word_1_174' title='bbox 243 2914 512 3019; x_wconf 78' lang='grc' dir='ltr'>προσεύχεσθαι</span> <span class='ocrx_word' id='word_1_175' title='bbox 550 2918 622 2995; x_wconf 89' lang='grc' dir='ltr'>δεῖν</span> <span class='ocrx_word' id='word_1_176' title='bbox 655 2921 712 2994; x_wconf 81' lang='grc' dir='ltr'>καὶ</span> <span class='ocrx_word' id='word_1_177' title='bbox 744 2923 962 3018; x_wconf 86' lang='grc' dir='ltr'>προσκυνεῖν</span> <span class='ocrx_word' id='word_1_178' title='bbox 993 2915 1155 3013; x_wconf 79' lang='grc' dir='ltr'>οἰόμενοι,</span> <span class='ocrx_word' id='word_1_179' title='bbox 1186 2913 1228 2995; x_wconf 85' lang='grc' dir='ltr'>τὸ</span> <span class='ocrx_word' id='word_1_180' title='bbox 1259 2920 1444 3015; x_wconf 80' lang='grc' dir='ltr'>γελᾶσθαι</span> <span class='ocrx_word' id='word_1_181' title='bbox 1460 2947 1500 2987; x_wconf 82' lang='lat'>20</span> 
     </span>
     <span class='ocr_line' id='line_1_22' title="bbox 243 3038 1443 3144; baseline 0.004 -27"><span class='ocrx_word' id='word_1_182' title='bbox 243 3041 383 3122; x_wconf 86' lang='grc' dir='ltr'>δικαίως</span> <span class='ocrx_word' id='word_1_183' title='bbox 409 3041 450 3118; x_wconf 83' lang='grc' dir='ltr'>ού</span> <span class='ocrx_word' id='word_1_184' title='bbox 476 3040 722 3144; x_wconf 86' lang='grc' dir='ltr'>διαφεύγουσι.</span> <span class='ocrx_word' id='word_1_185' title='bbox 765 3040 890 3140; x_wconf 80' lang='grc' dir='ltr'>γε’γονε</span> <span class='ocrx_word' id='word_1_186' title='bbox 915 3039 952 3118; x_wconf 78' lang='grc' dir='ltr'>δὲ</span> <span class='ocrx_word' id='word_1_187' title='bbox 977 3041 1035 3118; x_wconf 82' lang='grc' dir='ltr'>καῖ</span> <span class='ocrx_word' id='word_1_188' title='bbox 1060 3041 1178 3123; x_wconf 81' lang='grc' dir='ltr'>αὐτοῖς</span> <span class='ocrx_word' id='word_1_189' title='bbox 1198 3043 1261 3138; x_wconf 86' lang='grc' dir='ltr'>τῆς</span> <span class='ocrx_word' id='word_1_190' title='bbox 1278 3038 1443 3138; x_wconf 84' lang='grc' dir='ltr'>ἀνοίαςῆ</span> 
     </span>
     <span class='ocr_line' id='line_1_23' title="bbox 243 3160 1444 3268; baseline 0.002 -25"><span class='ocrx_word' id='word_1_191' title='bbox 243 3160 439 3268; x_wconf 82' lang='grc' dir='ltr'>πρόφασις,</span> <span class='ocrx_word' id='word_1_192' title='bbox 459 3161 501 3243; x_wconf 80' lang='grc' dir='ltr'>τὸ</span> <span class='ocrx_word' id='word_1_193' title='bbox 524 3162 695 3243; x_wconf 88' lang='grc' dir='ltr'>δεδόσθαι</span> <span class='ocrx_word' id='word_1_194' title='bbox 713 3162 778 3262; x_wconf 87' lang='grc' dir='ltr'>τήν</span> <span class='ocrx_word' id='word_1_195' title='bbox 796 3165 965 3263; x_wconf 83' lang='grc' dir='ltr'>εὐλογίαν</span> <span class='ocrx_word' id='word_1_196' title='bbox 982 3166 1020 3242; x_wconf 81' lang='grc' dir='ltr'>ἐν</span> <span class='ocrx_word' id='word_1_197' title='bbox 1039 3162 1110 3265; x_wconf 83' lang='grc' dir='ltr'>ὄρει</span> <span class='ocrx_word' id='word_1_198' title='bbox 1128 3163 1300 3266; x_wconf 75' lang='grc' dir='ltr'>Γαρίζειν,</span> <span class='ocrx_word' id='word_1_199' title='bbox 1322 3161 1444 3246; x_wconf 75' lang='grc' dir='ltr'>καθὼς</span> 
     </span>
    </p>
   </div>
   <div class='ocr_carea' id='block_1_5' title="bbox 245 3285 1444 3396">
    <p class='ocr_par' dir='ltr' id='par_1_9' title="bbox 245 3285 1444 3396">
     <span class='ocr_line' id='line_1_24' title="bbox 245 3285 1444 3396; baseline -0.001 -31"><span class='ocrx_word' id='word_1_200' title='bbox 245 3290 282 3365; x_wconf 83' lang='grc' dir='ltr'>ἐν</span> <span class='ocrx_word' id='word_1_201' title='bbox 314 3293 366 3392; x_wconf 77' lang='grc' dir='ltr'>τῷ</span> <span class='ocrx_word' id='word_1_202' title='bbox 399 3286 666 3393; x_wconf 84' lang='grc' dir='ltr'>Δευτερονομίῳ</span> <span class='ocrx_word' id='word_1_203' title='bbox 703 3285 951 3389; x_wconf 75' lang='grc' dir='ltr'>γεγραμμένον</span> <span class='ocrx_word' id='word_1_204' title='bbox 982 3287 1202 3396; x_wconf 80' lang='grc' dir='ltr'>εὑρίσκομεν.</span> <span class='ocrx_word' id='word_1_205' title='bbox 1253 3287 1387 3385; x_wconf 85' lang='grc' dir='ltr'>ταύτην</span> <span class='ocrx_word' id='word_1_206' title='bbox 1419 3287 1444 3385; x_wconf 87' lang='grc' dir='ltr'>ή</span> 
     </span>
    </p>
   </div>
   <div class='ocr_carea' id='block_1_6' title="bbox 245 3408 1501 3640">
    <p class='ocr_par' dir='ltr' id='par_1_10' title="bbox 245 3408 1501 3640">
     <span class='ocr_line' id='line_1_25' title="bbox 245 3408 1441 3516; baseline 0.002 -29"><span class='ocrx_word' id='word_1_207' title='bbox 245 3410 336 3510; x_wconf 86' lang='grc' dir='ltr'>γυνῆ</span> <span class='ocrx_word' id='word_1_208' title='bbox 365 3414 416 3516; x_wconf 76' lang='grc' dir='ltr'>τῷ</span> <span class='ocrx_word' id='word_1_209' title='bbox 446 3413 587 3510; x_wconf 78' lang='grc' dir='ltr'>Σωτῆρι</span> <span class='ocrx_word' id='word_1_210' title='bbox 617 3409 682 3509; x_wconf 87' lang='grc' dir='ltr'>τήν</span> <span class='ocrx_word' id='word_1_211' title='bbox 712 3408 871 3511; x_wconf 81' lang='grc' dir='ltr'>ζήτησιν,</span> <span class='ocrx_word' id='word_1_212' title='bbox 903 3408 949 3494; x_wconf 81' lang='grc' dir='ltr'>ὥς</span> <span class='ocrx_word' id='word_1_213' title='bbox 978 3444 1013 3489; x_wconf 91' lang='grc' dir='ltr'>τι</span> <span class='ocrx_word' id='word_1_214' title='bbox 1041 3409 1134 3510; x_wconf 82' lang='grc' dir='ltr'>με’γα</span> <span class='ocrx_word' id='word_1_215' title='bbox 1168 3413 1225 3489; x_wconf 84' lang='grc' dir='ltr'>καὶ</span> <span class='ocrx_word' id='word_1_216' title='bbox 1257 3410 1441 3489; x_wconf 82' lang='grc' dir='ltr'>δυσκατά-</span> 
     </span>
     <span class='ocr_line' id='line_1_26' title="bbox 245 3532 1501 3640; baseline 0.002 -29"><span class='ocrx_word' id='word_1_217' title='bbox 245 3543 385 3632; x_wconf 83' lang='grc' dir='ltr'>ληπταν</span> <span class='ocrx_word' id='word_1_218' title='bbox 407 3532 608 3635; x_wconf 86' lang='grc' dir='ltr'>πρόβλημα</span> <span class='ocrx_word' id='word_1_219' title='bbox 633 3533 846 3639; x_wconf 86' lang='grc' dir='ltr'>προίσχεται</span> <span class='ocrx_word' id='word_1_220' title='bbox 874 3535 1035 3635; x_wconf 78' lang='grc' dir='ltr'>λέγουσα</span> <span class='ocrx_word' id='word_1_221' title='bbox 1058 3544 1105 3614; x_wconf 83' lang='grc' dir='ltr'>Οἱ</span> <span class='ocrx_word' id='word_1_222' title='bbox 1133 3532 1273 3640; x_wconf 67' lang='grc' dir='ltr'>πατέρες</span> <span class='ocrx_word' id='word_1_223' title='bbox 1302 3532 1390 3640; x_wconf 84' lang='grc' dir='ltr'>ῆμινν</span> <span class='ocrx_word' id='word_1_224' title='bbox 1414 3536 1445 3615; x_wconf 79' lang='grc' dir='ltr'>ἐν</span> <span class='ocrx_word' id='word_1_225' title='bbox 1461 3568 1501 3628; x_wconf 80' lang='lat'>²5</span> 
     </span>
    </p>
   </div>
   <div class='ocr_carea' id='block_1_7' title="bbox 244 3654 1011 3766">
    <p class='ocr_par' dir='ltr' id='par_1_11' title="bbox 244 3654 1011 3766">
     <span class='ocr_line' id='line_1_27' title="bbox 244 3654 1011 3766; baseline -0.003 -29"><span class='ocrx_word' id='word_1_226' title='bbox 244 3666 291 3766; x_wconf 74' lang='grc' dir='ltr'>τῷ</span> <span class='ocrx_word' id='word_1_227' title='bbox 308 3658 366 3762; x_wconf 76' lang='grc' dir='ltr'>ὄρει</span> <span class='ocrx_word' id='word_1_228' title='bbox 387 3654 488 3761; x_wconf 79' lang='grc' dir='ltr'>τούτῳ</span> <span class='ocrx_word' id='word_1_229' title='bbox 507 3657 758 3758; x_wconf 77' lang='grc' dir='ltr'>προσεκύνησαν,</span> <span class='ocrx_word' id='word_1_230' title='bbox 778 3659 835 3734; x_wconf 77' lang='grc' dir='ltr'>καὶ</span> <span class='ocrx_word' id='word_1_231' title='bbox 854 3654 900 3735; x_wconf 80' lang='grc' dir='ltr'>τὰ</span> <span class='ocrx_word' id='word_1_232' title='bbox 917 3655 1011 3762; x_wconf 77' lang='grc' dir='ltr'>ἑξῆς.</span> 
     </span>
    </p>
   </div>
   <div class='ocr_carea' id='block_1_8' title="bbox 240 3865 1447 4291">
    <p class='ocr_par' dir='ltr' id='par_1_12' title="bbox 240 3865 1447 4291">
     <span class='ocr_line' id='line_1_28' title="bbox 281 3865 1447 3937; baseline 0 -16"><span class='ocrx_word' id='word_1_233' title='bbox 281 3882 306 3937; x_wconf 81' lang='lat'>7.</span> <span class='ocrx_word' id='word_1_234' title='bbox 324 3865 659 3923; x_wconf 66' lang='lat' dir='ltr'><strong>rdcom.a.habetcord.</strong></span> <span class='ocrx_word' id='word_1_235' title='bbox 768 3867 794 3920; x_wconf 89' lang='lat'>8.</span> <span class='ocrx_word' id='word_1_236' title='bbox 811 3889 839 3920; x_wconf 82' lang='grc' dir='ltr'>τε</span> <span class='ocrx_word' id='word_1_237' title='bbox 852 3884 906 3920; x_wconf 88' lang='lat' dir='ltr'>om.</span> <span class='ocrx_word' id='word_1_238' title='bbox 920 3865 1042 3920; x_wconf 84' lang='lat' dir='ltr'><strong>B.habet</strong></span> <span class='ocrx_word' id='word_1_239' title='bbox 1056 3865 1138 3921; x_wconf 83' lang='lat' dir='ltr'>cord.</span> <span class='ocrx_word' id='word_1_240' title='bbox 1238 3882 1279 3921; x_wconf 87' lang='lat'>11.</span> <span class='ocrx_word' id='word_1_241' title='bbox 1297 3865 1367 3934; x_wconf 76' lang='grc' dir='ltr'>ἅπαξ</span> <span class='ocrx_word' id='word_1_242' title='bbox 1379 3867 1447 3937; x_wconf 75' lang='grc' dir='ltr'>ὅλης</span> 
     </span>
     <span class='ocr_line' id='line_1_29' title="bbox 244 3934 1447 4008; baseline 0.002 -16"><span class='ocrx_word' id='word_1_243' title='bbox 244 3939 351 3992; x_wconf 82' lang='lat' dir='ltr'>inverso</span> <span class='ocrx_word' id='word_1_244' title='bbox 363 3938 456 3991; x_wconf 76' lang='lat' dir='ltr'>ordine</span> <span class='ocrx_word' id='word_1_245' title='bbox 469 3956 493 3991; x_wconf 80' lang='grc' dir='ltr'>α.</span> <span class='ocrx_word' id='word_1_246' title='bbox 507 3937 588 3991; x_wconf 85' lang='lat' dir='ltr'>Cord.</span> <span class='ocrx_word' id='word_1_247' title='bbox 696 3953 735 3990; x_wconf 83' lang='lat'>12.</span> <span class='ocrx_word' id='word_1_248' title='bbox 755 3937 807 3990; x_wconf 78' lang='grc' dir='ltr'>ἐκεῖ</span> <span class='ocrx_word' id='word_1_249' title='bbox 820 3934 901 3991; x_wconf 77' lang='lat' dir='ltr'><strong>cord.</strong></span> <span class='ocrx_word' id='word_1_250' title='bbox 1005 3954 1046 4006; x_wconf 89' lang='lat'>19.</span> <span class='ocrx_word' id='word_1_251' title='bbox 1065 3937 1168 4008; x_wconf 81' lang='grc' dir='ltr'>ἔχοντες</span> <span class='ocrx_word' id='word_1_252' title='bbox 1179 3936 1273 4006; x_wconf 84' lang='grc' dir='ltr'>ὅμορον</span> <span class='ocrx_word' id='word_1_253' title='bbox 1285 3936 1336 3990; x_wconf 80' lang='lat' dir='ltr'>hoc</span> <span class='ocrx_word' id='word_1_254' title='bbox 1348 3936 1447 3994; x_wconf 78' lang='lat' dir='ltr'>ordine</span> 
     </span>
     <span class='ocr_line' id='line_1_30' title="bbox 245 4005 1447 4096; baseline 0.002 -34"><span class='ocrx_word' id='word_1_255' title='bbox 245 4008 278 4062; x_wconf 89' lang='lat' dir='ltr'>B.</span> <span class='ocrx_word' id='word_1_256' title='bbox 292 4009 397 4063; x_wconf 78' lang='lat' dir='ltr'>inverso</span> <span class='ocrx_word' id='word_1_257' title='bbox 409 4008 502 4062; x_wconf 82' lang='lat' dir='ltr'>ordine</span> <span class='ocrx_word' id='word_1_258' title='bbox 514 4006 595 4063; x_wconf 82' lang='lat' dir='ltr'>Cord.</span> <span class='ocrx_word' id='word_1_259' title='bbox 610 4005 660 4060; x_wconf 87' lang='lat' dir='ltr'>Ed.</span> <span class='ocrx_word' id='word_1_260' title='bbox 709 4008 812 4096; x_wconf 79' lang='grc' dir='ltr'>γαριζὶν</span> <span class='ocrx_word' id='word_1_261' title='bbox 838 4007 880 4059; x_wconf 84' lang='lat' dir='ltr'>hic</span> <span class='ocrx_word' id='word_1_262' title='bbox 892 4016 918 4060; x_wconf 84' lang='lat' dir='ltr'>et</span> <span class='ocrx_word' id='word_1_263' title='bbox 930 4006 1009 4074; x_wconf 83' lang='lat' dir='ltr'>infra)</span> <span class='ocrx_word' id='word_1_264' title='bbox 1023 4025 1047 4061; x_wconf 82' lang='lat' dir='ltr'>a.</span> <span class='ocrx_word' id='word_1_265' title='bbox 1123 4023 1166 4061; x_wconf 83' lang='lat'>21.</span> <span class='ocrx_word' id='word_1_266' title='bbox 1184 4006 1354 4062; x_wconf 83' lang='grc' dir='ltr'>αύτοῖςΒ.Ῑ).</span> <span class='ocrx_word' id='word_1_267' title='bbox 1370 4007 1447 4066; x_wconf 81' lang='lat' dir='ltr'><strong>catt.</strong></span> 
     </span>
     <span class='ocr_line' id='line_1_31' title="bbox 244 4076 1444 4150; baseline -0.001 -17"><span class='ocrx_word' id='word_1_268' title='bbox 244 4077 384 4147; x_wconf 78' lang='grc' dir='ltr'>αύτήςΕό.</span> <span class='ocrx_word' id='word_1_269' title='bbox 432 4080 542 4134; x_wconf 82' lang='grc' dir='ltr'>διανοίας</span> <span class='ocrx_word' id='word_1_270' title='bbox 554 4097 578 4133; x_wconf 80' lang='grc' dir='ltr'>α.</span> <span class='ocrx_word' id='word_1_271' title='bbox 627 4077 817 4146; x_wconf 71' lang='grc' dir='ltr'>Βιαιίιπηοιπ.</span> <span class='ocrx_word' id='word_1_272' title='bbox 859 4076 1052 4131; x_wconf 75' lang='grc' dir='ltr'>,ύυύςιῦοτό</span> <span class='ocrx_word' id='word_1_273' title='bbox 1202 4092 1245 4148; x_wconf 84' lang='lat'>25.</span> <span class='ocrx_word' id='word_1_274' title='bbox 1263 4077 1394 4150; x_wconf 74' lang='grc' dir='ltr'>λέγουσιν]</span> <span class='ocrx_word' id='word_1_275' title='bbox 1412 4086 1444 4144; x_wconf 64' lang='lat'>4</span> 
     </span>
     <span class='ocr_line' id='line_1_32' title="bbox 244 4146 1447 4219; baseline 0.002 -16"><span class='ocrx_word' id='word_1_276' title='bbox 244 4149 285 4203; x_wconf 81' lang='grc' dir='ltr'>ὅτι</span> <span class='ocrx_word' id='word_1_277' title='bbox 298 4148 380 4203; x_wconf 87' lang='lat' dir='ltr'><strong>Cord.</strong></span> <span class='ocrx_word' id='word_1_278' title='bbox 522 4148 564 4202; x_wconf 80' lang='lat'>26.</span> <span class='ocrx_word' id='word_1_279' title='bbox 585 4146 638 4201; x_wconf 86' lang='lat' dir='ltr'>Hic</span> <span class='ocrx_word' id='word_1_280' title='bbox 650 4150 760 4203; x_wconf 80' lang='lat' dir='ltr'>collocat</span> <span class='ocrx_word' id='word_1_281' title='bbox 772 4150 865 4218; x_wconf 80' lang='lat' dir='ltr'><strong>capitis</strong></span> <span class='ocrx_word' id='word_1_282' title='bbox 879 4148 1013 4218; x_wconf 79' lang='lat' dir='ltr'>sequentis</span> <span class='ocrx_word' id='word_1_283' title='bbox 1024 4148 1132 4201; x_wconf 82' lang='lat' dir='ltr'><strong>titulum</strong></span> <span class='ocrx_word' id='word_1_284' title='bbox 1148 4147 1180 4212; x_wconf 87' lang='lat' dir='ltr'>B,</span> <span class='ocrx_word' id='word_1_285' title='bbox 1193 4165 1272 4219; x_wconf 82' lang='lat' dir='ltr'>quem</span> <span class='ocrx_word' id='word_1_286' title='bbox 1284 4157 1374 4202; x_wconf 82' lang='lat' dir='ltr'><strong>tamen</strong></span> <span class='ocrx_word' id='word_1_287' title='bbox 1387 4167 1447 4206; x_wconf 82' lang='grc' dir='ltr'>που</span> 
     </span>
     <span class='ocr_line' id='line_1_33' title="bbox 240 4217 1333 4291; baseline -0.003 -17"><span class='ocrx_word' id='word_1_288' title='bbox 240 4229 362 4283; x_wconf 62' lang='lat' dir='ltr'>vecutus,</span> <span class='ocrx_word' id='word_1_289' title='bbox 376 4237 460 4291; x_wconf 88' lang='lat' dir='ltr'><strong>quum</strong></span> <span class='ocrx_word' id='word_1_290' title='bbox 472 4218 499 4272; x_wconf 89' lang='lat' dir='ltr'>in</span> <span class='ocrx_word' id='word_1_291' title='bbox 512 4219 627 4288; x_wconf 80' lang='lat' dir='ltr'>capitum</span> <span class='ocrx_word' id='word_1_292' title='bbox 641 4219 739 4283; x_wconf 78' lang='lat' dir='ltr'><strong>tabula,</strong></span> <span class='ocrx_word' id='word_1_293' title='bbox 753 4230 833 4289; x_wconf 83' lang='lat' dir='ltr'>caput</span> <span class='ocrx_word' id='word_1_294' title='bbox 844 4217 910 4272; x_wconf 89' lang='lat' dir='ltr'>illud</span> <span class='ocrx_word' id='word_1_295' title='bbox 924 4218 1011 4272; x_wconf 79' lang='lat' dir='ltr'>versui</span> <span class='ocrx_word' id='word_1_296' title='bbox 1024 4217 1145 4290; x_wconf 73' lang='lat' dir='ltr'>sequenti</span> <span class='ocrx_word' id='word_1_297' title='bbox 1157 4218 1250 4272; x_wconf 83' lang='lat' dir='ltr'>tribuit</span> <span class='ocrx_word' id='word_1_298' title='bbox 1261 4228 1287 4273; x_wconf 81' lang='lat' dir='ltr'>et</span> <span class='ocrx_word' id='word_1_299' title='bbox 1301 4217 1333 4271; x_wconf 93' lang='lat' dir='ltr'>B.</span> 
     </span>
    </p>
   </div>
   <div class='ocr_carea' id='block_1_9' title="bbox 0 0 1525 5018">
    <p class='ocr_par' dir='ltr' id='par_1_13' title="bbox 0 0 1525 5018">
     <span class='ocr_line' id='line_1_34' title="bbox 0 0 1525 5018; baseline 0 0"><span class='ocrx_word' id='word_1_300' title='bbox 0 0 1525 5018; x_wconf 95' lang='lat' dir='ltr'> </span> 
     </span>
    </p>
   </div>
  </div>
 </body>
</html>
