3038 5018
111 294 177 359 viii.
195 318 242 384 ¹9·
299 299 356 363 IN
387 300 420 364 S.
444 301 699 365 JOANNEM.
746 302 841 366 LIB.
862 302 898 367 V.
944 301 1118 366 CARII.
1247 301 1310 365 727

111 464 273 567 περὶτοῦ
293 466 522 571 κατόισοίρκα
541 469 772 568 νομισθέντος
794 466 930 572 πατρὸς
954 468 1000 547 τὰ
1025 467 1171 547 τοιαῦτά
1195 473 1306 573 φασι,

112 599 304 693 ληροῦντες
326 597 393 673 κάν
411 593 538 700 τοότιρ.
579 590 670 678 εἰκός
695 592 732 673 δέ
758 591 802 694 δή
827 627 861 672 τι
887 597 945 673 καὶ
971 593 1089 695 ἕτερον
1108 592 1306 673 ῦπαινίττε·

111 720 199 795 σθαι
228 715 324 810 βαθὺ
351 724 424 797 τῶν
446 715 627 797 Ἰουδαίων
654 715 737 800 τοῦς
764 715 909 819 λόγους.
950 717 1069 818 ἐπειδὴ
1097 715 1170 819 γὰρ
1197 713 1311 822 ᾤοντο

109 847 370 944 μεμοιχεῦσθαι
393 840 466 942 πρό
491 839 611 943 γόμου
635 839 702 941 τήν
724 840 830 942 ἁγίαν
850 840 1039 944 παρθένον,
1058 841 1225 946 ταότῃτοι
1251 843 1309 919 καί

79 964 215 1062 ὅμοίλα
238 971 372 1067 πικρῶς
398 967 446 1048 ὡς
471 963 561 1065 μηδὲ
586 963 691 1044 εἰδότι
716 970 768 1072 τῷ
786 970 939 1072 Χριστῷ
962 965 1027 1045 τὸν
1045 966 1089 1072 ἐξ
1103 965 1211 1068 οὗπέρ
1230 968 1340 1045 ἐστιο

112 1091 416 1190 διαλοιδοροῦνται
435 1089 601 1190 λέγοντες
620 1090 690 1167 Ποῦ
708 1089 827 1169 ἐστινὸ
849 1091 958 1195 πατήρ
978 1125 1058 1184 τους
1088 1097 1291 1191 ληροῦντες.

125 1286 303 1378 Ἀιτεκρίθιι
326 1287 453 1355 Ἰασοῦς
481 1287 565 1353 Οὔτε
592 1286 650 1364 ἐμὲ
678 1282 791 1352 οἴδατε
818 1287 893 1353 οὔτε
920 1288 976 1353 τὸν
1003 1288 1135 1375 Πατέρα
1162 1306 1234 1363 μου·
1265 1283 1294 1353 εἰ

298 1413 356 1491 ἐμὲ
384 1409 498 1479 οἴδατε
526 1412 580 1477 καί
606 1413 663 1482 τὸν
690 1414 821 1501 Πατέρα
848 1436 910 1489 μου
937 1412 976 1478 ἂν
1004 1408 1125 1479 είδιιτε.

168 1561 365 1662 Ἀληθὴς
349 1597 369 1642 ο
389 1559 509 1663 λόγος,
529 1595 587 1640 και
574 1557 839 1656 οῦδαμόθεν’
821 1563 878 1640 επὶ
895 1594 947 1668 τερ
929 1562 1180 1665 διεψεῦσθαι
1198 1593 1310 1657 κατη-

62 1721 100 1762 το
113 1690 302 1789 γορεῖσθαι
330 1682 533 1782 δυναμενος.
583 1689 616 1764 οἱ
644 1682 716 1829 γὰρ
743 1681 855 1767 ὅντως
883 1684 927 1791 ἐξ
954 1681 1163 1839 Ἰωσήφ,”
1134 1718 1247 1834 ηγουν
1274 1684 1331 1783 ἐκ,

113 1811 291 1912 πορνείας,
321 1805 586 1912 νομίζοντες’
553 1843 641 1888 ειναι
674 1805 738 1887 τὸν
765 1807 931 1909 Χριστόν
964 1843 1021 1888 και
1054 1807 1118 1887 τὸν
1150 1809 1188 1887 έκ
1217 1813 1313 1887 Θεοῦ

116 1931 263 2034 Πατρός
295 1933 538 2036 ἀγνοήσαντες
570 1929 758 2039 πεφηνότα
787 1931 920 2033 Λόγον,
949 1939 1027 2016 πῶς
1062 1932 1126 2012 οὐκ
1156 1930 1314 2031 εὐλόγως

115 2055 331 2136 ἀκούσονται
349 2055 391 2136 τό
410 2055 498 2137 Οότε
524 2054 583 2160 ἐμὲ
607 2059 640 2136 ιί
656 2091 719 2136 ατε
744 2055 815 2137 τότε
841 2057 893 2137 τόν
913 2054 1050 2165 Πατέρα
1071 2094 1158 2162 μους
1188 2062 1217 2136 εί
1242 2054 1314 2158 γὰρ

114 2176 253 2286 ᾔδεσαν
280 2179 344 2260 τὸν
368 2183 406 2260 έκ
435 2186 532 2260 θεοῦ
559 2182 618 2260 καί
645 2178 791 2283 Πατρός
816 2179 1004 2287 πεφηνότα
1028 2176 1161 2282 Λόγον,
1184 2183 1241 2258 καὶ
1270 2180 1312 2258 δι’

64 2330 101 2391 ¹5
115 2306 207 2404 ἡμᾶς
224 2307 262 2385 ε’ν
280 2307 389 2408 σαρκί
415 2303 589 2407 γεγονότα
614 2303 705 2384 κατὰ
730 2302 794 2403 τήν
813 2305 911 2384 θείαν
928 2303 1085 2407 γραφήν,
1103 2305 1314 2405 ἐπέγνωσαν

115 2427 160 2508 ἂν
178 2431 237 2509 καί
261 2427 325 2508 τὸν
347 2428 476 2508 τοῦτου
502 2425 712 2530 γεννήτορα.
753 2426 996 2531 ἀκριβεστάτη
1022 2428 1093 2530 γὰρ
1118 2430 1346 2529 ἐπίγνωσιςδ

113 2560 178 2632 τοῦ
210 2552 356 2656 Πατρός
388 2554 430 2632 δι’
461 2557 552 2632 Υίοῦ
584 2559 661 2636 ταῖς
690 2558 764 2632 τῶν
792 2553 1114 2658 φιλομαθεστέρων
1144 2551 1311 2637 διανοίαις

115 2676 301 2780 έγγίνεται,
333 2676 427 2757 καθόι
458 2679 517 2756 καί
551 2673 658 2760 αῦτός
689 2711 761 2757 που
793 2675 1077 2773 διεβεβαιῶσατο
1112 2675 1286 2778 λέγων
1263 2711 1312 2761 ως

114 2835 206 2903 προς
234 2798 330 2881 Θεόν
357 2803 415 2881 καὶ
446 2799 592 2902 Πατέρα
618 2811 640 2846 “
656 2799 900 2906 Ἐφανέρωσά
927 2835 998 2880 σου
1025 2797 1067 2879 τό
1097 2801 1210 2899 ὄνομα
1239 2806 1313 2884 τοῖς
1357 2792 1449 2910 iffi.

66 2935 138 3002 20“
156 2925 390 3076 ἀνθρφποιςέ
432 2958 490 3004 και
478 2921 622 3004 πόλιν
639 2935 660 2972 “
677 2923 1008 3024 Ἐθαυμαστόθη
988 2960 1010 3024 η
1030 2925 1165 3026 γνωσίς
1184 2959 1254 3004 σου
1272 2924 1316 3031 ἐξ
1358 2933 1476 3050 ἔξω

115 3050 268 3147 “ε’μοῦ.’
269 3046 439 3147 ’ἐπειδη
477 3046 548 3151 γὰρ
585 3047 789 3150 ἐπέγνωμεν
818 3045 882 3128 τόν
909 3045 1058 3145 Υιόν,’
1040 3083 1242 3150 επεγνωμεν
1274 3047 1317 3156 ἐξ
1360 3064 1385 3116 ⁶·

115 3174 225 3252 αὑτοῦ
252 3170 316 3252 τὸν
343 3171 580 3274 γεννήσαντα.
627 3171 830 3278 εἰσφέρεται
862 3208 928 3271 μεν
955 3171 1026 3275 γὰρ
1058 3172 1101 3252 δι’
1129 3172 1316 3278 ἀμφοῖνὴ

116 3295 266 3399 θατέρου
283 3297 455 3399 περίνοια,
475 3299 534 3376 καί
558 3296 803 3402 συνειστρέχει
828 3293 895 3396 μέν
913 3295 1056 3380 πάντως
1078 3296 1318 3394 ὀνομασθέντι

117 3424 168 3526 τῷ
205 3423 322 3522 Πατρί
360 3423 419 3499 καὶ
451 3421 472 3519 ή
506 3429 569 3500 τοῦ
603 3421 822 3521 γεννήματος
856 3419 991 3520 μνήμη·
1035 3419 1246 3522 συμβαδίζει
1280 3419 1348 3501 δίο
1420 3428 1423 3432 ’

69 3542 231 3636 τ5πάλιν
252 3551 317 3622 τοῦ
344 3547 434 3623 Υίοῦ
462 3545 630 3651 σημασίᾳ
658 3543 700 3623 τό
728 3551 792 3624 τοῦ
819 3541 1061 3648 γεννήσαντος
1089 3542 1212 3641 ὄνομα.
1259 3542 1319 3625 διὰ

118 3666 190 3771 γάρ
214 3702 270 3748 τοι
295 3675 400 3748 τοῦτο
425 3667 517 3771 θόρα
540 3702 593 3752 τις
619 3664 745 3772 ὥσπερ
771 3671 851 3749 ε’στὶ
869 3671 928 3748 καὶ
947 3666 1040 3765 ὁδὸς,
1059 3673 1108 3753 είς
1124 3670 1321 3770 ἐπίγνωσιν

156 3864 182 3917 3.
200 3869 259 3903 τους
269 3848 366 3918 λόγους
378 3855 597 3917 assumptam
671 3860 697 3917 5.
716 3869 751 3903 ως
763 3864 818 3900 om
832 3845 865 3898 Β.
879 3842 1123 3915 αιιηηιριίιεῦηι.
1136 3852 1167 3897 ut
1179 3843 1233 3898 v1d
1247 3844 1321 3902 Aub.

120 3917 334 3973 faventibusamc
347 3917 429 3973 Cord.
479 3917 604 3986 Statimp
607 3916 651 3984 ηδε
664 3934 713 3970 a..c
727 3916 841 3984 Οοτδ.μ
841 3916 902 3986 Bw
914 3914 965 3969 Ed
1054 3913 1080 3967 6.
1099 3915 1321 3983 δωλοιδοροῦνται

119 3986 240 4059 λέγοντες
255 3987 338 4042 B...ac
349 3988 431 4043 Cord.
444 3988 666 4056 διαλοιδοροῦντες
677 3987 788 4058 λέγουσι
803 3939 891 4041 Holst.
903 3984 954 4039 Ed.
999 3987 1138 4054 ληροῦντες
1150 3992 1321 4075 assumptum

120 4076 152 4112 ox
168 4057 225 4112 Bne
239 4056 322 4111 Cord.
420 4058 553 4128 ,Ἀπεκρί
553 4057 644 4130 θη]-ί·
660 4058 740 4113 δΕᾶ.
823 4074 864 4112 11.
882 4079 923 4110 και
914 4056 1005 4110 τδν
991 4077 1019 4109 εκ
1033 4059 1101 4110 θεον
1113 4056 1244 4125 Πατρδς
1228 4079 1322 4127 αγνοη

120 4150 214 4184 σαντες
230 4131 285 4197 πεφ
263 4129 397 4197 φηνόταΛ
447 4147 527 4183 νοω.
541 4142 571 4183 ut
586 4128 737 4252 αάηοῒαῑίφ
739 4147 767 4183 ue
780 4127 851 4182 Aub
854 4125 947 4196 ,εἴπερ
964 4125 1109 4195 ηδεισαν
1083 4149 1129 4180 τον
1143 4127 1171 4180 εἰς
1186 4131 1253 4181 θεον
1265 4134 1323 4182 Πα

120 4222 152 4270 τμ
153 4201 249 4268 δςπεφ
225 4201 358 4268 φηνόταλ
410 4199 555 4254 rCOrderii
572 4217 623 4281 ope
639 4217 715 4253 emen
716 4147 793 4252 gans.
843 4198 938 4252 Statim
956 4197 1021 4251 haec
1039 4201 1094 4252 πῶς
1110 4198 1156 4250 οὐκ
1172 4197 1324 4289 εὐλόγως-

120 4271 255 4339 πεφηνότα
269 4272 398 4339 Λόγονε
384 4269 438 4323 edit
452 4271 474 4324 B
489 4288 543 4393 ηιξ.
557 4268 661 4341 [omisit
679 4279 770 4324 autem
787 4280 819 4324 ut
835 4268 888 4323 vid.
904 4265 966 4338 Ht.]
981 4285 1100 4392 φιοηιηι·
1114 4268 1262 4359 εὐλόγωτ’
1246 4265 1323 4322 amfi-

122 4341 293 4396 σονται-τδν
306 4339 410 4408 Πατέρα
421 4363 471 4408 μου
484 4360 516 4395 ex
516 4268 592 4394 Πὶίίοῒ
604 4347 666 4394 eta.
823 4356 865 4409 23.
884 4338 1016 4408 δνομασ
1002 4360 1054 4391 εντι
1070 4338 1091 4391 Β
1116 4338 1164 4392 Ht.
1177 4362 1258 4408 ονομα
1269 4341 1324 4395 τοῖς

122 4411 266 4482 ἀνθρώποις
279 4433 319 4464 και
311 4412 411 4464 ’πάλιν
422 4411 587 4481 γνωσθέντι(
588 4413 642 4466 τοῖς
654 4410 670 4463 ἆ
719 4413 799 4467 ὡποις
810 4433 851 4463 και
840 4356 969 4464 ’3πείλινε
986 4426 1073 4490 supra
1083 4410 1178 4463 iterum
1193 4409 1325 4464 scribente

123 4493 170 4536 aut
188 4483 246 4550 ipso
264 4491 310 4535 aut
329 4481 424 4546 scriba,
442 4482 538 4536 deinde
557 4483 658 4538 ·σθε’ντι
672 4411 719 4535 τό
729 4482 871 4554 γνωσθέντι
890 4491 921 4535 ut
939 4479 1073 4535 ιδαοιαι
1067 4495 1124 4549 ιηιε
1142 4497 1156 4534 e
1175 4481 1326 4553 conjectura

123 4552 282 4623 emendans)
295 4552 366 4608 Aub.
