3038 5018
236 296 303 362 414
540 298 581 364 Β.
605 299 813 367 OYRILLI
843 299 1134 367 ALEXANDR.
1328 298 1373 364 vi.
1390 316 1442 362 10.

238 460 394 564 λέγοντα
422 464 568 545 δεικνύει
599 463 664 544 τὸν
690 466 836 564 Ἰησοῦν
858 461 911 545 Ὢ
938 469 1083 568 βραδεῖς
1111 470 1161 550 εἰς
1190 499 1232 544 το
1259 499 1326 565 την
1352 460 1445 563 εμήν

238 586 396 666 συνιέναι
421 587 581 687 δύναμιν,
606 591 665 669 καὶ
687 592 817 690 νοήσω
840 592 893 673 τίς
915 589 936 669 ὁ
959 594 1088 668 λαλῶν
1104 586 1341 669 Ἀνακλίνατε
1358 583 1444 670 τοῦς

240 708 382 811 ἄνδρας,
401 711 443 790 ἵν’
464 713 503 791 ἐκ
520 711 670 812 μηδενὸς
688 720 753 793 τοῦ
774 714 858 816 παρ’
880 714 962 812 ὑμῖν
980 712 1140 812 κειμένου
1156 708 1441 815 κατακορεσθέν·

240 868 306 920 τας
337 835 488 937 ὁρῶντες
519 835 730 940 θαυμάζητε.
782 840 993 916 ἀνακλίνατε
1025 833 1110 921 τοῦς
1138 836 1284 938 ἄνδρας.
1333 843 1443 915 τοῦτο

241 956 315 1062 γὰρ
337 959 456 1044 αὐτοῖς
483 959 526 1041 τὸ
554 961 679 1041 λεῖπόν
704 963 818 1041 ἐστιν·
849 962 891 1040 οὐ
917 957 990 1063 γὰρ
1015 958 1164 1062 δηνάρια
1191 959 1256 1058 μὲν
1275 957 1476 1040 διακόσια5

242 1080 288 1162 τὰ
315 1081 455 1186 ζωαρκῆ
483 1090 558 1168 τοῖς
582 1082 706 1190 ὄχλοις
730 1091 924 1187 περιποιεῖν
949 1081 996 1164 ἂν
1020 1083 1164 1188 ἴσχυσε,
1184 1081 1380 1188 χρημάτων
1406 1081 1445 1162 δὲ

213 1211 316 1285 οτῶν
341 1209 378 1286 ἐν
402 1207 602 1310 ἀνθρώποις
629 1207 672 1287 τὸ
699 1215 797 1307 μεῖον
820 1210 858 1287 έν
885 1212 938 1315 τῷ
965 1205 1142 1287 δύνασθαι
1168 1205 1348 1310 σόζειν,ἡ
1375 1204 1446 1306 ε’μὴ

243 1327 452 1430 κεκτήσεται
470 1330 627 1430 δύναμις,
646 1332 668 1431 ἡ
685 1331 805 1412 πάντα
821 1331 913 1435 πρὸς
937 1327 979 1411 τὸ
1003 1326 1092 1410 εἶναι
1110 1338 1278 1410 καλοῦσα
1295 1333 1353 1411 καὶ
1370 1335 1445 1409 τῶν

242 1453 288 1560 ἐξ
316 1454 381 1535 οῦκ
413 1453 526 1535 ὅντων
556 1454 784 1559 δημιουργός·
828 1455 908 1536 οῦδὲ
939 1453 1073 1539 Ἠλίας
1104 1453 1170 1553 μέν
1202 1455 1222 1534 ὁ
1253 1453 1445 1562 προφήτης

109 1657 115 1670 ,
158 1628 163 1640 ·
244 1581 389 1658 ἀνενδεᾶ
414 1577 477 1658 τὸν
493 1580 709 1684 ἐλαιοφόρον
727 1584 792 1680 τῆς
814 1578 927 1685 χήρας
951 1578 1056 1658 ἐτίθει
1081 1578 1291 1683 καμψάκην,
1307 1577 1446 1681 μητέρα
1462 1608 1499 1649 10

176 1693 182 1708 ⁸
243 1735 282 1782 τε
305 1703 535 1784 ἀνεκλείπτου
558 1708 695 1809 τροφῆς
717 1702 783 1804 τήν
801 1705 925 1808 ὑδρίαν
943 1698 1119 1798 ἀπετέλει,
1138 1702 1159 1780 ὁ
1177 1699 1216 1780 δέ
1233 1702 1383 1810 κάκείνῳ
1400 1699 1445 1782 τδ

243 1824 420 1907 δύνασθαι
442 1825 570 1926 διδοὺς,
588 1828 653 1907 οῦκ
677 1825 723 1907 ἂν
740 1827 913 1933 ἐξίσχυσε
937 1824 1245 1906 πολιπτλασιιίσαι
1262 1824 1304 1906 τὸ
1323 1826 1446 1927 μηδὲν,

243 1951 366 2030 καὶτὸ
391 1949 602 2055 προστυχὸν
620 1952 747 2037 ἁπλῶς
773 1955 838 2051 τῆς
865 1948 1021 2056 ἆῤῥήτου
1047 1948 1256 2054 φιλοτιμίας
1278 1949 1445 2051 ἐργάσα-

243 2079 332 2154 σθαι
349 2072 480 2177 πηγήν,
499 2081 558 2156 καὶ
576 2073 750 2176 ἀδοκήτου
768 2074 913 2180 χάριτος
931 2072 1047 2179 ἀρχήν
1064 2107 1103 2152 τε
1122 2076 1180 2153 καὶ
1198 2071 1319 2177 ῥίζαν;

76 2218 139 2274 281
149 2217 190 2273 A.
214 2232 233 2274 a
300 2202 459 2280 Τοιαῦτα
485 2199 552 2299 μὲν
578 2200 642 2280 οὖν
669 2204 837 2300 ε’ννοῆσαι
864 2197 974 2304 τυχὸν
1002 2199 1067 2278 οῦκ
1094 2199 1268 2279 ἀπίθανον
1294 2197 1354 2279 διὰ
1381 2205 1447 2300 τῆς
1463 2232 1499 2291 15

244 2321 437 2431 ἐμφάσεως
469 2328 574 2405 οίονεὶ
606 2321 759 2428 λέγοντα
789 2322 854 2404 τὸν
885 2321 1063 2427 Χριστόν·
1104 2322 1373 2423 ἐπισημαίνεται
1405 2321 1448 2404 δὲ

246 2448 433 2554 χρησίμως
457 2450 477 2529 ὁ
501 2447 672 2551 μακάριος
692 2446 978 2551 Εὖαγγελιστής,
998 2446 1052 2527 ὅτι
1074 2453 1133 2527 καὶ
1154 2444 1274 2555 χίρτις
1298 2442 1331 2541 ἦν
1350 2450 1381 2529 ἓν
1397 2446 1448 2556 τῷ

245 2569 339 2682 τίπῳ
363 2571 483 2670 πιλῗις,
501 2573 701 2673 ἐπιτηδείως
725 2571 855 2676 έχοντα
877 2570 941 2652 τδν
965 2576 1084 2677 χῶρον
1106 2570 1197 2675 πρὸς
1221 2570 1264 2651 τὸ
1289 2574 1348 2652 καὶ
1374 2574 1452 2652 δεῖν

245 2697 503 2777 ἆνακλίνεσθαι
538 2694 621 2780 τοῦς
657 2698 788 2799 ἄνδρας
824 2694 1028 2781 ἐπιδεικνύς.
1082 2693 1238 2799 ἐπιτήρει
1275 2695 1313 2775 δὲ
1349 2695 1452 2781 ὅπως

245 2818 527 2923 ἀναμεμιγμέιης
552 2826 599 2903 είς
625 2819 752 2920 ἑαυτὴν
770 2823 835 2919 τῆς
858 2827 931 2900 τῶν
948 2819 1177 2926 τρεφομένων
1194 2817 1369 2920 πληθύος,
1388 2821 1453 2900 καὶ
1466 2855 1504 2895 ιο

245 2950 424 3047 γυναικῶν
460 2942 628 3044 δηλονότι
669 2951 865 3048 παρουσῶν
904 2940 976 3023 σῦν
1010 2941 1153 3041 τέκνοις,
1190 2941 1321 3042 μένους
1363 2942 1454 3028 τοῦς

247 3067 378 3172 ἄνδρας
403 3068 690 3171 ἀπηριθμήσατο,
709 3075 787 3152 ταῖς
811 3066 904 3149 κατὰ
926 3065 991 3148 τὸν
1010 3067 1120 3166 νόμον
1138 3070 1186 3151 ὡς
1208 3063 1305 3166 οἶμαι
1328 3101 1450 3168 συνη-

215 3192 356 3276 ὶτθείαις
387 3194 607 3271 ἀκολουθῶν.
651 3190 898 3276 διατάττοντος
931 3187 1003 3292 γὰρ
1036 3199 1099 3270 τοῦ
1131 3197 1238 3289 Θεοῦ,
1268 3193 1328 3272 καὶ
1357 3189 1455 3296 πρὸς

81 3325 190 3454 {gmi-
248 3312 312 3394 τὸν
340 3314 552 3420 ἱεροφάντην
584 3315 753 3416 λέγοντος
780 3314 943 3395 Μωυσέα
970 3326 993 3363 “
1008 3313 1151 3409 Λάβετε
1180 3313 1295 3420 ἀρχὴν
1324 3313 1455 3416 πάσης

99 3425 140 3448 Η
249 3448 270 3484 “
290 3442 504 3540 συναγωγῆς
536 3442 621 3518 υἱῶν
653 3438 808 3542 Ἰσραὴλ
842 3437 935 3519 κατὰ
966 3440 1189 3540 συγγενείας,
1221 3438 1296 3517 κατ’
1332 3436 1455 3524 οἴκους
1467 3467 1503 3528 ²5

248 3572 271 3609 “
288 3568 460 3664 πατριῶν,
480 3559 571 3641 κατὰ
587 3562 739 3664 ἀριθμὸν
757 3562 801 3670 ἐξ
815 3561 1003 3661 ὀνόματος,
1023 3560 1116 3642 κατὰ
1135 3558 1299 3668 κεφαλήν
1318 3562 1453 3662 αὐτῶν,

248 3696 270 3735 “
288 3691 362 3768 πᾶν
393 3686 507 3787 ἄρσεν
536 3684 609 3766 ἀπὸ
641 3692 856 3771 είκοσαετοῖς
887 3689 946 3767 καὶ
975 3684 1132 3766 ε’πιίνω·”
1167 3686 1377 3767 ἀπετελεῐτο
1409 3683 1453 3767 τὸ

247 3807 490 3916 προσταχθὲν,
508 3813 566 3891 καὶ
584 3808 721 3913 μακρὸν
739 3810 804 3908 μὲν
822 3809 1008 3909 ὀνομάτων
1026 3810 1047 3889 ὃ
1064 3807 1254 3916 προφήτης
1272 3811 1454 3892 συνετίθει

286 4076 310 4114 ι.
322 4059 407 4131 λέγων
418 4058 543 4114 &lxma
555 4060 570 4111 ὅ
582 4057 684 4126 Ἰησοῦς
695 4075 719 4111 a.
732 4057 845 4112 δείκνυσι
857 4056 889 4111 Β.
902 4054 1009 4111 δεικνύει
1020 4054 1191 4111 habetcord.
1264 4071 1290 4110 ν.
1301 4054 1455 4110 ἇνακλίνετε

248 4128 331 4185 cord.
427 4146 453 4200 3.
472 4131 494 4184 εί
508 4129 570 4196 (sie)
583 4126 673 4198 pro‘c'v’
689 4127 721 4182 Β.
816 4126 842 4181 6.
861 4126 967 4199 ίσχῦσει
981 4127 1014 4181 Β.
1104 4126 1298 4198 7.τδμε“νρῐο
1310 4126 1453 4182 τῶνένΒ.

920 4223 927 4242 ἱ

250 4242 292 4282 ιι.
310 4224 428 4280 ἀπετέλει
442 4226 474 4278 Β.
487 4227 609 4284 ἀποτελεῖ
621 4222 674 4278 Ed.
784 4240 825 4291 14.
843 4222 1074 4347 πλγχην(ςίο)Β.
1190 4222 1232 4276 18.
1250 4211 1457 4309 χῶρον]χόῖιον

247 4295 416 4368 (εχόρτον)
431 4296 463 4350 Β.
586 4312 628 4351 20.
648 4294 740 4364 έαντήν
752 4294 789 4348 Ι).
801 4293 879 4362 αὑτήν
919 4295 1029 4348 ,ἑαυτὸν
1041 4292 1093 4348 Ed.
1213 4308 1258 4347 21.
1276 4291 1454 4366 σῦντεκνοις]

247 4382 385 4449 σοντίκνῦί
399 4393 431 4446 Β.
615 4436 618 4440 .
681 4408 723 4445 22.
743 4390 938 4460 ἀπαριθμήσατε
952 4389 988 4444 Ι).
1041 4390 1088 4442 τὸν
1099 4396 1269 4458 assumptum
1282 4405 1316 4441 ει
1329 4386 1365 4444 Β.
1379 4387 1456 4443 Cat

247 4533 464 4604 ...
635 4533 668 4586 ..
695 4459 1078 4603 ...ιν
1091 4458 1126 4513 01·
