3038 5018
97 101 290 185 viii.17‚18.
326 105 382 169 IN
413 106 446 170 S.
471 105 729 171 JOANNEM.
776 106 870 170 LIB.
887 106 928 169 V.
974 107 1148 172 CARII.
1230 111 1292 174 723

98 268 196 366 ὑμῶν
222 267 289 368 τὴν
315 270 448 375 χώραν,
473 277 530 350 καὶ
558 277 635 354 ταῖς
661 274 700 350 ἐκ
726 268 886 367 πολέμου
915 270 1173 374 καταχωννύων
1201 304 1295 366 συμ-

97 396 237 494 φοραῖς,
267 392 368 472 ἀλλὰ
398 397 456 473 καὶ
486 396 595 493 αὐτῆς
625 399 690 494 τῆς
722 401 794 474 τῶν
823 396 982 497 οὐρανῶν
1011 393 1202 488 βασιλείας
1233 395 1290 473 ε’κ-

96 515 249 613 πίμπων
281 515 362 600 τοὺς
399 519 492 598 οὕτω
529 519 794 618 λελνττηκότας
827 518 917 598 κατὰ
955 527 1019 597 τοῦ
1055 517 1182 620 σώζειν
1215 518 1292 596 ε’θέ·

98 649 238 735 λοντος,
257 644 314 719 καὶ
341 639 399 720 διὰ
425 641 782 748 ταύτηνάφιγμένον
806 641 873 742 τὴν
895 642 1011 722 αἰτίαν
1029 644 1066 722 ἐν
1084 642 1330 747 ἀνθρωπίνῳῦ

66 761 273 867 5σχήματι.

101 944 158 1010 Καὶ
185 947 220 1011 ὲν
245 949 293 1030 τῷ
320 948 409 1032 νόμῳ
437 946 473 1013 δὲ
500 950 547 1033 τῷ
573 950 721 1038 ὑμετέρῳ
747 950 922 1038 τέτραπται
949 951 1000 1014 ὅτι
1027 947 1084 1013 δύο
1111 947 1296 1037 ἀνθρώπων
1315 963 1347 1023 17

149 1072 169 1135 εἲ
189 1071 349 1159 μαρτυρία
368 1073 495 1140 ἀλειθιὶυ
513 1075 609 1141 ἐστιν.
646 1073 713 1148 esd>
731 1071 795 1150 εἶμι
814 1077 833 1140 ὁ
855 1073 1029 1163 μαρτυρῶν
1049 1074 1124 1162 περὶ
1146 1074 1298 1152 ἐμαυτοῦ,
1316 1077 1350 1133 18

150 1195 203 1259 καὶ
227 1194 384 1286 μαρτυρεῖ
408 1199 482 1287 περὶ
504 1199 584 1276 ἐμοῦ
610 1201 664 1265 καὶ
686 1203 705 1265 ὁ
729 1201 860 1278 πέμψας
884 1223 923 1274 με
947 1200 1072 1287 Πατήρ.

157 1343 390 1425 Συνδικυίσειν
418 1347 531 1455 ἑαυτῷ
558 1346 622 1428 τὸν
644 1347 740 1428 θεὸν
763 1350 821 1428 καὶ
847 1347 996 1450 Πατέρα
1024 1352 1082 1427 καὶ
1109 1380 1295 1448 συγκατα-

50 1506 87 1545 ιο
102 1474 231 1570 κρινεῖν
248 1466 331 1553 τοῦς
357 1475 405 1553 εἰς
430 1472 539 1551 αὐτὸν
558 1477 830 1566 δνσσεβοῦντας
852 1468 971 1567 εῖπων,
990 1471 1127 1576 δέχεται
1145 1469 1301 1569 τὴντῶν

100 1590 310 1692 προσώπων
337 1592 451 1674 δνοίδα
478 1600 536 1675 καὶ
564 1594 655 1699 πρὸς
685 1597 805 1697 ἕτερόν
833 1630 867 1675 τι
898 1595 1089 1699 χρήσιμον.
1136 1592 1206 1697 ἐγὼ
1236 1592 1301 1693 μὲν

101 1711 184 1818 γὰρ,
217 1719 344 1819 φησὶν,
375 1718 463 1820 ὅπερ
495 1724 565 1818 εῖμὶ
596 1717 688 1799 κατὰ
722 1718 847 1824 φῦσιν,
878 1727 984 1798 τοῦτο
1016 1722 1075 1799 καί
1107 1718 1226 1821 λε’γειν
1258 1719 1331 1802 οῦε

100 1837 382 1940 παραιτήσομαι.
426 1848 505 1946 φῶς
536 1840 603 1941 μὲν
631 1839 702 1945 γάρ
732 1849 802 1940 εἶμι
830 1851 895 1922 τοῦ
926 1842 1076 1942 κόσμον,
1105 1847 1163 1922 καὶ
1195 1849 1301 1949 φιλυ-

61 1968 64 1974 ‘
103 1970 252 2059 κομπεῖν
279 1962 346 2063 μὲν
374 1964 469 2049 ὅλως
501 1967 565 2045 οὐκ
598 1966 643 2044 ἄν
670 2000 722 2074 τῳ
756 1966 899 2067 δοκοίην
928 1967 1012 2068 ἐγώ·
1067 1967 1109 2045 οῦ
1142 1964 1214 2069 γὰρ
1246 1967 1300 2045 ε’π’

55 2110 88 2169 ¹5
103 2086 251 2170 ὀθνείοις
283 2088 607 2189 πλεονεκτήμασιν,
642 2087 744 2168 ἀλλὰ
779 2096 854 2174 τοῖς
891 2091 966 2188 ε’μοὶ
1002 2098 1206 2193 προσοῦσιν
1239 2091 1300 2167 οῦ-

103 2215 244 2294 σιωδιῦς
271 2212 504 2312 σεμνύνομαι.
539 2211 638 2313 πλὴν
666 2218 695 2292 εί
722 2221 837 2293 ταῦτα
865 2214 994 2315 λέγων,
1018 2215 1081 2294 οῦκ
1110 2213 1304 2321 ἀξιόχρεως

104 2332 192 2415 εἶναι
228 2341 321 2417 δοκῶ
356 2336 447 2440 πρὸς
483 2335 525 2419 τῦ
563 2342 692 2444 χρῆναι
729 2344 859 2432 λαβεῖν
892 2339 976 2441 παρ’
1014 2341 1113 2437 ὑμῶν
1147 2337 1213 2438 τὴν
1250 2338 1304 2417 ἐπ’

104 2462 254 2568 ἀληθείᾳ
286 2461 446 2560 σύνεσιν,
479 2463 620 2563 ε’πείπερ
654 2464 724 2561 εἰμὶ
755 2459 874 2561 μόνος,
908 2465 967 2542 καὶ
997 2465 1139 2570 ε’μαντῷ
1170 2495 1302 2565 μεμαρ

104 2584 251 2689 τύρηκα,
267 2586 536 2693 παραλήψομαι
561 2584 806 2689 συνεργοῦντα
830 2619 868 2664 τε
894 2592 954 2664 καὶ
979 2585 1307 2691 σνμψηφιούμενον

53 2746 91 2785 20
105 2716 178 2791 τοῖς
205 2712 300 2808 ἐμοῖς
326 2709 616 2810 πλεονεκτήμασι
644 2709 708 2790 τὸν
726 2707 823 2789 Θεὸν
851 2712 910 2789 καὶ
938 2708 1097 2810 Πατέρα.
1148 2715 1305 2788 συνθαν-

104 2841 304 2934 ματουργεῖ
319 2835 390 2936 γάρ
406 2868 477 2931 μοι,
497 2836 623 2940 φησὶν,
643 2836 691 2917 ὡς
710 2836 825 2936 ὁρᾶτε,
845 2835 903 2912 καὶ
922 2831 1186 2939 συνεργάζεται.
1217 2832 1336 2911 ὅσονιι
1357 2855 1475 2912 493Α.

105 2954 261 3060 μὲνγὰρ
286 2957 370 3058 ἧκεν
386 2963 433 3041 εἰς
459 2957 650 3058 ἀνθρώπου
676 2956 803 3064 φύσιν,
824 2959 888 3038 οῦκ
914 2959 959 3039 ἄν
981 2994 1016 3037 τι
1041 2957 1158 3063 δρῴην
1177 2955 1258 3059 ἐγὼ,
1277 2962 1308 3035 εἰ

106 3076 148 3159 τῦ
166 3077 254 3159 εῖναι
274 3081 370 3161 θεὸν
389 3079 480 3161 κατὰ
499 3081 614 3189 φύσιν
632 3081 697 3160 οῦκ
722 3080 805 3186 ἔχω·
843 3081 934 3161 ὅσον
953 3080 991 3160 δὲ
1010 3087 1057 3164 είς
1075 3079 1117 3160 τὸ
1137 3079 1308 3185 ὑπάρχειν

106 3204 145 3282 ἐκ
180 3204 339 3308 Πατρῦς,
374 3206 467 3311 ἔχειν
496 3239 536 3285 τε
567 3209 605 3284 ἐν
638 3207 779 3312 ἐμαυτῷ
810 3203 874 3285 τὸν
906 3205 1063 3307 Πατέρα,
1096 3207 1154 3283 καὶ
1187 3205 1308 3284 πάντα

54 3352 91 3411 25
107 3327 285 3408 δύνασθαι
307 3334 504 3430 κατορθοῦν
522 3330 704 3430 ὁμολογῶ,
722 3331 780 3408 καὶ
799 3335 843 3434 τῇ
863 3339 926 3410 τοῦ
945 3328 1187 3431 γεννήσαντος
1209 3362 1304 3429 μαρ-

107 3460 279 3555 τνρυῦμαι
299 3452 422 3559 φύσει·
458 3454 506 3535 ὡς
524 3450 595 3555 γὰρ
614 3452 673 3532 διὰ
691 3450 758 3553 τὴν
775 3453 973 3554 ταυτότητα
992 3458 1056 3553 τῆς
1075 3453 1199 3534 οὐσίας
1217 3452 1309 3555 ἔχων

108 3575 217 3655 αὐτὸν
248 3581 286 3656 ἒν
318 3579 471 3685 ἐμαυτῷ,
504 3578 563 3657 ε’πὶ
595 3576 637 3656 τὸ
669 3575 789 3658 πάντα
827 3584 1024 3679 κατορθοῦν
1057 3575 1308 3657 ἀδιακωλύτως

107 3699 266 3805 ἔρχομαι.
293 3702 365 3806 ἔχει
382 3700 453 3803 γὰρ
472 3702 492 3780 ὁ
510 3699 642 3805 Κύριος
660 3701 761 3800 ἡμῶν
771 3703 915 3798 Ἰησοῦς
933 3703 953 3780 ὁ
971 3695 1134 3802 Χριστὸς
1153 3697 1225 3778 ἀπὸ
1243 3695 1309 3797 μὲν

147 3876 171 3913 1.
190 3856 231 3929 ἐκ]
251 3865 277 3921 -Ι-
292 3862 339 3912 τοῦ
352 3859 442 3914 Holst.
457 3858 509 3914 Ed.
595 3877 629 3983 g.
647 3861 838 3928 λελνττηκότυς
849 3878 864 3913 e
876 3860 935 3913 cat.
949 3858 1100 3913 emendavit
1112 3857 1184 3912 λιτὶ).
1197 3858 1272 3912 etita
1284 3875 1308 3911 a.

107 3932 286 3997 λελυπηκότας
300 3929 332 3983 Β.
347 3928 397 3984 Ht.
444 3929 626 3985 ἐθέλοντας.
712 3932 738 3985 8.
757 3932 799 3983 καὶ
811 3932 856 3984 alt.
870 3938 1038 4000 assumptum
1052 3947 1083 3983 ex
1097 3929 1130 3983 B.
1214 3945 1255 3994 14.

110 4000 144 4054 B.
157 4022 182 4054 τι
196 4000 246 4055 Ht.
260 3999 310 4054 Ed.
385 4013 426 4067 15.
445 4001 502 4070 ἐμοὶ
514 4000 664 4054 emendavit
676 4000 748 4054 Aub.
763 4001 833 4068 ἐμοῖς
847 4000 878 4055 B.
894 4000 943 4055 Ht.
1026 3998 1067 4053 16.
1085 3999 1108 4052 εἶ
1121 4017 1169 4053 mc.
1183 3998 1266 4052 Cord.
1279 4020 1310 4051 ov

110 4070 162 4125 Ed.
284 4072 325 4124 18.
343 4070 435 4139 ἀληθεῖ
465 4072 522 4124 B.a.
535 4070 655 4139 ἀληθείας
670 4070 719 4126 Ht.
733 4070 783 4124 Ed.
836 4069 901 4142 εἶμί]
919 4079 947 4134 ÷
962 4071 1003 4124 καὶ
1019 4089 1033 4124 e
1047 4070 1106 4124 Cat.
1122 4069 1197 4123 Harl.
1211 4079 1242 4123 ut
1255 4068 1309 4122 vid.

111 4142 184 4196 Aub.
197 4141 287 4195 invitia
301 4141 359 4196 B.c.
373 4092 454 4196 θοοῦ.
599 4157 640 4208 19.
659 4144 827 4196 σννοινοῦντο
839 4160 887 4213 pro
900 4144 1073 4212 συνεργοῦντα
1086 4159 1109 4195 c.
1124 4139 1205 4194 Cord.
1219 4157 1273 4194 om.
1285 4157 1310 4194 a.

113 4227 156 4266 21.
175 4214 209 4268 ὣς
221 4213 267 4283 υἱῷ
279 4213 321 4264 καὶ
334 4214 516 4283 σννεργάζεται
528 4214 562 4269 ὣς
574 4214 649 4304 δρᾶτε
663 4230 686 4265 a.
701 4212 761 4266 Cat.
776 4213 852 4267 Harl.
865 4213 955 4266 invitis
967 4230 991 4265 c.
1006 4211 1087 4265 Cord.
1226 4226 1268 4264 22.
1288 4209 1312 4263 εί

113 4282 290 4337 εωευδυνὶιε
304 4281 363 4337 Cat.
378 4292 408 4336 ut
420 4283 474 4336 vid.
487 4283 559 4337 Aub.
573 4305 609 4339 εις
623 4282 654 4336 Β.
671 4282 719 4337 Ηῑ.
816 4300 859 4353 23.
878 4281 926 4353 εἷς]
940 4284 1006 4353 πρὸς
1018 4301 1042 4336 a.
1141 4296 1184 4350 τη.
1202 4281 1311 4335 docum·

113 4351 197 4410 λῦτος
209 4371 232 4408 c.
247 4354 329 4408 Cord.
342 4354 516 4411 ἀδιοκώλντος
530 4354 561 4408 Β.
576 4353 626 4407 Ed.
736 4353 778 4408 28.
796 4356 811 4406 ὁ
824 4356 868 4409 alt.
882 4364 1050 4423 assumptum
1062 4370 1093 4406 ex
1110 4351 1167 4406 uc.
1181 4350 1263 4405 Cord.

669 4457 758 4518 4z2
