3038 5018
85 292 247 379 v.37,38.
276 293 331 357 IN
363 291 674 357 αιοΑΝΝιςΜ.
720 292 815 356 121ss.
839 291 906 356 111.
952 292 1054 357 σΑΡ.
1077 293 1124 356 11.
1220 293 1284 358 379

83 465 163 554 μοῖς
201 458 333 560 ὁρατῆν
365 454 451 537 εἶναι
488 456 664 537 δυ’νασθαι
696 455 762 554 τὴν
794 458 891 536 θείαν
923 455 1036 565 ᾤοντο
1069 454 1193 562 φύσιν,
1227 460 1284 535 καὶ

83 583 190 684 φωνῆ
214 586 403 686 σωματικῇ
431 585 629 686 κεχρῆσθαι
653 580 966 660 πεπιστεύκεισαν.
1007 580 1062 659 ’ότι
1087 580 1124 659 δὲ
1147 580 1285 680 ἀληθὴς

83 704 137 782 ἐπ’
159 706 277 788 αὐτοῖς
296 713 359 784 τοῦ
379 709 547 805 Σωτῆρος
565 706 585 783 ὁ
604 703 714 806 λόγος
733 702 787 804 ἦν,
807 707 865 783 καὶ
885 704 953 785 οὔτε
973 709 1086 809 φωνῆς
1107 706 1288 797 ἀκηκόασί
1296 737 1313 779 e

82 860 172 907 ποτε
198 837 262 907 τοῦ
281 832 377 907 Θεοῦ
404 832 462 907 καὶ
481 826 638 932 Πατρός,
658 829 737 908 οὔτε
763 826 834 928 μὴν
853 827 937 933 ὄψει
963 833 1008 932 τῆ
1034 826 1091 908 διὰ
1115 827 1286 926 σώματος

51 952 247 1036 5τεθέσταί
268 985 322 1036 τις
346 949 389 1032 τδ
417 947 500 1037 εἶδος
527 957 637 1049 αὑτοῦ,
655 951 819 1033 τουτέστι
846 951 909 1031 τὸν
928 951 1051 1052 ὅμοιον
1073 953 1169 1059 αὐτῷ
1196 951 1286 1033 κατὰ

84 1071 205 1159 πάντα
224 1075 358 1177 Λόγον,
377 1080 506 1181 χρῆναι
530 1073 644 1156 πάλιν
668 1076 839 1182 ἐπιδεῖξαι
868 1082 999 1180 σαφῶς
1028 1072 1285 1172 ὑπολαμβάνω,

85 1196 132 1279 τῦ
149 1200 248 1304 ἐντῆ
274 1197 386 1307 ἐξόδῳ
411 1199 642 1302 γεγραμμένα
663 1201 868 1302 παραθέντα
890 1196 980 1301 πρὸς
1006 1198 1149 1301 ε”ρευνάν
1167 1232 1206 1277 τε
1228 1201 1285 1276 καὶ

84 1321 252 1415 βάσανον
269 1321 519 1423 πνευματικήν.
548 1323 618 1427 ἔχει
637 1322 673 1403 δὲ
692 1325 800 1407 οὕτως
822 1334 843 1370 “
857 1328 929 1402 Καὶ
946 1323 1099 1429 ε’ξῆγαγε
1119 1325 1285 1421 Μωυσῆς
1330 1315 1443 1444 ἓωη

87 1456 109 1493 “
126 1444 190 1525 τὸν
208 1445 301 1527 λαῦν
318 1453 366 1530 είς
384 1446 449 1546 τῆν
464 1445 686 1545 συνάντησιν
703 1455 768 1527 τοῦ
787 1452 883 1526 Θεοῦ
901 1449 938 1526 έκ
958 1451 1022 1546 τῆς
1038 1450 1284 1548 παρεμβολῆς,
1333 1461 1371 1512 ¹⁹·

35 1580 109 1645 ιο·“
128 1573 187 1649 καὶ
201 1570 440 1673 παρέστησαν
459 1568 528 1650 ὑπὸ
546 1570 588 1650 τῦ
607 1570 689 1671 ὅρος
707 1569 749 1649 τὸ
769 1576 870 1650 Σινῦι.
911 1570 952 1649 τὸ
976 1571 1013 1650 δὲ
1035 1569 1116 1673 ὅρος
1135 1568 1177 1649 τὸ
1197 1575 1286 1650 Σινῦι

86 1704 109 1740 “
127 1693 329 1798 ἐκαπνίζετο
347 1693 436 1774 ὅλον
454 1694 512 1773 διὰ
536 1693 577 1773 τὸ
603 1692 884 1793 καταβεβηκέναι
907 1693 970 1774 τὸν
990 1701 1042 1776 Θε

87 1828 110 1865 “
127 1820 166 1897 ἐν
188 1822 284 1920 πυρὶ,
304 1821 363 1898 καὶ
387 1818 571 1913 ἀνέβαινεν
598 1821 619 1897 ὁ
645 1817 778 1903 καπνὸς
802 1822 851 1902 ὡς
875 1817 1009 1903 καπνὸς
1034 1822 1194 1919 καμίνου·
1229 1822 1287 1897 καὶ

88 1954 109 1988 “
129 1941 259 2048 ε’ξείττη
286 1949 357 2028 πᾶς
385 1944 406 2022 ὁ
435 1941 524 2025 λαὸς
552 1942 712 2049 σφόδρα.
763 1942 920 2043 ἐγίνοντο
949 1941 986 2021 δὲ
1015 1947 1051 2022 αὶ
1080 1944 1197 2049 φωναὶ
1225 1946 1289 2042 τῆς

88 2076 110 2113 “
129 2063 340 2167 σάλπιγγος
366 2069 629 2168 προβαίνουσαι
654 2070 799 2170 ἰσχυραὶ
824 2065 986 2171 σφόδρα·
1018 2070 1182 2164 Μωυσῆς
1201 2062 1286 2144 ἐλό-

36 2211 73 2272 15
89 2200 111 2236 “
132 2203 198 2287 λει,
217 2191 237 2268 δ
257 2190 295 2270 δὲ
314 2189 406 2274 Θεὸς
424 2192 636 2291 ἁπεκρίνατο
654 2193 752 2298 αὐτῷ
773 2189 912 2296 φωιηῆ.”
951 2186 1017 2269 ὧδε
1039 2189 1104 2286 μὲν
1123 2191 1186 2269 οῦν
1206 2189 1289 2287 ἡμῖν

87 2314 130 2393 τὸ
157 2321 222 2393 τοῦ
249 2312 444 2422 πανσόφου
468 2314 655 2398 Μωυσέως
681 2312 807 2415 λόγιον
835 2315 917 2417 ἔχει·
952 2316 1025 2393 δεῖν
1047 2312 1084 2393 δὲ
1109 2311 1205 2410 οἶμαι
1230 2316 1289 2392 καὶ

89 2445 152 2516 νῦν
172 2443 221 2520 είς
244 2435 478 2539 γελοιοτοίτην
497 2439 838 2521 κατολισθαίνοντας
863 2442 943 2539 περὶ
963 2444 1057 2517 Θεοῦ
1080 2434 1191 2544 δόξαν
1208 2436 1290 2521 τοῦς

87 2559 281 2644 Ἰουδαίους
308 2561 480 2666 ἐλέγχειν,
509 2565 567 2640 καὶ
596 2562 683 2641 αὐτὸ
711 2567 902 2642 τεθεᾶσθαι
928 2560 969 2641 τὸ
998 2557 1081 2646 εἶδος
1109 2560 1290 2663 οἰηθέντας

90 2687 198 2777 αὐτοῦ,
217 2687 275 2764 καὶ
294 2688 448 2765 ἀκοῦσαι
467 2691 530 2784 τῆς
549 2685 659 2770 ὅντως
678 2686 828 2784 ἐνούσης
847 2691 892 2790 τῆ
910 2688 986 2792 θείᾳ
1006 2686 1115 2790 φύσει
1134 2689 1259 2792 φωνῆς.

35 2846 76 2887 20
139 2804 233 2910 Ἀγε
261 2807 305 2909 δὴ
331 2809 450 2889 τοίνυν
474 2815 519 2914 τῆ
547 2817 610 2887 τοῦ
638 2814 806 2911 Σωτῆρος
834 2813 1111 2912 ἐπιθαρσσῦντες
1138 2808 1323 2915 χορηγίαν

89 2938 147 3012 καὶ
166 2930 295 3036 χάριτι,
314 2932 380 3032 τῆν
398 2943 461 3013 τοῦ
488 2940 634 3029 νομικοῦ
658 2932 849 3036 παχύτητα
874 2933 1083 3034 γράμματος
1108 2941 1156 3016 εἰς
1181 2968 1289 3013 πνευ-

89 3056 242 3156 ματικὴν
267 3057 419 3158 θεωρίαν
442 3055 757 3155 ἀπολεπτόνωμεν·
804 3058 896 3136 οὕτω
925 3055 996 3158 γὰρ
1023 3055 1189 3154 μάλιστα
1217 3067 1289 3160 φα-

90 3187 199 3260 νεῖται
226 3185 284 3260 καὶ
311 3179 444 3280 ἀληθές
469 3179 511 3259 τῦ
536 3178 627 3282 πρὸς
646 3180 867 3281 Φαρισαίους
891 3181 1071 3280 εἰρημένον
1089 3184 1170 3280 περὶ
1196 3186 1292 3260 Θεοῦ

90 3304 179 3385 Οὔτε
197 3303 302 3407 φωιῆι
322 3307 421 3383 αὐτοῦ
440 3304 581 3384 πόπιτε
599 3306 771 3395 ἀκηκόατε
793 3301 862 3382 οῦτι
881 3297 964 3388 εἶδος
985 3307 1083 3383 αὑτοῦ
1106 3303 1288 3410 ἑωράκατε.

36 3455 78 3516 25
91 3427 133 3507 τὸ
155 3426 221 3528 μὲν
239 3428 302 3507 οῦν
321 3428 379 3507 διὰ
399 3427 586 3510 Μωυσέως
610 3425 805 3533 ἐξάγεσθαι
827 3424 892 3506 τὸν
910 3426 1001 3505 λαὸν
1019 3432 1066 3510 είς
1089 3424 1292 3528 ἀπάντησιν

91 3558 156 3631 τοῦ
183 3557 287 3647 Θεοῦ,
315 3549 410 3631 καθὰ
436 3550 647 3654 γέγραπται,
674 3557 824 3648 σημεῖον
852 3549 897 3630 ἂν
922 3550 1060 3653 γένοιτο
1088 3550 1207 3656 σαφές
1234 3553 1293 3631 καὶ

92 3673 204 3777 λόγος
232 3677 280 3760 ὦς
308 3678 346 3755 έν
372 3676 563 3776 αἰνίγματι,
586 3683 651 3754 τοῦ
678 3671 728 3773 μὴ
756 3674 938 3755 δυ’νασθαί
961 3709 1059 3758 τινος
1087 3677 1293 3775 ἀπαιδαγω-

92 3797 211 3900 γήτως
230 3834 268 3879 τε
289 3801 346 3878 καὶ
365 3799 610 3894 ἀνεπιστῆτως
629 3799 716 3877 ἱέναι
735 3797 826 3901 πρὸς
846 3795 951 3895 Θεὸν,
973 3799 1070 3907 νόμῳ
1090 3797 1127 3877 δὲ
1148 3804 1322 3894 μᾶλλονο

91 3923 440 4026 χειραγωγουμένσυς
458 3927 506 4005 εἷς
525 3922 720 4023 ἐπίγνωσιν
734 3918 784 4001 ὧν
799 3924 944 4026 ζητοῦσι
962 3929 1096 4020 μαθεῖν.
1130 3926 1294 4020 Μωυσῆς

128 4207 154 4260 3.
174 4189 211 4245 ἐπ’
225 4190 312 4246 αὐτοῖς
325 4190 399 4260 prius
412 4190 551 4255 omissum,
565 4189 660 4243 deinde
673 4191 779 4259 supplet
794 4190 816 4242 B
830 4208 884 4259 mg.
898 4190 932 4244 ad
945 4188 975 4257 ἦν
990 4189 1020 4245 Β.
1128 4210 1153 4256 4.
1172 4188 1234 4261 μὴν]
1248 4191 1295 4259 μὲν

93 4260 197 4331 Migne.
340 4277 366 4330 5.
385 4261 415 4312 τὸ
428 4277 481 4313 om.
496 4260 599 4329 Migne.
753 4278 779 4330 9.
799 4261 844 4329 τὴν
857 4279 911 4314 om.
926 4260 958 4314 B.
972 4261 1068 4314 retinui
1081 4279 1113 4314 ex
1128 4261 1178 4315 Ed.
1192 4264 1281 4328 (Alex.

96 4349 136 4401 13.
155 4334 185 4385 τδ
198 4350 247 4402 pro
260 4331 288 4384 δὲ
302 4331 373 4383 Αιὼ,
459 4347 498 4397 14.
518 4327 638 4400 ἰσχυροὶ]
652 4329 773 4383 habetlcs
794 4331 993 4400 υρότεραιίηἱῐα
1007 4330 1118 4403 258bc.
1166 4266 1294 4403 Μωυσῆςῆ

96 4409 124 4466 ·Ι-
140 4404 169 4456 δὲ
184 4402 215 4456 Β.
230 4401 277 4470 (Χ.
295 4402 334 4454 18.
348 4415 392 4472 59.
406 4401 462 4468 84.)
518 4401 614 4453 Statim
627 4402 758 4468 έλάλησεν
774 4353 804 4463 ἰδ
818 4400 905 4471 (Vat.)
1075 4418 1115 4472 15.
1135 4399 1180 4455 σιἰν
1192 4419 1247 4456 om.
1262 4402 1294 4456 B.

96 4473 136 4526 16.
157 4476 191 4525 λό
225 4493 240 4524 ν
255 4471 284 4524 Β.
475 4488 514 4537 19.
533 4469 634 4540 φωνῆς]
652 4477 680 4533 ÷
696 4471 720 4524 εῖ
731 4472 759 4525 δὲ
772 4472 803 4540 δι)
816 4472 909 4540 πρέποι
923 4473 964 4525 καὶ
976 4473 1065 4543 φωνῆς
1077 4473 1145 4530 ὅλως
1157 4474 1185 4527 έν
1196 4471 1296 4529 τούτοις

94 4544 174 4596 εἰπεῖν
189 4495 223 4594 δυ
331 4558 372 4611 29.
393 4540 520 4611 Μωυσῆς]
533 4541 657 4609 μωυσέως
672 4542 703 4594 Β,

543 4642 546 4649 ·
650 4644 738 4709 302
