3038 5018
98 293 164 358 i.1.
284 296 340 360 IN
371 296 404 363 S.
429 297 685 364 JOANNEM.
731 299 826 363 LIB.
850 300 878 363 Ι.
924 299 1117 366 cAP.111.
1255 303 1298 367 33

98 456 240 567 Παύλῳ
258 459 458 563 “Χριστδς
480 467 577 542 θεοῦ
601 461 748 563 δύναμις
773 469 830 542 καὶ
855 468 952 543 Θεοῦ
976 463 1127 571 σοφία.”
1165 461 1298 565 εἴρηται
1346 479 1424 530 ¹001·
1436 494 1457 532 1·

96 577 136 660 δὲ
158 579 274 661 πάλιν
295 588 353 663 καὶ
381 590 462 691 φῶς
488 587 597 680 αὐτοῦ
624 589 683 666 καὶ
710 584 870 686 ἀλήθεια,
891 585 982 666 κατὰ
1008 585 1049 667 τὸ
1074 588 1112 666 ἐν
1134 591 1298 692 ψαλμοῖς
1345 558 1383 606 η’

96 701 167 783 ὑπό
193 738 259 785 του
286 713 358 788 ’τῶν
380 709 493 810 ἁγίων
513 709 785 817 μελῳδούμενον
805 708 1129 816 “Ἐξαπόστειλον
1151 708 1193 788 τὸ
1218 716 1297 816 φῶς
1342 721 1385 772 1²2„
1396 722 1449 770 ¹¹1¹

95 835 118 874 a
273 831 285 861 x
333 828 345 857 ς
400 833 409 859 ι
450 831 459 856 ι
528 830 540 856 t
663 833 684 860 ιι
740 831 757 864 »ι
928 836 939 864 κ
1124 831 1133 858 ι
1281 831 1293 862 ε
1343 799 1368 849 3·

136 860 210 907 σου
227 862 286 910 Καὶ
304 865 370 931 mv
388 838 560 932 αληθείαν
578 867 660 914 σου.
724 867 857 936 ειρηῒαί
882 867 942 912 Καί
969 836 1186 932 δίκαιοσυνη,
1205 867 1297 912 Rara

63 947 139 1037 5τό
167 960 190 998 “
204 952 271 1032 Ἐν
297 959 343 1058 τῇ
371 955 580 1061 δικαιοσύνῃ
609 990 680 1037 σου
712 955 829 1059 ζησόν
856 956 935 1056 με·”
979 954 1144 1058 ζωοποιεῖ
1171 953 1243 1059 γὰρ
1276 951 1465 1081 ὁοξζζοῑνῑῆ·

97 1071 229 1177 Πατὴρ
253 1077 292 1155 ε’ν
309 1081 462 1185 Χριστῷ
485 1077 568 1162 τοὺς
591 1079 828 1166 πιστεύοντας
851 1084 900 1163 εἷς
928 1077 1048 1159 αὐτόν·
1089 1076 1297 1177 ὠνόμασται

95 1199 154 1276 καὶ
179 1197 299 1299 βουλῆ
322 1209 387 1280 τοῦ
412 1201 573 1305 Πατρός,
599 1201 756 1282 κατὰτὸ
782 1201 964 1305 εἰρημένον
982 1204 1084 1282 “Ἐν
1107 1207 1151 1306 τῇ
1176 1207 1295 1306 βουλῇ
1340 1191 1455 1317 ,ἵζω

96 1329 119 1367 “
137 1353 209 1402 σου
233 1321 427 1426 ὡδήμγσοίς
450 1326 527 1424 με,”
547 1329 606 1406 καὶ
628 1324 742 1406 πόλιν
760 1337 782 1374 “
797 1327 848 1406 ‘H
868 1323 906 1404 δὲ
930 1324 1049 1424 βουλὴ
1074 1332 1139 1404 τοῦ
1159 1325 1294 1426 Κυρίου
1339 1330 1463 1446 Qu.

94 1452 119 1490 “
136 1450 186 1528 εἰς
214 1442 278 1526 τόν
306 1453 417 1528 αἰῶνα
445 1448 575 1548 μένει.”
624 1448 683 1529 ὅτε
713 1450 833 1529 τοίνυν
860 1456 973 1528 ταῦτα
1000 1445 1120 1528 πάντα
1146 1449 1247 1526 ε’στὶν
1274 1449 1294 1526 5

45 1597 81 1638 ιο
94 1563 186 1652 Υῖδς
212 1575 264 1677 τῷ
292 1575 376 1680 Θεῷ
402 1575 461 1652 καὶ
490 1575 619 1676 Πατρὶ,
648 1571 856 1674 λεγέτωσαν
883 1573 967 1671 ἡμῖν
995 1575 1028 1650 οἱ
1060 1570 1126 1668 τὴν
1153 1569 1295 1673 Ἀρείου

95 1693 350 1780 κολακεύοντες
374 1695 518 1795 πλάνην
535 1699 592 1776 καὶ
618 1700 682 1794 τῆς
706 1695 838 1775 ἐκείνου
861 1695 1057 1798 παρανοίας
1081 1695 1293 1793 ἀναπεπλη-

94 1813 233 1914 σμένοι,
258 1824 337 1902 πῶς
363 1820 463 1899 ε’στιν
490 1819 650 1899 ἐλάττων
678 1819 798 1899 αὐτοῦ.
844 1815 920 1922 ὥρα
947 1816 1018 1919 γὰρ
1046 1817 1173 1919 λέγειν,
1198 1816 1295 1920 ε’ίπερ

96 1938 211 2023 οὕτως
237 1939 312 2045 ἔχοι
339 1943 415 2020 κατ’
442 1940 579 2041 αύτούς,
603 1941 658 2022 ὅτι
684 1975 753 2045 περ
781 1943 823 2021 οὐ
851 1942 992 2024 τελείως
1019 1943 1098 2020 ἐστὶ
1126 1938 1246 2044 σοφδς
1274 1941 1325 2018 5a
1369 1959 1460 2015 21A.

99 2059 240 2165 Πατὴρ,
271 2064 314 2142 ού
345 2065 487 2150 τελείως
519 2063 678 2162 δυνατός,
708 2067 750 2144 οὐ
781 2065 926 2148 τελείως
960 2070 1048 2170 φῶς,
1079 2065 1122 2143 οὐ
1152 2065 1293 2148 τελείως

47 2207 82 2269 ¹5
95 2181 257 2283 ἀλήθεια,
285 2189 328 2266 οὐ
360 2189 502 2272 τελείως
533 2189 676 2286 δίκαιος,
703 2188 788 2267 ἀλλ’
823 2185 903 2267 οὐδὲ
932 2187 1065 2268 τέλειος
1098 2189 1136 2265 ἐν
1162 2194 1292 2293 βουλῇ,

96 2305 193 2410 εἴπερ
223 2306 335 2393 ὅντως
364 2308 423 2389 διὰ
452 2309 494 2390 τὸ
525 2309 679 2390 ’ἔλαττον
707 2309 810 2414 ἔχειν,
838 2311 880 2388 ού
913 2315 1075 2415 φανεῖται
1107 2306 1239 2392 τέλειος
1272 2311 1292 2389 5

96 2429 194 2530 Υίδς,
225 2430 265 2516 δς
295 2433 416 2513 πάντα
449 2432 562 2514 ταῦτά
595 2437 696 2514 ε’στιν
728 2435 834 2540 αὐτῷ.
890 2430 990 2512 ἀλλὰ
1022 2432 1093 2532 μὴν
1125 2430 1167 2511 τὸ
1200 2433 1293 2514 οὕτω

96 2554 292 2660 φρονεῖνῆ
325 2557 444 2659 λέγειν
471 2557 662 2653 δυσσεβές·
707 2553 842 2640 τέλειος
872 2553 909 2636 δέ
942 2558 962 2635 5
996 2554 1125 2660 Πατὴρ
1160 2554 1219 2634 διὰ
1250 2556 1292 2636 τό

94 2677 215 2758 πάντα
238 2680 331 2785 ἔχειν
349 2682 387 2760 ἐν
407 2682 521 2787 ἑαυτῷ
544 2681 699 2764 τελείως·
739 2676 874 2763 τέλειος
898 2679 968 2782 ἄρα
996 2677 1163 2780 δηλονότι
1188 2684 1247 2760 καὶ
1271 2683 1291 2760 5

45 2800 194 2900 τοΥίδς,
222 2803 245 2902 ἡ
273 2804 392 2909 σοφία
420 2806 479 2883 καὶ
508 2803 531 2902 ἡ
561 2804 717 2902 δύναμις,
746 2803 788 2882 τὸ
822 2809 900 2909 φῶς
932 2806 991 2883 καὶ
1022 2803 1045 2903 ἦ
1077 2800 1239 2903 ἀλήθεια,
1268 2803 1291 2902 ἦ

95 2925 303 3026 δικαιοσύνη
326 2930 384 3007 καὶ
409 2928 432 3027 ἡ
458 2925 577 3026 βουλὴ
595 2934 658 3006 τοῦ
678 2923 836 3031 Πατρός.
877 2928 897 3005 5
916 2923 1037 3025 δέτὴν
1054 2929 1093 3006 ἐν
1110 2933 1161 3034 τῷ
1177 2927 1325 3035 οἱκείιρΙ)

92 3046 279 3152 γεννήτορι
296 3049 501 3150 τελειότητα
517 3056 679 3151 πληρῶν,
698 3056 775 3134 πῶς
793 3047 837 3129 ἂν
855 3048 1015 3129 ε’λοίττων
1033 3056 1149 3129 νοοῖτο
1165 3082 1175 3145 ;

149 3202 249 3249 Almo.
294 3179 338 3253 Ez
367 3171 410 3253 τδ
445 3168 598 3253 ἔλαττον
624 3173 717 3278 ἔχων
745 3176 765 3253 5
792 3172 880 3256 Υἱὸς
912 3175 961 3256 ὡς
992 3171 1082 3276 πρὸς
1110 3170 1207 3253 Θεὸν
1234 3176 1293 3254 καὶ

94 3295 253 3400 Πατέρα,
270 3303 523 3400 προσκυνεῖται
547 3295 646 3399 παρά
670 3331 709 3376 τε
734 3297 917 3396 ἡμῶνκαὶ
942 3303 1015 3376 τῶν
1037 3296 1150 3397 ἁγίων
1176 3298 1288 3400 ἀγγέ-

45 3446 79 3506 25
93 3427 182 3518 λων,
201 3421 266 3499 δύο
283 3419 514 3524 λατρεύοντες
536 3419 755 3520 ἁλωσόμεθα
779 3417 890 3518 θεοὺς,
910 3419 1007 3523 ε’ίπερ
1027 3417 1223 3519 οὐδαμόθεν
1240 3427 1290 3508 είς

92 3540 293 3643 ταιπότηια
311 3542 456 3650 φύσεως
474 3541 695 3643 ἀναβήσεται
714 3549 765 3650 τῷ
784 3544 908 3651 τελείῳ
926 3542 968 3624 τὸ
986 3541 1038 3644 μὴ
1060 3545 1171 3627 οὕτως
1190 3544 1285 3649 ἕχον·

91 3664 218 3765 πολλὴ
243 3666 287 3746 δέ
306 3700 360 3751 τις
385 3668 485 3746 ε’στὶν
503 3667 525 3766 ἡ
545 3666 702 3774 διαφορὰ
719 3665 766 3748 τὰ
782 3665 834 3767 μὴ
852 3666 1025 3750 ὡσαύτως
1046 3665 1175 3773 ἔχοντα
1197 3667 1289 3747 κατὰ

91 3786 156 3869 τὸν
173 3793 238 3889 τῆς
259 3789 406 3896 φύσεως
430 3787 543 3891 λόγον
562 3795 611 3873 είς
632 3790 897 3894 ἀλλοτριότητα
915 3789 1163 3888 διατέμνουσα.
1201 3792 1318 3870 ἁλλό

90 3913 157 3993 ούκ
174 3918 222 3997 είς
238 3912 419 3993 πολύθεον
437 3911 588 4016 ἀριθμόν
606 3913 628 4012 ἡ
645 3913 780 4011 πίστις,
794 3912 843 3998 εἷς
861 3913 899 3993 δὲ
918 3913 1011 3995 Θεὸς
1030 3917 1088 3992 καὶ
1107 3915 1127 3992 5
1148 3913 1288 4017 Πατὴρ,

45 4067 78 4127 ιο
91 4037 346 4130 ἀναβαίνοντος
373 4041 423 4123 εἰς
450 4033 599 4136 ἑνότητα
625 4035 691 4136 τὴν
715 4035 807 4141 πρὸς
835 4035 942 4117 αὐτὸν
966 4044 1030 4114 τοῦ
1047 4040 1148 4133 Υίοῦ,
1174 4040 1289 4134 δῆλον

90 4159 202 4242 δέότι
220 4165 279 4242 καὶ
297 4170 361 4242 τοῦ
377 4161 505 4264 Ἀγίου
525 4160 747 4261 Πνεύματος·
780 4157 880 4241 οὐδὲν
899 4159 969 4262 ἄρα
990 4156 1032 4238 τὸ
1054 4157 1288 4263 κατηγόρημα

125 4374 230 4500 &itm
241 4374 324 4429 πάντα
336 4374 441 4428 inverso
453 4371 547 4427 ordine
560 4371 594 4425 B.
683 4388 723 4442 13·
742 4370 800 4426 ἐστὶ
813 4386 904 4423 assum
924 4377 982 4423 tum
995 4385 1027 4422 ex
1041 4368 1074 4423 B.
1164 4383 1206 4496 ιη.
1223 4369 1287 4441 μὴν]

89 4467 125 4515 Μ

166 4444 229 4513 (εἰς)
243 4443 276 4500 Ε.
320 4440 583 4515 Statimabrqiaddit
594 4441 629 4495 Β.
744 4457 787 4496 22.
805 4442 913 4496 νοοῖτοε
933 4439 1134 4496 άπωνὶονετιο
1147 4458 1178 4496 or
1198 4441 1240 4496 ine
1253 4441 1286 4496 Β.

91 4530 134 4588 ²5·
152 4516 221 4572 θιοῖι
234 4515 270 4571 D.
378 4530 421 4587 29·
440 4514 481 4568 καὶ
493 4521 661 4585 assumptum
673 4528 706 4566 ex
719 4510 753 4565 B.

134 4615 204 4663 voh.
221 4617 244 4662 1.
683 4612 701 4655 F
