3038 5018
388 301 446 366 IN
476 301 510 366 S.
534 299 675 365 JOAN.
700 298 991 364 PRAEFATIO.
1268 301 1288 362 5

91 462 156 542 τὸν
177 464 318 543 ἐκείνων
339 461 538 564 σκοπὸν,ή
566 466 625 545 καὶ
651 464 846 568 μαρτυρίας
872 462 937 547 τὰς
965 464 1004 543 ἐκ
1032 459 1201 562 διαθήκης
1226 465 1290 561 τῆς

92 591 224 687 καινῆς,
254 585 305 687 μὴ
337 587 498 690 ἐπαγέτω
530 595 595 667 τοῦ
629 595 692 667 νοῦ
722 585 789 687 τὴν
818 586 987 693 ὀξύτητα,
1018 583 1179 688 καθάπερ
1211 584 1292 665 τινὰ

92 715 254 816 σίδηρον,
272 716 391 798 αὐτοῖς
417 721 465 799 εἷς
492 717 676 819 ἀναίρεσιν
700 717 760 794 καὶ
787 712 986 814 ἀποκοπήν.
1028 714 1070 793 ού
1096 710 1168 815 γὰρ
1195 715 1288 793 ἐπει-

92 838 206 943 δήπερ
232 840 376 946 ἐλήφθη
400 839 500 943 παρά
523 848 597 922 τῶν
618 843 682 922 οὐκ
706 840 850 921 είδότων
872 839 1072 943 ἑρμηνεύειν
1090 843 1215 944 ὀρθῶς,
1234 837 1292 919 διά

62 976 199 1055 5τοῦτο
229 966 274 1067 δή
305 966 449 1051 πάντως
481 971 540 1047 καὶ
571 969 783 1069 ἀπόβλητον
813 967 916 1048 ἔσται
945 968 988 1048 τὸ
1020 966 1078 1048 διὰ
1109 965 1323 1067 στόματοςο
1383 986 1458 1042 4A.

95 1100 203 1174 Θεοῦ·
233 1096 318 1176 ἀλλ’
338 1096 481 1198 ἐπείπερ
505 1097 584 1175 ἐστὶ
608 1093 851 1201 καρποφόρον,
870 1095 973 1174 ἐσται
996 1128 1057 1175 σοι
1080 1101 1226 1194 μᾶλλον
1244 1100 1292 1177 εἷς

93 1217 264 1318 βοήθημα
291 1219 351 1298 καὶ
377 1216 527 1325 τροφήν.
574 1217 617 1298 τὸ
644 1216 716 1321 γάρ
743 1219 827 1320 παρ’
856 1218 997 1297 ἐκείνων
1024 1217 1181 1317 ἀνοήτως
1210 1215 1290 1296 ἐσθ’

95 1340 153 1421 ὅτε
181 1340 325 1447 ληφθὲν
352 1345 400 1425 είς
428 1340 491 1420 τὸν
519 1338 628 1445 ὀρθὸν
652 1345 715 1440 τῆς
742 1341 899 1424 πίστεως
925 1340 1196 1444 περιτρέποντες
1222 1351 1290 1418 λο-

95 1463 242 1563 γισμὸν,
271 1465 338 1568 οὐχ
366 1463 464 1548 ὅπως
491 1466 697 1546 ἀτονοῦυτες
725 1463 792 1567 οὐχ
819 1462 1051 1563 ἁλωσόμεθα,
1078 1463 1293 1566 νευρούμεθα

48 1619 83 1660 ιο
96 1585 133 1665 δέ
151 1592 298 1685 μᾶλλον
317 1592 366 1671 είς
388 1585 471 1671 τοὺς
495 1585 586 1666 κατὰ
611 1590 675 1686 τῆς
700 1586 869 1688 αἱρέσεως
894 1584 1040 1688 λόγους.
1081 1586 1237 1694 ἐπιφέρει
1256 1584 1294 1665 δέ

95 1714 316 1814 παραχρῆμα
352 1712 410 1789 καὶ
448 1709 630 1811 λογισμὸν
662 1708 899 1790 ἀναπείθοντά
934 1743 1011 1792 πως
1042 1707 1124 1792 τοὺς
1155 1711 1292 1812 ἀκροω-

95 1832 237 1929 μένους,
263 1832 317 1912 ότι
344 1833 523 1937 προσήκοι
549 1832 615 1917 τὰς
641 1840 705 1912 τοῦ
732 1832 985 1935 συναγορεύειν
1008 1830 1120 1935 ὁρμὰς
1147 1832 1211 1910 οὐκ
1238 1833 1291 1910 ἐπ’

96 1956 282 2061 ἀνατροπῇ
319 1963 464 2055 μᾶλλον
495 1961 675 2036 ποιεῖσθαι
708 1961 781 2034 τῶν
813 1957 916 2035 θείων
949 1956 1094 2057 λογίων,
1127 1956 1211 2033 ἀλλ’
1245 1959 1294 2037 εἷς

96 2078 280 2179 ἀναίρεσιν
297 2086 370 2158 τῶν
388 2080 451 2159 οὐκ
476 2080 589 2183 ὀρθῶς
614 2077 818 2180 λεγομέυωυ
841 2079 941 2179 παρὰ
965 2084 1038 2156 τῶν
1056 2078 1098 2155 δι’
1119 2077 1327 2160 ἐναντίας·δ

48 2223 83 2283 ¹5
97 2210 119 2248 ‘⁴
139 2199 207 2300 Μή
243 2198 326 2304 γὰρ,
357 2204 483 2307 φησὶν,
516 2201 703 2304 ἅνθρωπος
735 2200 778 2279 τὸ
811 2199 925 2306 ξύλον
957 2199 999 2278 τὸ
1035 2202 1073 2279 ἐν
1105 2205 1157 2306 τῷ
1193 2203 1293 2307 ἀγρῷ
1338 2206 1432 2338 Ἠ
1461 2211 1463 2216 ’

96 2332 119 2370 “
136 2329 311 2404 εἰσελθεῖν
329 2322 403 2404 ἀτδ
419 2324 620 2428 προσώπου
636 2358 707 2404 σου
733 2328 779 2407 εἷς
804 2321 868 2403 τὸν
885 2321 1026 2428 χάρακα
1043 2324 1077 2420 ;”
1108 2318 1177 2425 ἆρα
1203 2322 1290 2426 γὰρ,

98 2449 224 2552 φησὶν,
251 2447 361 2554 οίήση
390 2447 487 2546 ποτέ,
516 2445 677 2550 καθάπερ
705 2445 786 2526 τινὰ
813 2452 886 2525 τῶν
915 2451 1163 2550 αἱρεσιαρχῶν,
1191 2444 1296 2525 αι’ντό-

97 2568 214 2667 μολόν
232 2604 294 2649 σοι
311 2567 402 2673 πρός
420 2569 539 2675 μα’χην
556 2568 872 2677 ἐξαναστήσεσθαι
890 2566 934 2648 τό
951 2572 990 2649 ἐκ
1008 2576 1081 2649 τῶν
1100 2603 1293 2671 συγγραμ-

98 2691 221 2791 μάτων
247 2698 320 2772 τῶν
348 2698 451 2796 ίερῶυ
475 2692 593 2797 ῥητὸν,
613 2698 671 2771 καὶ
699 2693 777 2797 οὐχὶ
806 2699 952 2792 μᾶλλον
980 2692 1038 2770 διὰ
1065 2695 1129 2789 τῆς
1157 2692 1297 2771 ἐκείνων

47 2853 86 2892 ιο
99 2816 268 2898 ἀπονοίας
295 2816 638 2914 πλεονεκτούμευου;
674 2813 724 2915 μή
752 2816 815 2894 οὖν
840 2813 1029 2920 ἀποτέμης,
1052 2819 1177 2921 φησὶν,
1200 2814 1296 2894 ἔστω

99 2936 142 3015 δέ
164 2971 227 3016 σοι
254 2941 312 3016 καὶ
340 2938 472 3044 τροφή·
512 2936 555 3017 τό
580 2939 619 3017 δέ
645 2935 768 3044 ξύλον,
794 2938 881 3039 ὅπερ
906 2937 969 3016 ούκ
996 2933 1105 3017 οἶσθα
1123 2935 1292 3040 “καρπό·
1342 2964 1381 3015 lb.
1396 2977 1436 3016 ιο.

99 3070 121 3106 “
138 3068 282 3162 βρωτον
308 3059 577 3166 ἐξολοθρεύσεις
603 3064 663 3140 καὶ
690 3058 887 3166 ἐκκόψεις.”
930 3059 1093 3161 ἄβρωτος
1121 3058 1194 3161 γὰρ
1223 3068 1297 3144 τοῖς

100 3185 217 3286 ὀρθῶς
246 3182 412 3264 ἐθέλουσι
441 3190 542 3281 νοεῖν,
570 3183 591 3261 ό
622 3189 694 3262 τῶν
720 3184 803 3284 παρ’
832 3182 974 3266 ἐκείνοις
1002 3179 1327 3283 ουγγραμμάτωνο

100 3304 246 3407 καρπός·
275 3308 350 3385 κατ’
370 3307 511 3385 ἐκείνων
531 3304 642 3405 ήκέτω
658 3311 729 3388 πᾶς
745 3305 904 3407 σίδηρος·
934 3306 1006 3384 ἐκεῖ
1021 3304 1205 3412 φαινέσθω
1224 3311 1298 3385 τῶν

49 3435 346 3526 ’ὅπνευματικῶν
364 3427 552 3528 ύλοτόμωυ
570 3429 592 3527 ἡ
612 3428 769 3528 δύναμις,
788 3430 841 3508 ἐπ’
862 3430 1004 3512 ἐκείνοις
1027 3429 1210 3524 στιλβέτω
1234 3432 1298 3528 τῆς

100 3553 139 3630 ἐν
156 3557 208 3657 τῷ
226 3550 478 3654 συναγορεύειν
495 3551 652 3634 εὐτονίας
671 3553 690 3630 ὁ
709 3550 873 3634 πέλεκυς·
905 3550 947 3630 τὸ
965 3548 1036 3654 γάρ
1056 3551 1242 3656 ἄχρηστόν
1260 3586 1300 3630 τε

101 3677 160 3754 καὶ
179 3673 359 3779 ἀνωφελές
377 3678 440 3774 τῆς
459 3680 532 3753 τῶν
549 3673 849 3779 ἐτεροδοξούντων
867 3675 1055 3780 φλυαρίας,
1074 3677 1133 3754 καὶ
1160 3676 1180 3753 ό
1204 3708 1295 3777 προ-

102 3795 220 3901 φήτης
246 3798 329 3896 ἡμῖν
345 3796 461 3896 Ὠοηέ
483 3796 616 3900 ἀριστα
640 3796 853 3899 διερμηνεύει
879 3795 997 3898 λέγων
1015 3807 1036 3844 “
1050 3795 1210 3900 Δράγμα
1236 3799 1300 3878 ούκ
1345 3808 1466 3861 nomm

102 3918 646 3967 “vsxanu
808 3886 1370 3950 ικκκνιιί·

142 3954 224 4024 εχον
243 3953 350 4024 ισχυν
368 3954 431 3999 του
450 3953 600 4019 ποιησαι
619 3929 780 4022 αλευρον,
799 3953 861 3998 εαν
879 3923 917 3997 δε
936 3954 994 3999 και
1012 3954 1159 4026 ποιηση,
1178 3932 1297 4000 αλλο-

140 4180 164 4219 1.
182 4162 380 4234 §assumptum
392 4180 424 4217 ex
439 4163 472 4217 B.
598 4178 623 4217 π.
642 4162 755 4233 καθάπερ
770 4164 802 4219 Β.
816 4165 878 4218 κατὰ
891 4163 943 4218 Ed.
1072 4182 1098 4235 3.
1118 4164 1254 4236 ἐπειδήπερ
1267 4166 1301 4223 Β.

101 4234 208 4303 ἐπείπερ
223 4233 273 4288 Ed.
425 4252 466 4287 11.
484 4235 642 4305 παραχρῆμα
653 4245 821 4305 assumptum
834 4253 866 4288 ex
881 4233 913 4288 B.
1065 4252 1105 4290 12.
1123 4236 1250 4306 προσήκοι
1264 4238 1300 4293 D.

557 4303 645 4428 ιι
936 4303 1087 4445 ιι

102 4395 335 4499 ίῗέῖἀόῖθίρων
373 4395 681 4514 ὀρίτῆςαζγίιιιοριυιο
694 4377 959 4499 ουδροίάοοοιρίη
971 4445 1007 4501 D.
1060 4415 1068 4430 ο
1137 4396 1301 4517 dmm·

104 4515 171 4570 νεύει
184 4515 217 4570 Β.
230 4511 398 4583 διηρμήνιυσι
456 4552 465 4569 .
512 4515 614 4586 δράγμα
626 4532 680 4569 om.
695 4515 738 4578 D„
751 4515 847 4569 lacuna
857 4514 936 4570 sacta.
