3038 5018
69 308 110 372 vi.
125 311 176 394 3⁶·
248 308 304 372 IN
336 307 369 370 S.
393 306 649 371 JOANNEM.
696 305 791 370 LIB.
816 304 882 369 111.
928 304 1139 381 CARVI„
1204 307 1268 370 477

70 471 155 551 ἀλλ’
175 473 238 551 οῦκ
263 471 420 573 ἠγνόησε
446 471 559 552 πάλιν
577 475 625 556 ὡς
643 468 748 569 Θεὸς,
767 471 821 551 ὅτι
846 471 936 574 πρὸς
962 470 1125 578 ἀδελφήν
1144 470 1269 572 ὥσπερ

72 596 150 675 τινά
174 601 231 676 καὶ
253 598 394 698 συνήθη
416 600 632 701 δραμοῦνται
651 593 717 695 τὴν
735 594 945 703 σύντροφον
964 598 1145 694 ἀπιστίαν,
1163 629 1264 698 περι·

73 720 226 824 όψονται
255 718 292 799 δέ
322 724 369 804 ὡς
398 719 499 800 ούδέν
521 721 585 800 τὸν
608 728 788 800 καλοῦντα
815 717 906 822 πρὸς
933 719 1036 823 ζωήν.
1067 719 1125 799 ἵνα
1152 719 1271 798 τοίνυν

73 849 191 924 εἰδεῖεν
209 845 272 923 οῦκ
292 844 492 945 ήγνοηκάτα
510 844 574 924 τὸν
592 846 747 943 Ἰησοῦν,
768 844 886 924 ὁποῖοί
904 878 995 927 τινες
1018 841 1270 946 εὑρεθήσονται

41 968 197 1064 5πάλιν,
225 974 371 1065 μᾶλλον
402 967 451 1065 δέ,
483 967 571 1068 ὅπερ
604 972 682 1047 ἐστὶ
720 967 1015 1071 πρεπωδέστερον
1046 972 1166 1064 εἰπεῖν,
1200 965 1270 1047 ῦπδ

73 1092 171 1170 θείαν
194 1089 298 1175 ὄντας
325 1090 469 1176 ἐαυτοῦς
496 1091 682 1190 ἐκμάθοιεν
704 1091 827 1194 ἀργὴν,
850 1092 1007 1199 ἐπιφέρει
1033 1088 1147 1171 πάλιν
1168 1096 1300 1170 Ἀλλό

75 1213 165 1294 εἶτον
185 1219 257 1321 ὑμῖν
275 1217 322 1294 ’ίτι
349 1222 408 1295 καὶ
436 1215 611 1322 ἱωράκατέ
632 1252 676 1322 με
705 1220 765 1295 καὶ
793 1222 828 1295 οῦ
850 1214 1030 1296 πιστεύετε.
1070 1213 1268 1318 προέγνων,

76 1344 181 1444 φησὶ,
196 1341 251 1418 καὶ
270 1340 464 1442 προείρηκα
483 1345 625 1445 σαφῶς,
645 1339 700 1419 ὅτι
719 1337 762 1438 δή
779 1335 924 1423 πάντως
943 1342 1132 1437 διαμενεῖτε
1151 1350 1270 1437 σκλη·

75 1467 142 1564 ροῖ,
165 1467 221 1541 καὶ
249 1467 312 1562 τῆς
336 1465 418 1561 ύμῖν
441 1463 656 1566 φιλαιτάτης
680 1463 857 1547 ἀπειθείας
884 1463 1000 1568 ἀπρὶξ
1024 1462 1181 1562 ἡμμένοι,
1200 1469 1285 1571 τῶν

26 1617 63 1656 10
76 1591 170 1684 ἐμῶν
197 1586 363 1691 ἀμέτοχα
393 1585 626 1691 χαρισμάτων
655 1585 1003 1694 καταλειφθήσεσθε.
1040 1590 1099 1666 καὶ
1125 1586 1212 1667 πότε
1239 1621 1273 1666 τι

77 1719 236 1790 τοιοῦτον
260 1713 312 1790 ἐπ’
342 1712 459 1794 αῦτοῖς
487 1711 621 1814 εἴρηκεν
649 1712 669 1790 ὁ
697 1712 881 1813 Χριστός;
914 1711 1187 1811 ἀναμιμνήσκου
1215 1712 1274 1791 λέ-

77 1867 203 1935 γοντος
230 1832 321 1936 πρὸς
347 1833 410 1914 τὸν
438 1833 611 1938 μακάριον
638 1832 829 1942 προφήτην
851 1834 1014 1915 Ἡσαΐαν
1036 1846 1059 1884 “
1074 1835 1275 1939 Πορεύθητι
1319 1828 1435 1945 {W

79 1968 101 2005 ‘⁶
119 1963 177 2036 καὶ
196 1956 295 2037 εἰπὸν
312 1963 364 2065 τῷ
382 1964 460 2066 λαῷ
478 1957 593 2066 τούτῳ
605 1957 718 2064 Ἀκοῇ
738 1958 907 2038 ἀκούσετε
927 1962 986 2038 καὶ
1005 1961 1046 2040 ού
1064 1958 1115 2059 μή
1133 1962 1275 2060 συνῆτε,

79 2094 101 2130 “
120 2086 179 2162 καὶ
196 2081 394 2174 βλέποντες
411 2082 571 2188 βλέψετε
594 2083 651 2160 καὶ
677 2083 719 2161 οῦ
741 2080 791 2182 μή
814 2081 923 2182 ἴδητε·
953 2082 1135 2188 ἐπαχύνθη
1159 2083 1231 2186 γάρ
1255 2083 1309 2183 ήι
1329 2101 1445 2163 am.

29 2235 66 2297 ¹5
80 2220 101 2254 “
121 2207 248 2310 καρδία
273 2214 336 2285 τοῦ
362 2213 453 2285 λαοῦ
480 2206 638 2287 τούτου.”
677 2203 700 2306 ἢ
724 2204 795 2308 γὰρ
814 2207 879 2285 οῦκ
897 2205 1035 2306 ἀληθής
1054 2211 1112 2286 καὶ
1132 2208 1190 2287 διὰ
1207 2215 1281 2287 τῶν

80 2336 118 2411 ἐν
135 2333 241 2436 χερσὶ
261 2332 428 2430 κειμένων
446 2331 531 2429 ἡμῖν
548 2328 773 2432 πραγμάτων
791 2331 811 2408 ὁ
831 2330 942 2431 λόγος
960 2330 1278 2436 ἀναδειχθήσεται;

81 2453 174 2536 εἶδον
194 2455 265 2557 γάρ
291 2452 383 2534 εἶδον
402 2455 498 2534 Θεὸν
521 2452 608 2533 ὄντα
633 2451 724 2533 κατά
751 2453 866 2559 φύσιν
885 2452 947 2534 τὸν
968 2453 1113 2558 Κύριον,
1132 2454 1191 2536 ὅτε
1215 2454 1281 2555 τὴν

81 2583 233 2682 ἀριθμοῦ
260 2579 442 2680 κρείττονα
467 2584 539 2656 τῶν
557 2578 610 2657 ἐπ’
632 2577 739 2657 αὐτὸν
757 2577 883 2658 ἰόντων
903 2577 1048 2679 πληθῦν
1069 2578 1174 2659 πέντε
1198 2613 1278 2684 κρι·

81 2704 191 2786 θίνοις
219 2703 406 2807 διέθρεψεν
434 2701 563 2804 ἀρτοις,
593 2705 650 2781 καὶ
679 2703 743 2781 δύο
772 2702 970 2787 διακλύσας
999 2700 1148 2810 ὀψάρια.
1193 2705 1278 2784 ἀλλ’

28 2863 70 2928 ,²⁰
83 2824 267 2934 ἑωρακότες
296 2832 330 2905 οῦ
357 2824 571 2923 πιστεύουσι,
599 2823 657 2903 διά
688 2823 754 2925 τήν
782 2828 821 2905 ἐκ
852 2830 914 2925 τῆς
943 2828 1038 2911 θείας
1065 2828 1175 2930 ὀργῆς
1202 2835 1280 2912 ταῖς

83 2951 249 3033 διανοίαις
268 2950 384 3029 αῦτοῦν
401 2948 538 3053 ἀχλύος
557 2951 657 3048 δίκην
675 2948 937 3056 ἐπισκήψασαν
955 2949 1138 3053 πύρωσιν.
1181 2948 1279 3049 ἦσαν

84 3072 155 3177 γὰρ
183 3073 297 3173 δήπου
325 3075 383 3152 καὶ
417 3071 677 3178 ἀναμφιλόγως
708 3072 803 3178 ἀξιοι
835 3082 940 3154 τοῦτο
970 3081 1107 3171 παθεῖν,
1137 3076 1313 3179 ἐπείπερι)

84 3196 245 3299 ἀμέτροις
264 3194 461 3301 ἐνεχόμενοι
478 3197 696 3296 πταίσμασι,
715 3200 772 3276 καὶ
791 3196 976 3300 ἀῤῥήκτοις
998 3198 1278 3307 κατεσφιγμένον
1323 3218 1361 3270 Of·
1372 3219 1446 3273 Prov·

84 3327 219 3423 σειραῖς
237 3320 561 3423 παρανομημάτων,
580 3319 659 3400 οῦδὲ
678 3318 786 3399 αῦτδν
804 3320 1075 3422 ἐπιδημήσαντα
1092 3322 1157 3404 τδν
1174 3328 1274 3407 ε’λευ·
1323 3302 1349 3339 γ’
1361 3300 1399 3338 n.

34 3472 72 3533 25
85 3451 210 3546 θεροῦν
239 3444 414 3549 ἰσχύοντα
446 3445 697 3549 παρεδέχοντο.
748 3443 807 3523 διά
838 3444 972 3547 ταύτην
999 3448 1182 3556 ἐπαχύνθη
1213 3449 1280 3551 τήν

84 3570 198 3649 αἰτίαν
221 3571 243 3668 ή
266 3570 392 3672 καρδία
415 3576 478 3648 τοῦ
502 3576 593 3647 λαοῦ
618 3567 755 3648 τούτου.

134 3692 222 3773 Ὅτι
248 3693 286 3773 δέ
313 3692 372 3773 διὰ
403 3698 467 3792 τῆς
495 3700 559 3772 τοῦ
588 3693 739 3792 σημείου
768 3695 1041 3795 μεγαλειότητος
1070 3695 1165 3778 Θεὸν
1193 3696 1280 3777 ὄντα

86 3816 176 3896 κατὰ
195 3820 309 3923 φύσιν
326 3816 465 3922 ἐθεώρει
483 3815 547 3895 τδν
566 3817 710 3916 Ἰησοῦν
729 3817 752 3916 ἡ
774 3822 845 3896 τῶν
862 3819 1043 3900 Ἰουδαίων
1061 3820 1215 3921 πληθύς,
1235 3823 1278 3901 δι’

85 3943 217 4021 ἐκείνου
242 3938 286 4040 δή
312 3939 475 4039 μάλιστα
498 3940 656 4020 συνιέναι
680 3940 831 4046 δυνήσῃ·
862 3941 1184 4041 ἀποθαυμάσαντες
1207 3944 1280 4049 γάρ

36 4110 73 4167 30
85 4064 127 4144 τὸ
144 4063 387 4167 γεγενημένον,
398 4063 524 4167 ὥσπερ
542 4064 604 4144 οῦν
621 4067 658 4144 ἐν
676 4072 748 4150 τοῖς
766 4065 930 4169 ἀνωτέρω
949 4071 1063 4174 φησὶν
1081 4071 1103 4147 ὁ
1118 4072 1280 4174 Εῦαγγε-

123 4308 149 4362 8.
170 4305 293 4378 σκληροὶ]
307 4306 348 4361 καί
361 4308 471 4378 σκληροὶ
483 4306 535 4362 Ed.
548 4309 632 4363 invito
646 4307 679 4364 Β.
753 4325 793 4363 10.
812 4311 854 4364 καί
864 4332 927 4365 ποτε
942 4311 978 4368 Ι).
1022 4312 1117 4369 Statim
1129 4337 1154 4370 τι
1166 4318 1283 4372 τοιοῦτον

88 4379 140 4434 hoe
152 4378 246 4434 ordine
259 4377 292 4434 B.
329 4377 393 4434 Post
404 4377 432 4434 h.
443 4397 469 4434 v.
481 4377 521 4434 ἐπ’
534 4379 621 4436 αὐτοῖς
632 4388 800 4450 assumptum
813 4399 846 4436 ex
860 4381 892 4436 B.
992 4396 1032 4456 ιη.
1050 4385 1101 4456 γὰρ
1112 4395 1282 4457 assumptum
1346 4400 1351 4409 ·

89 4475 208 4616 {aava
221 4545 263 4600 Ed
312 4489 355 4546 23.
375 4473 533 4547 ἐνεχόμενοι]
548 4463 708 4548 ἐνκεχοῖιένοι
722 4474 755 4529 Β.
801 4461 804 4468 ¹
907 4492 949 4545 25.
968 4478 1142 4552 παρεδέχοντο
1155 4480 1187 4537 Β.
1199 4503 1283 4554 ταρα-
