3038 5018
90 285 111 349 i.
126 305 243 373 Μ.
279 289 334 352 IN
367 290 400 354 S.
425 289 682 355 ιοΑΝΝοΜ.
729 289 825 354 σεο.
849 287 896 352 11.
943 285 1045 352 cAP.
1071 285 1097 351 1.
1228 288 1289 352 ιιι

89 449 125 556 ἐξ
145 454 281 556 ούρανοῦ,
300 457 492 562 περιστεραῖς
510 456 548 535 ε’ν
566 455 741 559 σχῆματι,
760 456 818 533 καὶ
838 451 892 532 ὅτι
909 450 1098 557 μεμένηκεν
1112 451 1163 530 ἐπ’
1184 453 1291 530 αῦτίν.

90 570 166 653 εἶτα
188 572 280 676 πρὸς
306 576 432 685 τούτῳ,
453 580 512 657 καὶ
541 576 714 678 αὐτήκοος
742 576 912 679 γενέσθω
940 577 1035 682 φησὶ
1061 581 1125 652 τοῦ
1152 606 1293 670 πεπομ·

90 693 202 800 φότος
225 696 333 777 αὐτὸν
351 702 409 778 ε’πὶ
433 697 475 780 τὸ
500 703 680 810 βαπτίζειν
700 701 729 781 ἓν
748 695 857 796 ύδατι,
876 701 925 782 ὡς
949 695 1078 779 ἐκεῖνός
1103 697 1204 776 ε’στιν
1224 705 1239 776 ὁ
1262 698 1292 776 ἐν

89 816 198 927 Ἀγίῳ
225 821 406 931 βαπτίζων
426 821 607 928 Πιεύματι,
626 819 723 931 ᾧπερ
748 821 794 904 ἀν
818 825 1060 927 ἐπιφοιτῆσαν
1080 819 1292 925 ε’ναπομείνῃ

58 945 126 1033 5τδ
157 946 305 1050 Πνεῦμα.
346 944 646 1052 ἀξιοπιστότατος
674 948 794 1027 τοίνυν
822 949 842 1027 6
869 944 1017 1049 μάρτυς,
1046 944 1222 1050 ὑπερφυὲς
1249 941 1291 1024 τὸ

90 1073 252 1166 σημεῖον,
271 1066 390 1149 ἐπάνω
408 1067 556 1151 πάντων
574 1071 594 1148 6
613 1069 731 1177 δείξας
751 1067 890 1172 Πατήρ.
1304 1094 1321 1137 θ

148 1193 221 1270 Καὶ
253 1199 367 1271 ταῦτα
398 1195 463 1292 μὲν
490 1197 586 1299 τῆδε.
637 1191 895 1294 ἀνασκιρτῆσει
924 1191 961 1271 δὲ
991 1192 1081 1275 ἴσως
1111 1193 1131 1270 6
1163 1198 1291 1296 φιλεγ-

91 1312 241 1412 κλῆμων
264 1313 448 1418 αἱρετικῦς,
471 1321 528 1397 καὶ
552 1315 676 1398 πλατὺ
699 1316 862 1418 γελάσας
886 1317 959 1420 ε’ρεῖ
981 1317 1032 1397 Τί
1054 1314 1167 1396 πάλιν
1190 1315 1288 1414 ἡμῖν,

90 1433 119 1513 ὦ
147 1434 256 1530 οῦτοι,
286 1443 345 1519 καὶ
372 1438 462 1544 πρὸς
489 1442 596 1523 τοῦτό
626 1449 732 1547 φατε,
760 1438 783 1542 ῆ
811 1446 915 1521 ποῖον
942 1442 1148 1547 ε’ξυφανεῖτε
1176 1438 1291 1540 λόγον

45 1560 412 1666 ιοκατασοφιζόμενοι
445 1561 487 1643 τὸ
514 1561 785 1667 γεγραμμένου
827 1561 902 1643 ἰδοῦ
929 1561 971 1643 τὸ
1000 1567 1151 1660 Πνεῦμα
1180 1596 1290 1642 κατα·

90 1683 228 1776 βαίνειν
258 1689 374 1790 φησὶν
402 1688 460 1766 ε’πὶ
492 1689 556 1768 τὸν
583 1686 685 1767 Υίόν·
729 1685 804 1768 ἰδοῦ
838 1687 1066 1792 καταχρίεται
1097 1684 1196 1788 παρά
1228 1695 1292 1766 τοῦ

92 1811 187 1886 θεοῦ
224 1811 283 1887 καὶ
320 1809 476 1912 Πατρός,
513 1809 601 1913 άπερ
634 1809 673 1890 δὲ
708 1811 772 1890 οῦκ
806 1809 878 1916 ἔχει
915 1809 1096 1909 λαμβάνει
1133 1807 1288 1910 δηλαδῆ,

91 1942 484 2036 συνεπιμαρτυροῦντος
516 1943 579 2014 τοῦ
611 1937 777 2042 μελῳδοῦ
813 1937 871 2014 καὶ
904 1935 1087 2035 λε’γοντος,
1122 1937 1170 2017 ὡς
1200 1931 1292 2037 πρὸς

92 2053 200 2134 αὐτόν
228 2065 251 2103 “
265 2055 339 2135 Διά
366 2065 473 2137 τοῦτο
502 2056 628 2161 ἕχρισέ
651 2090 696 2135 σε
725 2060 745 2137 6
774 2055 868 2142 θεὸς
895 2060 915 2136 6
945 2057 1039 2142 Θεός
1068 2091 1139 2138 σου
1169 2055 1292 2136 ἔλαιον
1337 2066 1390 2180 {siv
1409 2133 1424 2181 8

45 2201 78 2261 15
92 2189 115 2225 “
133 2175 391 2279 ἀγαλλιάσεως
415 2179 515 2281 παρὰ
538 2181 620 2264 τοῦς
644 2179 817 2287 μετόχους
840 2183 945 2261 σου.”
984 2188 1061 2264 πῶς
1086 2178 1133 2259 ἀν
1155 2181 1218 2259 οῦν
1238 2180 1322 2279 εἵηα
1352 2166 1406 2260 11¹}
1418 2166 1459 2257 λ.

92 2299 221 2382 λοιπὸν
242 2302 281 2382 ε’ν
304 2302 553 2405 ὁμοουσιότητι
581 2313 645 2384 τοῦ
673 2306 809 2385 τελείου
834 2303 980 2409 Πατρός
1010 2306 1030 2383 6
1058 2303 1108 2403 μῆ
1136 2311 1293 2402 τοιοῦτος

94 2424 181 2522 υἱὸς,
209 2429 267 2506 καὶ
295 2426 355 2506 διά
381 2435 488 2507 τοῦτο
516 2427 726 2532 χριόμενος;
759 2427 850 2532 πρὸς
875 2426 919 2527 δῆ
946 2436 1054 2509 τοῦτο
1082 2425 1195 2534 φάναι
1220 2429 1294 2506 δεῖν

92 2549 340 2650 ὑπολαμβάνω
372 2559 445 2635 τοῖς
477 2548 523 2632 τά
555 2549 673 2649 σεμνά
700 2555 769 2646 ,τῆς
796 2552 1019 2652 Ἐκκλησίας
1051 2551 1293 2652 ἀνατρέπουσι

91 2672 267 2775 δόγματα,
286 2676 343 2754 καὶ
362 2675 428 2775 τῆν
446 2682 518 2754 τῶν
536 2676 794 2779 γεγραμμένων
813 2672 990 2778 ὀρθότητα
1009 2674 1292 2782 διαστρέφουσιν

45 2832 79 2872 20
92 2806 113 2843 “
131 2795 337 2903 Ἑκνῆφατε
365 2803 397 2878 οἱ
421 2798 610 2898 μεθύοντες
635 2799 679 2905 ἐξ
701 2797 796 2877 σ’ίνου
823 2797 971 2896 αῦτῶν,”
990 2800 1048 2878 ἵνα
1071 2798 1227 2898 δύνησθε
1249 2797 1291 2876 τὸ
1335 2825 1460 2889 soem.

91 2918 261 3022 λαμπρὸν
292 2924 356 3019 τῆς
389 2921 558 3019 ἀληθείας
591 2921 898 3024 περιαθρήσαντες
932 2919 1080 3018 κάλλος,
1108 2919 1180 3000 σῦν
1207 2921 1292 3019 ἡμῖν
1375 3024 1379 3029 .

92 3047 296 3144 ἀναβοῆσαι
315 3042 407 3146 πρὸς
425 3043 488 3125 τὸν
508 3043 596 3124 Υίόν
616 3057 637 3092 “
651 3048 820 3144 Ἀληθῶς
840 3051 937 3124 Θεοῦ
955 3044 1044 3128 Υἱὸς
1062 3041 1128 3124 εἶ.”
1167 3050 1197 3123 εί
1218 3041 1290 3147 γάρ
1335 3041 1458 3170 ἓξὲξ

92 3169 187 3253 ὅλως
212 3166 391 3253 πιστεύεις
417 3168 513 3249 θεὸν
536 3166 623 3248 εἶναι
650 3167 743 3247 κατά
771 3169 885 3276 φύσιν
908 3166 1026 3263 αὐτὸν,
1050 3174 1126 3251 πῶς
1154 3169 1219 3245 οῦκ
1247 3166 1324 3246 avb

92 3293 166 3399 ἔχοι
184 3293 227 3373 τὸ
245 3290 407 3389 τίλειον;
440 3290 515 3396 ὥρα
533 3291 605 3394 γὰρ
625 3293 716 3391 ὑμᾶς
734 3295 792 3371 καὶ
812 3297 859 3375 είς
878 3290 987 3372 αὐτὸν
1005 3290 1074 3392 ἤδη
1097 3295 1293 3385 δυσσεβεῖν

45 3438 79 3498 ²5
92 3417 156 3498 τόν
176 3417 335 3520 Πατέρα·
367 3414 480 3498 πόθεν
499 3415 570 3519 γάρ
589 3412 706 3512 αὐτὸς,
725 3418 774 3500 ὡς
797 3415 882 3523 φῂς,
901 3414 944 3522 ἐξ
959 3413 1120 3516 ἀνάγκης
1137 3413 1209 3520 ἕξει
1227 3412 1294 3513 τῆν

92 3542 320 3641 τελειότητος
351 3547 429 3624 πῶς
454 3539 492 3620 δὲ
517 3541 596 3645 οῦχὶ
620 3537 712 3641 πρὸς
739 3536 805 3639 τῆν
827 3546 892 3619 τοῦ
916 3537 1137 3641 γεννήματος
1163 3539 1294 3643 ὕφεσιν

92 3663 158 3765 τῆν
173 3668 221 3748 ὡς
238 3666 320 3744 καθ’
342 3667 432 3762 ὑμᾶς
450 3667 560 3761 ἀτελῆ
580 3661 870 3764 κατοισθῆσεται,
883 3661 1175 3768 παραδεξαμένης
1194 3658 1298 3767 ἅπαξ

92 3792 131 3869 ἐν
150 3793 226 3895 Υίῲ
249 3791 313 3882 τῆς
340 3788 435 3871 θείας
460 3787 587 3870 οῦσίας
612 3784 654 3863 τῦ
679 3784 857 3865 δύνασθαι
881 3782 933 3889 μῆ
959 3783 1051 3889 ἔχειν
1072 3783 1114 3864 τῦ
1142 3781 1293 3880 τέλειον,

93 3912 185 3993 κατά
202 3946 244 4013 γε
263 3910 326 3992 τὸν
342 3913 426 4014 παρ’
447 3914 529 4010 ὑμῖν
547 3913 668 4010 ἀμαθῆ
688 3915 746 3990 καὶ
765 3913 978 3992 ἀπαίδευτον
997 3909 1132 4014 λόγους
1154 3911 1205 3989 ¹06
1223 3910 1295 4012 γάρ

45 4035 208 4138 3οδῆπου
240 4036 307 4136 τῆν
334 4032 500 4138 μεγάλην
532 4036 666 4134 ε’κείνην
696 4039 754 4114 καὶ
786 4032 965 4136 ἀκήρατον
994 4032 1108 4141 φύσιν
1137 4039 1185 4118 εἷς
1218 4039 1324 4117 δια-ο

129 4330 155 4383 3.
174 4315 190 4366 ὁ
202 4320 372 4382 assumptum
385 4330 417 4366 ex
431 4312 502 4366 RD.
733 4331 774 4379 14.
791 4310 880 4367 ἔλαιον
892 4311 997 4366 Veccus
1011 4311 1102 4382 Epigr.
1116 4330 1141 4366 v.
1153 4308 1230 4365 ἔλεον
1243 4309 1294 4366 Ed.

97 4398 137 4454 15.
156 4382 201 4437 οὖν
212 4392 382 4453 assumptum
395 4400 428 4436 ex
442 4381 474 4435 B.
488 4382 562 4438 deest
574 4383 600 4436 in
619 4384 713 4438 Vecco.
791 4397 831 4453 ιη.
850 4383 890 4436 δεῖ
902 4381 1017 4436 Veccus.
1097 4398 1139 4436 ετ.
1158 4381 1293 4454 ἀληθείας]

93 4451 234 4521 ἐκκλησίας
248 4452 280 4508 Β.
293 4453 377 4509 invito
389 4452 488 4507 Vecco.
631 4455 686 4520 '²4·
704 4453 768 4522 ὑμᾶς
780 4463 806 4507 et
818 4454 865 4522 ἤδη
879 4453 948 4506 inter
959 4469 989 4506 αα
1001 4452 1151 4523 transponit
1165 4452 1197 4506 B.
1210 4452 1295 4507 invito

94 4524 192 4579 Vecco.
299 4538 342 4593 25.
361 4525 428 4594 ἔφης
440 4534 465 4577 et
476 4524 532 4595 ἔχει
546 4523 578 4578 Β.
591 4524 675 4578 invito
688 4523 784 4578 Vecco.
