3038 5018
96 289 161 372 i.4.
272 291 330 357 IN
360 290 673 357 S.JOANNEM.
719 289 815 355 LIB.
840 289 869 353 I.
914 288 1015 354 CAP.
1040 289 1120 354 VII.
1252 291 1295 354 85

96 459 188 560 φῶς·
220 453 324 535 ἔσται
342 452 380 535 δέ
398 451 490 534 κατὰ
506 451 627 534 πάντα
644 456 725 561 φῶς
746 451 838 533 κατὰ
858 449 922 535 τὸν
939 454 978 532 ἐν
995 451 1142 553 δυνάμει
1165 453 1292 557 λόγον.

96 573 233 680 τὸγὰρ
254 576 350 663 ὅλως
373 574 465 658 εἷναί
485 612 521 657 τι
544 575 705 685 πεφυκὸς
729 576 782 678 ε’ίη
808 575 923 678 δήπου
946 575 1090 661 πάντως
1113 573 1169 675 ἂν,
1187 579 1247 657 καὶ
1268 581 1327 658 εἶα
1367 585 1461 656 m.

94 698 206 800 μήπω
222 700 379 804 γέγονεν.
419 700 478 781 ὅτε
496 701 616 781 τοίνυν
633 698 752 781 κοινὸν
769 699 835 800 μὲν
852 706 898 807 τῇ
916 707 989 780 τῶν
1007 706 1168 802 γενητῶν
1185 700 1297 808 φύσει

95 820 139 903 τὸ
157 819 246 903 εἶναι
263 830 353 930 φῶς,
370 824 460 905 ἴδιον
479 821 517 904 δὲ
535 825 593 904 καὶ
610 821 729 923 μόνως
748 822 899 920 οὐδενὸς,
915 824 954 903 τί
968 822 1087 924 μάτην
1104 823 1162 931 ἐφ’
1181 826 1296 935 εἀυτιρΛ

63 943 267 1049 5κομπάζει
288 946 408 1049 λέγων
426 948 446 1027 ὁ
464 943 553 1032 Υἱός
570 946 669 1050 Ἐγώ
694 951 764 1045 είμι
790 944 832 1026 τὸ
857 952 950 1053 φῶς·
979 950 1072 1052 χρῆν
1089 945 1162 1051 γὰρ
1180 945 1297 1049 δήπου

95 1074 242 1166 μᾶλλον
263 1074 373 1150 εἰπεῖν
390 1070 490 1172 Ἐγῶ
515 1075 584 1168 εἰμι
609 1072 691 1170 μεθ’
713 1071 812 1170 ὑμῶν
834 1067 876 1150 τὸ
901 1076 992 1176 φῶς·
1034 1067 1154 1169 ἐπειδὴ
1182 1069 1220 1150 δὲ
1248 1074 1298 1155 ῶς

96 1191 186 1273 ἴδιον
217 1191 356 1295 άγαθὸν
388 1196 501 1302 ἑαυτῷ
534 1194 737 1299 περιτίθησι
768 1190 868 1302 μόνῳ
904 1199 977 1272 τῶν
1011 1193 1139 1274 ἄλλων
1171 1193 1297 1273 οὐδένα

95 1315 335 1419 προσλαβὸν,
357 1321 467 1417 δήλος
491 1315 537 1395 ἂν
560 1316 613 1417 είη
638 1315 778 1415 λοιπὸν,
801 1318 844 1396 οὐ
869 1323 943 1400 τοῖς
967 1323 1128 1418 γενητοῖς
1153 1315 1294 1414 ἑαυτὸν,

97 1437 261 1544 ἀλλᾶτῇ
285 1440 363 1546 θείᾳ
383 1448 448 1519 τοῦ
467 1437 614 1543 Πατρὸς
639 1438 851 1520 συντάττων
870 1435 1032 1547 obvim
1057 1443 1115 1520 καὶ
1139 1438 1183 1520 τὸ
1209 1436 1331 1521 εἷναιο

47 1595 85 1635 10
98 1566 177 1667 φῶς
194 1558 375 1665 πρόσεστι
393 1568 569 1668 φυσικῶς.

152 1716 253 1765 κυλο.
290 1683 345 1766 Τὸ
370 1683 490 1793 φωτὸς
517 1686 666 1793 μετέχον
690 1689 753 1767 οὐκ
781 1687 995 1793 αὐτοκυρίως
1023 1689 1103 1768 ἐστὶ
1130 1687 1173 1768 τὸ
1200 1695 1295 1795 φῶς,

97 1807 217 1911 ἕτερον
234 1806 306 1912 γάρ
324 1842 359 1888 τι
378 1807 540 1914 ὑπάρχον
558 1810 596 1889 ἐν
613 1809 721 1917 ἑτέρη)
740 1810 915 1915 φαίνεται·
946 1816 975 1890 εί
994 1813 1113 1891 τοίνυν
1130 1811 1299 1911 μεθεκτὸς

98 1927 226 2015 όΥίὸς
249 1939 325 2015 τοῖς
349 1940 510 2035 γενητοῖς
537 1935 585 2017 ὧς
611 1939 702 2040 φῶς,
719 1933 837 2036 ἕτερος
855 1933 901 2013 άν
919 1934 972 2034 εἴη
997 1932 1098 2038 παρὰ
1121 1933 1168 2013 τά
1192 1934 1296 2035 μετέ·

97 2087 211 2159 χοντα
237 2054 347 2136 αὐτοῦ
374 2059 433 2137 καὶ
461 2055 581 2164 φωτὸς
610 2054 770 2157 δεόμενα·
809 2058 936 2137 οὐκοῦν
964 2058 1006 2137 οὐ
1032 2055 1192 2159 γενητὸς,
1221 2059 1297 2139 οὐδ’

49 2174 224 2281 ι5ὥοττερ
247 2177 295 2259 τά
320 2178 452 2281 γενητὰ
477 2181 696 2287 φωτίζεσθαι
719 2180 804 2285 παρ’
830 2179 951 2284 ἑτέρου
976 2177 1099 2282 ζητῶν·
1141 2180 1235 2265 Θεὸς
1260 2181 1300 2262 δὲ

98 2300 170 2403 ἄρα
187 2300 317 2382 λοιπὸν
335 2305 394 2382 καὶ
413 2303 577 2410 φωτίζειν
595 2303 797 2404 δυνάμενος·
825 2309 857 2384 εί
878 2303 916 2384 δὲ
939 2311 1056 2402 τοῦτο,
1077 2307 1136 2385 καὶ
1153 2309 1218 2405 τῆς
1235 2313 1300 2385 τοῦ

100 2421 247 2526 Πατρὸς
274 2426 400 2510 οὐσίας
427 2426 634 2534 ἐκπεφυκὸς
662 2428 887 2528 νοηθήσεται,
915 2428 1013 2532 εἴπερ
1042 2426 1106 2508 ἕνα
1136 2458 1329 2534 προσκυ-ςι

99 2555 228 2648 νοῦμεν
246 2547 351 2648 Θεὸν,
369 2553 428 2630 καὶ
447 2552 514 2657 οὐχ
532 2551 638 2661 ἑτερρ
655 2554 725 2632 τινὶ
742 2550 841 2657 παρὰ
860 2549 924 2632 τὸν
942 2550 1030 2632 ὅντα
1047 2551 1277 2656 λατρεύομεν.

155 2703 256 2751 ΔΛΔο.
284 2672 364 2774 Τὴν
388 2681 460 2755 τῶν
486 2674 599 2755 ὄντων
623 2678 778 2779 ἀκριβῶς
805 2674 1027 2782 ἐξετάζοντες
1055 2674 1180 2783 φάσιν,
1204 2674 1300 2757 Θεὸν

47 2826 87 2868 20
99 2795 239 2898 ὁρῶμεν
262 2799 321 2877 καὶ
345 2799 475 2896 κτίσιν,
494 2800 552 2877 καὶ
578 2794 697 2902 ἕτερον
715 2800 773 2878 ε’τὶ
797 2798 935 2881 τούτοις
961 2797 1074 2877 οὐδέν·
1110 2797 1130 2879 δ
1157 2797 1231 2902 γὰρ
1255 2797 1300 2879 ἂν

98 2919 234 3026 ἐκπέση
271 2927 335 3000 τοῦ
370 2917 458 2999 εἶναι
490 2917 582 3004 Θεὸς
619 2918 712 3000 κατὰ
749 2919 873 3026 φύσιν,
906 2929 1013 3001 τοῦτο
1043 2918 1187 3005 πάντως
1220 2923 1300 3002 ἐστὶ

99 3042 260 3146 γενητὸν,
277 3046 336 3124 καὶ
361 3042 449 3148 άπερ
473 3041 518 3123 ἂν
539 3040 604 3123 τὸν
626 3052 690 3125 τοῦ
717 3047 937 3144 πεποιῆσθαι
965 3042 1140 3151 διαφεύγη
1167 3041 1297 3149 λόγον,

99 3174 207 3247 τοῦτο
232 3169 291 3247 καὶ
315 3167 402 3246 ε’ὐτω
427 3165 571 3251 πάντως
597 3169 675 3247 ἐστὶ
700 3172 772 3247 τῶν
790 3170 855 3267 τῆς
879 3165 1059 3268 θεότητος
1087 3166 1193 3271 ὅρων.
1242 3167 1301 3248 ὅτε

100 3289 220 3371 τοίνυν
241 3288 375 3394 ἄριστά
398 3324 475 3373 πως
500 3289 547 3369 τὰ
573 3298 720 3370 τοιαῦτα
747 3289 994 3390 διεσκέμμὲθα,
1013 3288 1194 3394 λεγόντων
1216 3291 1301 3390 ἡμῖν

47 3447 88 3508 25
102 3418 136 3493 οἱ
162 3417 226 3514 τῆς
251 3421 316 3493 τοῦ
342 3417 437 3493 Θεοῦ
467 3416 525 3493 καὶ
553 3412 698 3515 [Ἰατρὸς
726 3414 850 3499 οὐσίας
876 3414 1091 3522 ἐξωθοῦντες
1117 3412 1182 3495 τὸν
1199 3415 1300 3515 Υὶὸν,

100 3543 179 3622 πῶς
205 3535 250 3617 ἂν
274 3536 417 3617 δύναιτο
446 3536 609 3643 φωτίζειν
636 3539 686 3620 ῶς
713 3543 802 3643 φῶς,
827 3537 917 3618 ’ίδιον
941 3537 1096 3644 ἐχούσης
1123 3537 1211 3619 αὐτὸ
1237 3543 1338 3640 τῆςδ

102 3662 197 3746 θείας
215 3660 372 3767 φύσεως,
391 3660 499 3768 ἑτέρη)
517 3659 555 3739 δὲ
572 3660 860 3765 παραχωρούσης
879 3661 1004 3742 οὐδενί.
1048 3667 1078 3741 εὶ
1097 3659 1134 3740 δὲ
1153 3659 1304 3763 γενητὸς

103 3783 275 3890 ὐπαρχωυ
294 3786 314 3864 ὁ
333 3782 432 3875 Υἱὸς,
452 3786 511 3863 καὶ
536 3788 615 3889 φῶς
638 3780 726 3863 εἶναι
751 3782 908 3882 δύναται,
931 3782 1069 3891 φθάσει
1095 3782 1133 3863 δὲ
1159 3781 1304 3870 πάντως

102 3909 161 3989 ἐπὶ
177 3907 297 3989 πάντα
315 3906 361 3988 τὰ
378 3904 512 4012 γενητὰ
536 3914 600 3987 τοῦ
624 3906 935 4008 πλεονεκτήματος
959 3909 982 4007 ἡ
1006 3905 1123 4012 χάρις,
1142 3907 1246 3989 ἕσται
1265 3907 1304 3990 δὲ

49 4073 91 4131 30
102 4030 223 4114 πάντα
245 4038 325 4141 φῶς
349 4030 442 4113 κατὰ
466 4030 591 4137 φάσιν.
629 4031 682 4116 τίς
710 4032 773 4111 οὖν
795 4033 914 4117 αὐτοῖς
941 4031 992 4112 ἔτι
1019 4033 1122 4137 χρεία
1148 4035 1212 4132 τῆς
1239 4040 1304 4113 τοῦ

326 4159 343 4177 .
395 4153 411 4186 ,
462 4157 472 4186 ,
510 4152 521 4181 ,

103 4162 194 4238 Υίού
210 4191 374 4261 μετοχης,
391 4192 415 4257 η
433 4190 468 4235 τι
486 4189 527 4236 το
546 4153 660 4235 πλέον
678 4156 838 4236 ε’ντεῦθεν
854 4151 1060 4258 εὑρήσουσι,
1079 4152 1171 4234 κατὰ
1189 4152 1304 4261 φύσιν

143 4339 166 4374 1.
185 4320 248 4374 κατὰ
259 4321 334 4391 prius
346 4337 437 4376 assum
457 4327 516 4373 tum
528 4336 560 4373 ex
573 4318 606 4373 B.
680 4335 705 4373 2.
724 4317 756 4388 δή
769 4336 859 4374 assum
879 4328 938 4374 tum
949 4336 982 4374 ex
995 4318 1058 4374 B.D
1070 4336 1125 4390 mg.
1137 4320 1168 4374 Ε.
1182 4317 1234 4374 Ed.
1246 4336 1304 4390 mg.

108 4407 150 4446 11.
166 4392 256 4462 φωτός
266 4391 376 4463 μετέχον
385 4390 418 4444 Β.
446 4429 453 4444 .
464 4388 516 4446 Ed.
526 4407 581 4460 mg.
593 4391 652 4466 φῶς
663 4388 779 4460 μετίχων
786 4390 823 4445 D.
834 4337 886 4444 Εὐ.
930 4389 1086 4472 οὐτοκυρίως
1096 4388 1168 4445 edidi
1180 4397 1212 4444 ut
1223 4405 1305 4478 ιυρη

104 4474 140 4529 52
152 4479 177 4516 ι.
189 4462 252 4515 αὐτὸ
264 4463 356 4533 κυρίως
369 4460 421 4516 Ed.
468 4461 499 4514 τὸ
511 4461 557 4515 alt.
569 4469 740 4531 assumptum
752 4478 784 4515 ex
798 4459 865 4516 ΒΕ.
879 4459 953 4516 deest
964 4477 993 4516 m
1006 4460 1043 4516 D.
1164 4475 1206 4516 τι.
1224 4461 1304 4533 ὃτιρφ

105 4532 140 4588 Β.
151 4532 221 4604 αὐτῷ
233 4531 285 4586 Ed.
393 4547 435 4598 24.
453 4529 603 4603 λίγετωσαν
615 4529 649 4585 Β.
1092 4586 1095 4593 ,
1190 4556 1194 4562 Δ
