<?xml version="1.0" encoding="UTF-8"?>
<!DOCTYPE html PUBLIC "-//W3C//DTD XHTML 1.0 Transitional//EN"
    "http://www.w3.org/TR/xhtml1/DTD/xhtml1-transitional.dtd">
<html xmlns="http://www.w3.org/1999/xhtml" xml:lang="en" lang="en">
 <head>
  <title>
</title>
<meta http-equiv="Content-Type" content="text/html;charset=utf-8" />
  <meta name='ocr-system' content='tesseract 3.04.00' />
  <meta name='ocr-capabilities' content='ocr_page ocr_carea ocr_par ocr_line ocrx_word'/>
</head>
<body>
  <div class='ocr_page' id='page_1' title='image "./sanctipatrisnos00pusegoog_0153.png"; bbox 0 0 3038 5018; ppageno 0'>
   <div class='ocr_carea' id='block_1_1' title="bbox 221 278 1418 356">
    <p class='ocr_par' dir='ltr' id='par_1_1' title="bbox 221 278 1418 356">
     <span class='ocr_line' id='line_1_1' title="bbox 221 278 1418 356; baseline 0.006 -7"><span class='ocrx_word' id='word_1_1' title='bbox 221 286 286 350; x_wconf 70' lang='lat'>140</span> <span class='ocrx_word' id='word_1_2' title='bbox 523 289 563 354; x_wconf 91' lang='lat' dir='ltr'>B.</span> <span class='ocrx_word' id='word_1_3' title='bbox 587 288 794 354; x_wconf 83' lang='lat' dir='ltr'>CYRILLI</span> <span class='ocrx_word' id='word_1_4' title='bbox 824 284 1114 355; x_wconf 83' lang='lat' dir='ltr'><strong>ALEXANDR.</strong></span> <span class='ocrx_word' id='word_1_5' title='bbox 1330 278 1351 341; x_wconf 77' lang='lat' dir='ltr'>i·</span> <span class='ocrx_word' id='word_1_6' title='bbox 1369 295 1418 356; x_wconf 87' lang='lat'>14.</span> 
     </span>
    </p>
   </div>
   <div class='ocr_carea' id='block_1_2' title="bbox 58 439 1482 1791">
    <p class='ocr_par' dir='ltr' id='par_1_2' title="bbox 220 439 1421 559">
     <span class='ocr_line' id='line_1_2' title="bbox 220 439 1421 559; baseline -0.008 -31"><span class='ocrx_word' id='word_1_7' title='bbox 220 448 327 546; x_wconf 86' lang='grc' dir='ltr'>μένον</span> <span class='ocrx_word' id='word_1_8' title='bbox 359 454 418 531; x_wconf 73' lang='grc' dir='ltr'>καῖ</span> <span class='ocrx_word' id='word_1_9' title='bbox 444 450 508 533; x_wconf 80' lang='grc' dir='ltr'>τάν</span> <span class='ocrx_word' id='word_1_10' title='bbox 536 454 695 559; x_wconf 82' lang='grc' dir='ltr'>χορηγὸν</span> <span class='ocrx_word' id='word_1_11' title='bbox 724 457 787 552; x_wconf 77' lang='grc' dir='ltr'>τῆς</span> <span class='ocrx_word' id='word_1_12' title='bbox 821 451 923 554; x_wconf 77' lang='grc' dir='ltr'>ζωῆς.</span> <span class='ocrx_word' id='word_1_13' title='bbox 973 452 1036 531; x_wconf 79' lang='grc' dir='ltr'>οὐκ</span> <span class='ocrx_word' id='word_1_14' title='bbox 1066 459 1112 533; x_wconf 81' lang='grc' dir='ltr'>εἰς</span> <span class='ocrx_word' id='word_1_15' title='bbox 1142 446 1262 548; x_wconf 83' lang='grc' dir='ltr'>σάρκα</span> <span class='ocrx_word' id='word_1_16' title='bbox 1291 445 1327 522; x_wconf 85' lang='grc' dir='ltr'>δὲ</span> <span class='ocrx_word' id='word_1_17' title='bbox 1358 439 1421 519; x_wconf 80' lang='grc' dir='ltr'>τὸν</span> 
     </span>
    </p>

    <p class='ocr_par' dir='ltr' id='par_1_3' title="bbox 223 563 1422 687">
     <span class='ocr_line' id='line_1_3' title="bbox 223 563 1422 687; baseline -0.008 -35"><span class='ocrx_word' id='word_1_18' title='bbox 223 570 346 675; x_wconf 81' lang='grc' dir='ltr'>Λάγον</span> <span class='ocrx_word' id='word_1_19' title='bbox 363 577 493 675; x_wconf 81' lang='grc' dir='ltr'>ἐλθεῖν,</span> <span class='ocrx_word' id='word_1_20' title='bbox 511 576 612 656; x_wconf 85' lang='grc' dir='ltr'>ἀλλά</span> <span class='ocrx_word' id='word_1_21' title='bbox 640 575 753 687; x_wconf 85' lang='grc' dir='ltr'>σάρκα</span> <span class='ocrx_word' id='word_1_22' title='bbox 778 575 938 679; x_wconf 79' lang='grc' dir='ltr'>γενέσθαι</span> <span class='ocrx_word' id='word_1_23' title='bbox 958 577 1083 676; x_wconf 76' lang='grc' dir='ltr'>φησὶν,</span> <span class='ocrx_word' id='word_1_24' title='bbox 1103 573 1161 652; x_wconf 85' lang='grc' dir='ltr'>ἵνα</span> <span class='ocrx_word' id='word_1_25' title='bbox 1185 569 1235 670; x_wconf 83' lang='grc' dir='ltr'>μή</span> <span class='ocrx_word' id='word_1_26' title='bbox 1261 563 1422 666; x_wconf 87' lang='grc' dir='ltr'>καθάπερ</span> 
     </span>
    </p>

    <p class='ocr_par' dir='ltr' id='par_1_4' title="bbox 222 695 1420 805">
     <span class='ocr_line' id='line_1_4' title="bbox 222 695 1420 805; baseline -0.008 -29"><span class='ocrx_word' id='word_1_27' title='bbox 222 698 260 776; x_wconf 84' lang='grc' dir='ltr'>έν</span> <span class='ocrx_word' id='word_1_28' title='bbox 276 696 479 804; x_wconf 83' lang='grc' dir='ltr'>προφήταις</span> <span class='ocrx_word' id='word_1_29' title='bbox 504 699 624 805; x_wconf 82' lang='grc' dir='ltr'>τυχὸν,</span> <span class='ocrx_word' id='word_1_30' title='bbox 643 698 666 800; x_wconf 81' lang='grc' dir='ltr'>ἢ</span> <span class='ocrx_word' id='word_1_31' title='bbox 693 704 750 780; x_wconf 85' lang='grc' dir='ltr'>καὶ</span> <span class='ocrx_word' id='word_1_32' title='bbox 774 699 902 801; x_wconf 82' lang='grc' dir='ltr'>ἑτέροις</span> <span class='ocrx_word' id='word_1_33' title='bbox 927 705 1000 778; x_wconf 85' lang='grc' dir='ltr'>τῶν</span> <span class='ocrx_word' id='word_1_34' title='bbox 1023 697 1135 799; x_wconf 81' lang='grc' dir='ltr'>ἁγίων</span> <span class='ocrx_word' id='word_1_35' title='bbox 1157 697 1254 774; x_wconf 73' lang='grc' dir='ltr'>τισὶν</span> <span class='ocrx_word' id='word_1_36' title='bbox 1277 695 1420 795; x_wconf 81' lang='grc' dir='ltr'>ἐπιφοι-</span> 
     </span>
    </p>

    <p class='ocr_par' dir='ltr' id='par_1_5' title="bbox 194 813 1456 1056">
     <span class='ocr_line' id='line_1_5' title="bbox 194 813 1422 927; baseline -0.009 -27"><span class='ocrx_word' id='word_1_37' title='bbox 194 823 334 920; x_wconf 73' lang='grc' dir='ltr'>θτήσαι</span> <span class='ocrx_word' id='word_1_38' title='bbox 355 830 528 927; x_wconf 85' lang='grc' dir='ltr'>σχετικῶς</span> <span class='ocrx_word' id='word_1_39' title='bbox 555 824 753 915; x_wconf 75' lang='grc' dir='ltr'>ὑπολάβοις</span> <span class='ocrx_word' id='word_1_40' title='bbox 777 821 898 914; x_wconf 77' lang='grc' dir='ltr'>αι’ντὸν,</span> <span class='ocrx_word' id='word_1_41' title='bbox 919 823 1002 902; x_wconf 88' lang='grc' dir='ltr'>ἀλλ’</span> <span class='ocrx_word' id='word_1_42' title='bbox 1023 822 1110 900; x_wconf 84' lang='grc' dir='ltr'>αὐτὸ</span> <span class='ocrx_word' id='word_1_43' title='bbox 1136 817 1227 899; x_wconf 87' lang='grc' dir='ltr'>κατά</span> <span class='ocrx_word' id='word_1_44' title='bbox 1251 813 1422 915; x_wconf 85' lang='grc' dir='ltr'>ἀλήθειαν</span> 
     </span>
     <span class='ocr_line' id='line_1_6' title="bbox 223 937 1456 1056; baseline -0.001 -32"><span class='ocrx_word' id='word_1_45' title='bbox 223 943 382 1046; x_wconf 82' lang='grc' dir='ltr'>γενέσθαι</span> <span class='ocrx_word' id='word_1_46' title='bbox 421 950 543 1055; x_wconf 83' lang='grc' dir='ltr'>σάρκα,</span> <span class='ocrx_word' id='word_1_47' title='bbox 575 947 759 1056; x_wconf 80' lang='grc' dir='ltr'>τοιπέστιν</span> <span class='ocrx_word' id='word_1_48' title='bbox 796 948 998 1049; x_wconf 79' lang='grc' dir='ltr'>ἄνθρωπον·</span> <span class='ocrx_word' id='word_1_49' title='bbox 1043 953 1149 1024; x_wconf 83' lang='grc' dir='ltr'>τοῦτο</span> <span class='ocrx_word' id='word_1_50' title='bbox 1186 939 1258 1044; x_wconf 87' lang='grc' dir='ltr'>γάρ</span> <span class='ocrx_word' id='word_1_51' title='bbox 1294 937 1456 1038; x_wconf 73' lang='grc' dir='ltr'>ἀρτίωςο</span> 
     </span>
    </p>

    <p class='ocr_par' dir='ltr' id='par_1_6' title="bbox 223 1064 1425 1176">
     <span class='ocr_line' id='line_1_7' title="bbox 223 1064 1425 1176; baseline -0.007 -29"><span class='ocrx_word' id='word_1_52' title='bbox 223 1067 404 1169; x_wconf 79' lang='grc' dir='ltr'>ἐλέγομεν.</span> <span class='ocrx_word' id='word_1_53' title='bbox 436 1069 494 1150; x_wconf 87' lang='grc' dir='ltr'>διά</span> <span class='ocrx_word' id='word_1_54' title='bbox 512 1078 617 1150; x_wconf 83' lang='grc' dir='ltr'>τοῦτο</span> <span class='ocrx_word' id='word_1_55' title='bbox 637 1076 693 1150; x_wconf 78' lang='grc' dir='ltr'>καὶ</span> <span class='ocrx_word' id='word_1_56' title='bbox 714 1068 805 1154; x_wconf 85' lang='grc' dir='ltr'>θεάς</span> <span class='ocrx_word' id='word_1_57' title='bbox 824 1072 903 1150; x_wconf 85' lang='grc' dir='ltr'>ε’στι</span> <span class='ocrx_word' id='word_1_58' title='bbox 923 1069 1014 1150; x_wconf 86' lang='grc' dir='ltr'>κατά</span> <span class='ocrx_word' id='word_1_59' title='bbox 1037 1069 1151 1176; x_wconf 83' lang='grc' dir='ltr'>φύσιν</span> <span class='ocrx_word' id='word_1_60' title='bbox 1168 1069 1206 1145; x_wconf 85' lang='grc' dir='ltr'>ἐν</span> <span class='ocrx_word' id='word_1_61' title='bbox 1225 1064 1345 1164; x_wconf 75' lang='grc' dir='ltr'>σαρκὶ,</span> <span class='ocrx_word' id='word_1_62' title='bbox 1366 1064 1425 1139; x_wconf 81' lang='grc' dir='ltr'>καὶ</span> 
     </span>
    </p>

    <p class='ocr_par' dir='ltr' id='par_1_7' title="bbox 224 1186 1422 1300">
     <span class='ocr_line' id='line_1_8' title="bbox 224 1186 1422 1300; baseline -0.007 -29"><span class='ocrx_word' id='word_1_63' title='bbox 224 1190 313 1287; x_wconf 83' lang='grc' dir='ltr'>μετὰ</span> <span class='ocrx_word' id='word_1_64' title='bbox 341 1191 487 1295; x_wconf 76' lang='grc' dir='ltr'>σαρκὸς,</span> <span class='ocrx_word' id='word_1_65' title='bbox 513 1198 561 1279; x_wconf 86' lang='grc' dir='ltr'>ὡς</span> <span class='ocrx_word' id='word_1_66' title='bbox 590 1197 681 1275; x_wconf 80' lang='grc' dir='ltr'>ἰδίαν</span> <span class='ocrx_word' id='word_1_67' title='bbox 707 1195 799 1300; x_wconf 78' lang='grc' dir='ltr'>ἔχων</span> <span class='ocrx_word' id='word_1_68' title='bbox 826 1195 946 1292; x_wconf 80' lang='grc' dir='ltr'>αὑτήν,</span> <span class='ocrx_word' id='word_1_69' title='bbox 972 1197 1029 1271; x_wconf 85' lang='grc' dir='ltr'>καὶ</span> <span class='ocrx_word' id='word_1_70' title='bbox 1057 1195 1105 1276; x_wconf 85' lang='grc' dir='ltr'>ὡς</span> <span class='ocrx_word' id='word_1_71' title='bbox 1131 1188 1249 1291; x_wconf 79' lang='grc' dir='ltr'>ἕτερόν</span> <span class='ocrx_word' id='word_1_72' title='bbox 1277 1222 1311 1265; x_wconf 90' lang='grc' dir='ltr'>τι</span> <span class='ocrx_word' id='word_1_73' title='bbox 1338 1186 1422 1287; x_wconf 88' lang='grc' dir='ltr'>παρ’</span> 
     </span>
    </p>

    <p class='ocr_par' dir='ltr' id='par_1_8' title="bbox 225 1310 1423 1423">
     <span class='ocr_line' id='line_1_9' title="bbox 225 1310 1423 1423; baseline -0.003 -28"><span class='ocrx_word' id='word_1_74' title='bbox 225 1314 336 1415; x_wconf 80' lang='grc' dir='ltr'>αὐτὴν</span> <span class='ocrx_word' id='word_1_75' title='bbox 355 1319 550 1414; x_wconf 83' lang='grc' dir='ltr'>νοούμενος,</span> <span class='ocrx_word' id='word_1_76' title='bbox 571 1321 627 1398; x_wconf 80' lang='grc' dir='ltr'>καὶ</span> <span class='ocrx_word' id='word_1_77' title='bbox 647 1321 684 1397; x_wconf 85' lang='grc' dir='ltr'>ἐν</span> <span class='ocrx_word' id='word_1_78' title='bbox 703 1320 793 1423; x_wconf 75' lang='grc' dir='ltr'>αὐτῇ</span> <span class='ocrx_word' id='word_1_79' title='bbox 819 1328 876 1397; x_wconf 83' lang='grc' dir='ltr'>καί</span> <span class='ocrx_word' id='word_1_80' title='bbox 902 1315 972 1396; x_wconf 82' lang='grc' dir='ltr'>σὺν</span> <span class='ocrx_word' id='word_1_81' title='bbox 991 1317 1080 1420; x_wconf 79' lang='grc' dir='ltr'>αὐτῇ</span> <span class='ocrx_word' id='word_1_82' title='bbox 1098 1310 1423 1415; x_wconf 79' lang='grc' dir='ltr'>προσκυνούμενος,</span> 
     </span>
    </p>

    <p class='ocr_par' dir='ltr' id='par_1_9' title="bbox 58 1431 1482 1667">
     <span class='ocr_line' id='line_1_10' title="bbox 58 1431 1426 1569; baseline -0.004 -50"><span class='ocrx_word' id='word_1_83' title='bbox 58 1440 163 1569; x_wconf 52' lang='lat' dir='ltr'>fffv·</span> <span class='ocrx_word' id='word_1_84' title='bbox 226 1437 318 1519; x_wconf 89' lang='grc' dir='ltr'>κατά</span> <span class='ocrx_word' id='word_1_85' title='bbox 351 1439 394 1520; x_wconf 87' lang='grc' dir='ltr'>τὸ</span> <span class='ocrx_word' id='word_1_86' title='bbox 426 1444 464 1520; x_wconf 89' lang='grc' dir='ltr'>ε’ν</span> <span class='ocrx_word' id='word_1_87' title='bbox 495 1447 547 1548; x_wconf 78' lang='grc' dir='ltr'>τῷ</span> <span class='ocrx_word' id='word_1_88' title='bbox 578 1441 748 1546; x_wconf 79' lang='grc' dir='ltr'>προφήτῃ</span> <span class='ocrx_word' id='word_1_89' title='bbox 785 1438 1029 1543; x_wconf 74' lang='grc' dir='ltr'>γεγραμμένον</span> <span class='ocrx_word' id='word_1_90' title='bbox 1062 1437 1204 1542; x_wconf 77' lang='grc' dir='ltr'>Ἠσαίᾳ</span> <span class='ocrx_word' id='word_1_91' title='bbox 1236 1448 1256 1480; x_wconf 89' lang='grc'><strong>“</strong></span> <span class='ocrx_word' id='word_1_92' title='bbox 1271 1431 1426 1534; x_wconf 78' lang='grc' dir='ltr'>’Ἄνδρες</span> 
     </span>
     <span class='ocr_line' id='line_1_11' title="bbox 228 1559 1482 1667; baseline -0.006 -27"><span class='ocrx_word' id='word_1_93' title='bbox 228 1571 249 1607; x_wconf 87' lang='grc'><strong>“</strong></span> <span class='ocrx_word' id='word_1_94' title='bbox 268 1563 406 1667; x_wconf 74' lang='grc' dir='ltr'>ὑψηλοὶ</span> <span class='ocrx_word' id='word_1_95' title='bbox 431 1565 487 1643; x_wconf 78' lang='grc' dir='ltr'>ἐπὶ</span> <span class='ocrx_word' id='word_1_96' title='bbox 515 1563 560 1644; x_wconf 81' lang='grc' dir='ltr'>σέ</span> <span class='ocrx_word' id='word_1_97' title='bbox 589 1564 834 1662; x_wconf 78' lang='grc' dir='ltr'>διαβήσονται,</span> <span class='ocrx_word' id='word_1_98' title='bbox 863 1568 919 1643; x_wconf 76' lang='grc' dir='ltr'>καὶ</span> <span class='ocrx_word' id='word_1_99' title='bbox 948 1568 1008 1642; x_wconf 79' lang='grc' dir='ltr'>σοὶ</span> <span class='ocrx_word' id='word_1_100' title='bbox 1036 1563 1180 1642; x_wconf 77' lang='grc' dir='ltr'>ἔσονται</span> <span class='ocrx_word' id='word_1_101' title='bbox 1213 1563 1335 1637; x_wconf 84' lang='grc' dir='ltr'>δοῦλοι</span> <span class='ocrx_word' id='word_1_102' title='bbox 1368 1559 1426 1635; x_wconf 78' lang='grc' dir='ltr'>καὶ</span> <span class='ocrx_word' id='word_1_103' title='bbox 1444 1593 1482 1634; x_wconf 80' lang='grc' dir='ltr'>ιο</span> 
     </span>
    </p>

    <p class='ocr_par' dir='ltr' id='par_1_10' title="bbox 60 1683 1428 1791">
     <span class='ocr_line' id='line_1_12' title="bbox 60 1683 1428 1791; baseline -0.004 -27"><span class='ocrx_word' id='word_1_104' title='bbox 60 1709 105 1764; x_wconf 77' lang='grc'>96</span> <span class='ocrx_word' id='word_1_105' title='bbox 116 1709 158 1764; x_wconf 82' lang='grc' dir='ltr'>Δ.</span> <span class='ocrx_word' id='word_1_106' title='bbox 199 1694 250 1764; x_wconf 80' lang='grc' dir='ltr'>ο“</span> <span class='ocrx_word' id='word_1_107' title='bbox 269 1685 388 1765; x_wconf 84' lang='grc' dir='ltr'>ἀπίσω</span> <span class='ocrx_word' id='word_1_108' title='bbox 407 1722 478 1767; x_wconf 87' lang='grc' dir='ltr'>σου</span> <span class='ocrx_word' id='word_1_109' title='bbox 496 1686 789 1789; x_wconf 86' lang='grc' dir='ltr'>ἀκολουθήσουσι</span> <span class='ocrx_word' id='word_1_110' title='bbox 808 1687 981 1786; x_wconf 87' lang='grc' dir='ltr'>δεδεμέναι</span> <span class='ocrx_word' id='word_1_111' title='bbox 995 1683 1223 1791; x_wconf 84' lang='grc' dir='ltr'>χειροπέδαις,</span> <span class='ocrx_word' id='word_1_112' title='bbox 1236 1685 1292 1760; x_wconf 82' lang='grc' dir='ltr'>καῖ</span> <span class='ocrx_word' id='word_1_113' title='bbox 1307 1712 1428 1782; x_wconf 89' lang='grc' dir='ltr'>προσ-</span> 
     </span>
    </p>
   </div>
   <div class='ocr_carea' id='block_1_3' title="bbox 228 1800 1428 1917">
    <p class='ocr_par' dir='ltr' id='par_1_11' title="bbox 228 1800 1428 1917">
     <span class='ocr_line' id='line_1_13' title="bbox 228 1800 1428 1917; baseline 0 -30"><span class='ocrx_word' id='word_1_114' title='bbox 228 1818 250 1854; x_wconf 89' lang='lat'><strong>“</strong></span> <span class='ocrx_word' id='word_1_115' title='bbox 269 1808 472 1908; x_wconf 87' lang='grc' dir='ltr'>κυνήσουσί</span> <span class='ocrx_word' id='word_1_116' title='bbox 487 1846 558 1908; x_wconf 92' lang='grc' dir='ltr'>σοι,</span> <span class='ocrx_word' id='word_1_117' title='bbox 578 1815 636 1891; x_wconf 81' lang='grc' dir='ltr'>καὶ</span> <span class='ocrx_word' id='word_1_118' title='bbox 655 1815 692 1890; x_wconf 87' lang='grc' dir='ltr'>ἐν</span> <span class='ocrx_word' id='word_1_119' title='bbox 710 1813 772 1891; x_wconf 83' lang='grc' dir='ltr'>σοὶ</span> <span class='ocrx_word' id='word_1_120' title='bbox 790 1809 1061 1917; x_wconf 82' lang='grc' dir='ltr'>προσεθξονται,</span> <span class='ocrx_word' id='word_1_121' title='bbox 1081 1807 1136 1888; x_wconf 80' lang='grc' dir='ltr'>ὅτι</span> <span class='ocrx_word' id='word_1_122' title='bbox 1156 1810 1194 1886; x_wconf 87' lang='grc' dir='ltr'>έν</span> <span class='ocrx_word' id='word_1_123' title='bbox 1210 1808 1271 1885; x_wconf 81' lang='grc' dir='ltr'>σοὶ</span> <span class='ocrx_word' id='word_1_124' title='bbox 1294 1807 1314 1884; x_wconf 85' lang='grc' dir='ltr'><strong>ὁ</strong></span> <span class='ocrx_word' id='word_1_125' title='bbox 1334 1800 1428 1887; x_wconf 86' lang='grc' dir='ltr'>θεός</span> 
     </span>
    </p>
   </div>
   <div class='ocr_carea' id='block_1_4' title="bbox 228 1928 1483 2535">
    <p class='ocr_par' dir='ltr' id='par_1_12' title="bbox 228 1928 1483 2535">
     <span class='ocr_line' id='line_1_14' title="bbox 228 1928 1430 2034; baseline -0.004 -24"><span class='ocrx_word' id='word_1_126' title='bbox 228 1942 249 1977; x_wconf 87' lang='grc'><strong>“</strong></span> <span class='ocrx_word' id='word_1_127' title='bbox 268 1935 358 2029; x_wconf 89' lang='grc' dir='ltr'>ε’στι,</span> <span class='ocrx_word' id='word_1_128' title='bbox 386 1938 444 2013; x_wconf 80' lang='grc' dir='ltr'>καὶ</span> <span class='ocrx_word' id='word_1_129' title='bbox 475 1937 538 2014; x_wconf 79' lang='grc' dir='ltr'>οὐκ</span> <span class='ocrx_word' id='word_1_130' title='bbox 569 1936 647 2014; x_wconf 78' lang='grc' dir='ltr'>ἔστι</span> <span class='ocrx_word' id='word_1_131' title='bbox 676 1934 769 2019; x_wconf 80' lang='grc' dir='ltr'>θεὸς</span> <span class='ocrx_word' id='word_1_132' title='bbox 798 1933 897 2034; x_wconf 85' lang='grc' dir='ltr'>πλήν</span> <span class='ocrx_word' id='word_1_133' title='bbox 924 1933 1028 2013; x_wconf 82' lang='grc' dir='ltr'>σοῦ.”</span> <span class='ocrx_word' id='word_1_134' title='bbox 1067 1931 1143 2012; x_wconf 80' lang='grc' dir='ltr'>ίδοά</span> <span class='ocrx_word' id='word_1_135' title='bbox 1175 1933 1232 2011; x_wconf 78' lang='grc' dir='ltr'>καὶ</span> <span class='ocrx_word' id='word_1_136' title='bbox 1266 1932 1303 2008; x_wconf 87' lang='grc' dir='ltr'>έν</span> <span class='ocrx_word' id='word_1_137' title='bbox 1331 1928 1430 2033; x_wconf 76' lang='grc' dir='ltr'>αὐτῷ</span> 
     </span>
     <span class='ocr_line' id='line_1_15' title="bbox 229 2052 1425 2164; baseline -0.006 -29"><span class='ocrx_word' id='word_1_138' title='bbox 229 2054 325 2135; x_wconf 87' lang='grc' dir='ltr'>θεὸν</span> <span class='ocrx_word' id='word_1_139' title='bbox 353 2053 444 2137; x_wconf 82' lang='grc' dir='ltr'>εἷναί</span> <span class='ocrx_word' id='word_1_140' title='bbox 468 2067 573 2164; x_wconf 91' lang='grc' dir='ltr'>φασι,</span> <span class='ocrx_word' id='word_1_141' title='bbox 601 2059 652 2158; x_wconf 81' lang='grc' dir='ltr'>μή</span> <span class='ocrx_word' id='word_1_142' title='bbox 682 2058 928 2141; x_wconf 83' lang='grc' dir='ltr'>ἀποδιελόντες</span> <span class='ocrx_word' id='word_1_143' title='bbox 955 2066 1019 2138; x_wconf 80' lang='grc' dir='ltr'>τοῦ</span> <span class='ocrx_word' id='word_1_144' title='bbox 1048 2053 1171 2158; x_wconf 85' lang='grc' dir='ltr'>Λάγου</span> <span class='ocrx_word' id='word_1_145' title='bbox 1197 2053 1264 2152; x_wconf 84' lang='grc' dir='ltr'>τὴν</span> <span class='ocrx_word' id='word_1_146' title='bbox 1290 2052 1425 2154; x_wconf 84' lang='grc' dir='ltr'>σάρκα·</span> 
     </span>
     <span class='ocr_line' id='line_1_16' title="bbox 228 2174 1483 2283; baseline -0.005 -26"><span class='ocrx_word' id='word_1_147' title='bbox 228 2183 285 2258; x_wconf 79' lang='grc' dir='ltr'>καὶ</span> <span class='ocrx_word' id='word_1_148' title='bbox 304 2179 417 2260; x_wconf 87' lang='grc' dir='ltr'>πάλιν</span> <span class='ocrx_word' id='word_1_149' title='bbox 436 2184 501 2261; x_wconf 81' lang='grc' dir='ltr'>οὐκ</span> <span class='ocrx_word' id='word_1_150' title='bbox 525 2181 612 2261; x_wconf 83' lang='grc' dir='ltr'>εἶναι</span> <span class='ocrx_word' id='word_1_151' title='bbox 637 2183 758 2283; x_wconf 81' lang='grc' dir='ltr'>ἕτερον</span> <span class='ocrx_word' id='word_1_152' title='bbox 777 2179 871 2261; x_wconf 82' lang='grc' dir='ltr'>Θεὸν</span> <span class='ocrx_word' id='word_1_153' title='bbox 889 2177 988 2280; x_wconf 78' lang='grc' dir='ltr'>πλὴν</span> <span class='ocrx_word' id='word_1_154' title='bbox 1006 2180 1116 2259; x_wconf 81' lang='grc' dir='ltr'>αὐτοῦ</span> <span class='ocrx_word' id='word_1_155' title='bbox 1138 2174 1424 2281; x_wconf 85' lang='grc' dir='ltr'>διισχυρίσαντο,</span> <span class='ocrx_word' id='word_1_156' title='bbox 1445 2207 1483 2267; x_wconf 85' lang='lat'>15</span> 
     </span>
     <span class='ocr_line' id='line_1_17' title="bbox 228 2297 1428 2412; baseline -0.003 -31"><span class='ocrx_word' id='word_1_157' title='bbox 228 2303 387 2388; x_wconf 83' lang='grc' dir='ltr'>ἕνοῦντες</span> <span class='ocrx_word' id='word_1_158' title='bbox 413 2310 463 2411; x_wconf 77' lang='grc' dir='ltr'>τῷ</span> <span class='ocrx_word' id='word_1_159' title='bbox 483 2307 593 2412; x_wconf 84' lang='grc' dir='ltr'>Λόγῳ</span> <span class='ocrx_word' id='word_1_160' title='bbox 619 2304 662 2386; x_wconf 82' lang='grc' dir='ltr'>τὸ</span> <span class='ocrx_word' id='word_1_161' title='bbox 688 2303 923 2410; x_wconf 80' lang='grc' dir='ltr'>φορούμενον,</span> <span class='ocrx_word' id='word_1_162' title='bbox 944 2307 992 2386; x_wconf 86' lang='grc' dir='ltr'>ὡς</span> <span class='ocrx_word' id='word_1_163' title='bbox 1018 2304 1106 2384; x_wconf 86' lang='grc' dir='ltr'>ίδιον</span> <span class='ocrx_word' id='word_1_164' title='bbox 1124 2303 1243 2390; x_wconf 82' lang='grc' dir='ltr'>αὐτοῦ,</span> <span class='ocrx_word' id='word_1_165' title='bbox 1264 2297 1428 2379; x_wconf 74' lang='grc' dir='ltr'>τουτέστι</span> 
     </span>
     <span class='ocr_line' id='line_1_18' title="bbox 229 2423 1273 2535; baseline -0.001 -29"><span class='ocrx_word' id='word_1_166' title='bbox 229 2427 291 2506; x_wconf 82' lang='grc' dir='ltr'>τὸν</span> <span class='ocrx_word' id='word_1_167' title='bbox 310 2431 348 2507; x_wconf 83' lang='grc' dir='ltr'>ἐκ</span> <span class='ocrx_word' id='word_1_168' title='bbox 366 2431 544 2530; x_wconf 85' lang='grc' dir='ltr'>παρθένου</span> <span class='ocrx_word' id='word_1_169' title='bbox 564 2429 660 2509; x_wconf 88' lang='grc' dir='ltr'>ναόν·</span> <span class='ocrx_word' id='word_1_170' title='bbox 692 2428 742 2513; x_wconf 78' lang='grc' dir='ltr'>εἷς</span> <span class='ocrx_word' id='word_1_171' title='bbox 760 2427 831 2530; x_wconf 78' lang='grc' dir='ltr'>γάρ</span> <span class='ocrx_word' id='word_1_172' title='bbox 850 2428 892 2535; x_wconf 80' lang='grc' dir='ltr'>ἐξ</span> <span class='ocrx_word' id='word_1_173' title='bbox 909 2430 1043 2533; x_wconf 83' lang='grc' dir='ltr'>ἀμφοῖν</span> <span class='ocrx_word' id='word_1_174' title='bbox 1063 2429 1082 2506; x_wconf 88' lang='grc' dir='ltr'><strong>ὁ</strong></span> <span class='ocrx_word' id='word_1_175' title='bbox 1102 2423 1273 2530; x_wconf 88' lang='grc' dir='ltr'>Χριστός.</span> 
     </span>
    </p>
   </div>
   <div class='ocr_carea' id='block_1_5' title="bbox 613 2727 1056 2808">
    <p class='ocr_par' dir='ltr' id='par_1_13' title="bbox 613 2727 1056 2808">
     <span class='ocr_line' id='line_1_19' title="bbox 613 2727 1056 2808; baseline -0.002 -12"><span class='ocrx_word' id='word_1_176' title='bbox 613 2731 667 2798; x_wconf 84' lang='grc' dir='ltr'>Καὶ</span> <span class='ocrx_word' id='word_1_177' title='bbox 693 2733 880 2799; x_wconf 70' lang='grc' dir='ltr'>ἐσκήνωσεν</span> <span class='ocrx_word' id='word_1_178' title='bbox 907 2730 942 2796; x_wconf 79' lang='grc' dir='ltr'>ἓν</span> <span class='ocrx_word' id='word_1_179' title='bbox 969 2727 1056 2808; x_wconf 71' lang='grc' dir='ltr'>ἡμῖν.</span> 
     </span>
    </p>
   </div>
   <div class='ocr_carea' id='block_1_6' title="bbox 197 2790 1431 3034">
    <p class='ocr_par' dir='ltr' id='par_1_14' title="bbox 197 2790 1431 3034">
     <span class='ocr_line' id='line_1_20' title="bbox 197 2790 218 2854; baseline 0 0"><span class='ocrx_word' id='word_1_180' title='bbox 197 2790 218 2854; x_wconf 93' lang='lat' dir='ltr'>b</span> 
     </span>
     <span class='ocr_line' id='line_1_21' title="bbox 286 2922 1431 3034; baseline 0 -27"><span class='ocrx_word' id='word_1_181' title='bbox 286 2926 584 3034; x_wconf 81' lang='grc' dir='ltr'>Ἐπεξεργάζεται</span> <span class='ocrx_word' id='word_1_182' title='bbox 610 2930 797 3033; x_wconf 76' lang='grc' dir='ltr'>χρησίμως</span> <span class='ocrx_word' id='word_1_183' title='bbox 822 2927 863 3009; x_wconf 81' lang='grc' dir='ltr'>τὸ</span> <span class='ocrx_word' id='word_1_184' title='bbox 888 2927 1071 3031; x_wconf 75' lang='grc' dir='ltr'>εἰρημένον</span> <span class='ocrx_word' id='word_1_185' title='bbox 1096 2929 1116 3006; x_wconf 86' lang='grc' dir='ltr'><strong>ὁ</strong></span> <span class='ocrx_word' id='word_1_186' title='bbox 1142 2922 1431 3029; x_wconf 80' lang='grc' dir='ltr'>Εὐογγελιστής,</span> 
     </span>
    </p>
   </div>
   <div class='ocr_carea' id='block_1_7' title="bbox 206 3046 1489 4270">
    <p class='ocr_par' dir='ltr' id='par_1_15' title="bbox 206 3046 1489 4270">
     <span class='ocr_line' id='line_1_22' title="bbox 231 3046 1489 3158; baseline -0.002 -30"><span class='ocrx_word' id='word_1_187' title='bbox 231 3053 289 3130; x_wconf 80' lang='grc' dir='ltr'>καῖ</span> <span class='ocrx_word' id='word_1_188' title='bbox 326 3056 374 3134; x_wconf 84' lang='grc' dir='ltr'>εὶς</span> <span class='ocrx_word' id='word_1_189' title='bbox 407 3053 677 3158; x_wconf 83' lang='grc' dir='ltr'>ἐμφανεστέραν</span> <span class='ocrx_word' id='word_1_190' title='bbox 709 3054 789 3154; x_wconf 87' lang='grc' dir='ltr'>ἀγει</span> <span class='ocrx_word' id='word_1_191' title='bbox 822 3050 979 3132; x_wconf 90' lang='grc' dir='ltr'>διάνοιαν</span> <span class='ocrx_word' id='word_1_192' title='bbox 1010 3051 1075 3152; x_wconf 81' lang='grc' dir='ltr'>τὴν</span> <span class='ocrx_word' id='word_1_193' title='bbox 1107 3059 1171 3132; x_wconf 84' lang='grc' dir='ltr'>τοῦ</span> <span class='ocrx_word' id='word_1_194' title='bbox 1205 3046 1434 3152; x_wconf 71' lang='grc' dir='ltr'>θεωρήματος</span> <span class='ocrx_word' id='word_1_195' title='bbox 1449 3087 1489 3127; x_wconf 74' lang='grc' dir='ltr'>ιο</span> 
     </span>
     <span class='ocr_line' id='line_1_23' title="bbox 232 3174 1434 3283; baseline -0.002 -30"><span class='ocrx_word' id='word_1_196' title='bbox 232 3175 393 3273; x_wconf 81' lang='grc' dir='ltr'>δύναμιν·</span> <span class='ocrx_word' id='word_1_197' title='bbox 429 3177 548 3275; x_wconf 80' lang='grc' dir='ltr'>ἐπειδή</span> <span class='ocrx_word' id='word_1_198' title='bbox 576 3177 649 3280; x_wconf 83' lang='grc' dir='ltr'>γὰρ</span> <span class='ocrx_word' id='word_1_199' title='bbox 677 3178 747 3283; x_wconf 81' lang='grc' dir='ltr'>ἔφη</span> <span class='ocrx_word' id='word_1_200' title='bbox 773 3177 894 3280; x_wconf 83' lang='grc' dir='ltr'>σάρκα</span> <span class='ocrx_word' id='word_1_201' title='bbox 918 3180 1134 3277; x_wconf 76' lang='grc' dir='ltr'>γεγενῆσθαι</span> <span class='ocrx_word' id='word_1_202' title='bbox 1159 3174 1222 3255; x_wconf 86' lang='grc' dir='ltr'>τὸν</span> <span class='ocrx_word' id='word_1_203' title='bbox 1248 3182 1310 3254; x_wconf 82' lang='grc' dir='ltr'>τοῦ</span> <span class='ocrx_word' id='word_1_204' title='bbox 1336 3179 1434 3254; x_wconf 85' lang='grc' dir='ltr'>Θεοῦ</span> 
     </span>
     <span class='ocr_line' id='line_1_24' title="bbox 234 3294 1436 3400; baseline -0.002 -22"><span class='ocrx_word' id='word_1_205' title='bbox 234 3296 367 3398; x_wconf 85' lang='grc' dir='ltr'>Λάγον,</span> <span class='ocrx_word' id='word_1_206' title='bbox 395 3300 452 3378; x_wconf 82' lang='grc' dir='ltr'>ἵνα</span> <span class='ocrx_word' id='word_1_207' title='bbox 482 3301 584 3399; x_wconf 85' lang='grc' dir='ltr'>μήτις</span> <span class='ocrx_word' id='word_1_208' title='bbox 612 3305 650 3380; x_wconf 81' lang='grc' dir='ltr'>ἐκ</span> <span class='ocrx_word' id='word_1_209' title='bbox 678 3306 821 3400; x_wconf 80' lang='grc' dir='ltr'>πολλῆς</span> <span class='ocrx_word' id='word_1_210' title='bbox 847 3303 999 3398; x_wconf 84' lang='grc' dir='ltr'>ἀμαθίας</span> <span class='ocrx_word' id='word_1_211' title='bbox 1026 3304 1089 3397; x_wconf 77' lang='grc' dir='ltr'>τῆς</span> <span class='ocrx_word' id='word_1_212' title='bbox 1116 3300 1180 3396; x_wconf 78' lang='grc' dir='ltr'>μέν</span> <span class='ocrx_word' id='word_1_213' title='bbox 1208 3300 1296 3381; x_wconf 90' lang='grc' dir='ltr'>ίδίας</span> <span class='ocrx_word' id='word_1_214' title='bbox 1324 3294 1436 3376; x_wconf 81' lang='grc' dir='ltr'>αὐτὸν</span> 
     </span>
     <span class='ocr_line' id='line_1_25' title="bbox 234 3418 1436 3526; baseline 0.002 -24"><span class='ocrx_word' id='word_1_215' title='bbox 234 3418 414 3515; x_wconf 83' lang='grc' dir='ltr'>ὑπολάβοι</span> <span class='ocrx_word' id='word_1_216' title='bbox 443 3423 589 3526; x_wconf 80' lang='grc' dir='ltr'>φύσεως</span> <span class='ocrx_word' id='word_1_217' title='bbox 616 3426 811 3525; x_wconf 85' lang='grc' dir='ltr'>ἐκδραμεῖν,</span> <span class='ocrx_word' id='word_1_218' title='bbox 840 3427 1148 3521; x_wconf 82' lang='grc' dir='ltr'>μεταπεποιῆσθαι</span> <span class='ocrx_word' id='word_1_219' title='bbox 1177 3420 1215 3501; x_wconf 76' lang='grc' dir='ltr'>δέ</span> <span class='ocrx_word' id='word_1_220' title='bbox 1245 3420 1355 3503; x_wconf 85' lang='grc' dir='ltr'>ὅντως</span> <span class='ocrx_word' id='word_1_221' title='bbox 1385 3424 1436 3504; x_wconf 81' lang='grc' dir='ltr'>εἰς</span> 
     </span>
     <span class='ocr_line' id='line_1_26' title="bbox 233 3542 1436 3648; baseline -0.002 -25"><span class='ocrx_word' id='word_1_222' title='bbox 233 3542 366 3646; x_wconf 89' lang='grc' dir='ltr'>σάρκα,</span> <span class='ocrx_word' id='word_1_223' title='bbox 399 3549 456 3624; x_wconf 82' lang='grc' dir='ltr'>καὶ</span> <span class='ocrx_word' id='word_1_224' title='bbox 493 3553 631 3645; x_wconf 90' lang='grc' dir='ltr'>παθεῖν,</span> <span class='ocrx_word' id='word_1_225' title='bbox 663 3546 750 3648; x_wconf 81' lang='grc' dir='ltr'>ὅπερ</span> <span class='ocrx_word' id='word_1_226' title='bbox 787 3546 832 3647; x_wconf 83' lang='grc' dir='ltr'>ἧν</span> <span class='ocrx_word' id='word_1_227' title='bbox 863 3547 1049 3626; x_wconf 81' lang='grc' dir='ltr'>ἀδύνατον·</span> <span class='ocrx_word' id='word_1_228' title='bbox 1094 3546 1326 3630; x_wconf 87' lang='grc' dir='ltr'>ἀλλοιώσεως</span> <span class='ocrx_word' id='word_1_229' title='bbox 1362 3542 1436 3645; x_wconf 79' lang='grc' dir='ltr'>γὰρ</span> 
     </span>
     <span class='ocr_line' id='line_1_27' title="bbox 234 3668 1489 3775; baseline -0.005 -27"><span class='ocrx_word' id='word_1_230' title='bbox 234 3669 380 3768; x_wconf 85' lang='grc' dir='ltr'>ἀπάσης</span> <span class='ocrx_word' id='word_1_231' title='bbox 407 3674 464 3749; x_wconf 84' lang='grc' dir='ltr'>καὶ</span> <span class='ocrx_word' id='word_1_232' title='bbox 488 3674 693 3768; x_wconf 83' lang='grc' dir='ltr'>μεταβολῆς</span> <span class='ocrx_word' id='word_1_233' title='bbox 717 3675 780 3768; x_wconf 74' lang='grc' dir='ltr'>τῆς</span> <span class='ocrx_word' id='word_1_234' title='bbox 806 3672 861 3775; x_wconf 84' lang='grc' dir='ltr'>ἐφ’</span> <span class='ocrx_word' id='word_1_235' title='bbox 882 3668 1000 3774; x_wconf 84' lang='grc' dir='ltr'>ἕτερόν</span> <span class='ocrx_word' id='word_1_236' title='bbox 1019 3704 1063 3767; x_wconf 91' lang='grc' dir='ltr'>τι,</span> <span class='ocrx_word' id='word_1_237' title='bbox 1082 3668 1174 3749; x_wconf 89' lang='grc' dir='ltr'>κατά</span> <span class='ocrx_word' id='word_1_238' title='bbox 1190 3669 1255 3749; x_wconf 86' lang='grc' dir='ltr'>τὸν</span> <span class='ocrx_word' id='word_1_239' title='bbox 1272 3675 1337 3749; x_wconf 84' lang='grc' dir='ltr'>τοῦ</span> <span class='ocrx_word' id='word_1_240' title='bbox 1357 3674 1436 3751; x_wconf 82' lang='grc' dir='ltr'>πῶς</span> <span class='ocrx_word' id='word_1_241' title='bbox 1451 3697 1489 3758; x_wconf 81' lang='lat'>²5</span> 
     </span>
     <span class='ocr_line' id='line_1_28' title="bbox 235 3790 1437 3901; baseline -0.002 -28"><span class='ocrx_word' id='word_1_242' title='bbox 235 3790 324 3873; x_wconf 83' lang='grc' dir='ltr'>εἶναι</span> <span class='ocrx_word' id='word_1_243' title='bbox 343 3791 468 3894; x_wconf 87' lang='grc' dir='ltr'>λόγον,</span> <span class='ocrx_word' id='word_1_244' title='bbox 488 3792 529 3871; x_wconf 85' lang='grc' dir='ltr'>τὸ</span> <span class='ocrx_word' id='word_1_245' title='bbox 549 3798 644 3873; x_wconf 88' lang='grc' dir='ltr'>θεῖον</span> <span class='ocrx_word' id='word_1_246' title='bbox 663 3791 879 3901; x_wconf 76' lang='grc' dir='ltr'>ἀπῴκισται·</span> <span class='ocrx_word' id='word_1_247' title='bbox 911 3800 1031 3876; x_wconf 81' lang='grc' dir='ltr'>καλῶς</span> <span class='ocrx_word' id='word_1_248' title='bbox 1050 3828 1091 3896; x_wconf 90' lang='grc' dir='ltr'>γε</span> <span class='ocrx_word' id='word_1_249' title='bbox 1111 3794 1259 3897; x_wconf 86' lang='grc' dir='ltr'>σφόδρα</span> <span class='ocrx_word' id='word_1_250' title='bbox 1284 3798 1396 3872; x_wconf 86' lang='grc' dir='ltr'>ποιῶν</span> <span class='ocrx_word' id='word_1_251' title='bbox 1413 3794 1437 3871; x_wconf 78' lang='grc' dir='ltr'>’ὁ</span> 
     </span>
     <span class='ocr_line' id='line_1_29' title="bbox 206 3913 1437 4022; baseline 0.001 -26"><span class='ocrx_word' id='word_1_252' title='bbox 206 3913 408 4016; x_wconf 77' lang='grc' dir='ltr'>οθεολόγος</span> <span class='ocrx_word' id='word_1_253' title='bbox 433 3915 626 4018; x_wconf 84' lang='grc' dir='ltr'>ε’πήνεγκεν</span> <span class='ocrx_word' id='word_1_254' title='bbox 645 3914 757 4013; x_wconf 80' lang='grc' dir='ltr'>εὐθὺς,</span> <span class='ocrx_word' id='word_1_255' title='bbox 778 3917 831 3996; x_wconf 83' lang='grc' dir='ltr'>ὅτι</span> <span class='ocrx_word' id='word_1_256' title='bbox 854 3927 921 3997; x_wconf 74' lang='grc' dir='ltr'>Καὶ</span> <span class='ocrx_word' id='word_1_257' title='bbox 943 3919 1119 4011; x_wconf 79' lang='grc' dir='ltr'>ἐσκήνωσεν</span> <span class='ocrx_word' id='word_1_258' title='bbox 1139 3920 1167 3998; x_wconf 79' lang='grc' dir='ltr'>ἐν</span> <span class='ocrx_word' id='word_1_259' title='bbox 1186 3921 1270 4022; x_wconf 64' lang='grc' dir='ltr'>ἡμῖν,</span> <span class='ocrx_word' id='word_1_260' title='bbox 1288 3918 1346 3997; x_wconf 85' lang='grc' dir='ltr'>ἵνα</span> <span class='ocrx_word' id='word_1_261' title='bbox 1372 3914 1437 3997; x_wconf 83' lang='grc' dir='ltr'>δύο</span> 
     </span>
     <span class='ocr_line' id='line_1_30' title="bbox 236 4036 1437 4148; baseline -0.001 -27"><span class='ocrx_word' id='word_1_262' title='bbox 236 4043 371 4140; x_wconf 85' lang='grc' dir='ltr'>νοήσας</span> <span class='ocrx_word' id='word_1_263' title='bbox 397 4039 443 4120; x_wconf 88' lang='grc' dir='ltr'>τά</span> <span class='ocrx_word' id='word_1_264' title='bbox 470 4039 728 4140; x_wconf 86' lang='grc' dir='ltr'>σημαινόμενα,</span> <span class='ocrx_word' id='word_1_265' title='bbox 754 4039 878 4119; x_wconf 79' lang='grc' dir='ltr'>τόντε</span> <span class='ocrx_word' id='word_1_266' title='bbox 905 4049 1108 4140; x_wconf 83' lang='grc' dir='ltr'>σκηνοῦντα</span> <span class='ocrx_word' id='word_1_267' title='bbox 1135 4046 1192 4121; x_wconf 77' lang='grc' dir='ltr'>καὶ</span> <span class='ocrx_word' id='word_1_268' title='bbox 1221 4040 1263 4122; x_wconf 82' lang='grc' dir='ltr'>τὸ</span> <span class='ocrx_word' id='word_1_269' title='bbox 1291 4043 1329 4121; x_wconf 82' lang='grc' dir='ltr'>ἐν</span> <span class='ocrx_word' id='word_1_270' title='bbox 1357 4036 1386 4148; x_wconf 80' lang='grc' dir='ltr'><strong><em>ᾧ</em></strong></span> <span class='ocrx_word' id='word_1_271' title='bbox 1414 4040 1437 4140; x_wconf 85' lang='grc' dir='ltr'><strong><em>ἡ</em></strong></span> 
     </span>
     <span class='ocr_line' id='line_1_31' title="bbox 236 4162 1435 4270; baseline 0.003 -29"><span class='ocrx_word' id='word_1_272' title='bbox 236 4165 430 4263; x_wconf 85' lang='grc' dir='ltr'>σκήνωσις,</span> <span class='ocrx_word' id='word_1_273' title='bbox 466 4165 515 4262; x_wconf 82' lang='grc' dir='ltr'>μή</span> <span class='ocrx_word' id='word_1_274' title='bbox 553 4170 601 4249; x_wconf 86' lang='grc' dir='ltr'>είς</span> <span class='ocrx_word' id='word_1_275' title='bbox 636 4162 757 4266; x_wconf 86' lang='grc' dir='ltr'>σάρκα</span> <span class='ocrx_word' id='word_1_276' title='bbox 793 4163 1091 4270; x_wconf 84' lang='grc' dir='ltr'>παρατετράφθαι</span> <span class='ocrx_word' id='word_1_277' title='bbox 1126 4166 1277 4270; x_wconf 77' lang='grc' dir='ltr'>νομίσῃς</span> <span class='ocrx_word' id='word_1_278' title='bbox 1313 4162 1435 4263; x_wconf 81' lang='grc' dir='ltr'>αὐτὸν,</span> 
     </span>
    </p>
   </div>
   <div class='ocr_carea' id='block_1_8' title="bbox 275 4373 1437 4446">
    <p class='ocr_par' dir='ltr' id='par_1_16' title="bbox 275 4373 1437 4457">
     <span class='ocr_line' id='line_1_32' title="bbox 275 4373 1437 4446; baseline 0.002 -19"><span class='ocrx_word' id='word_1_279' title='bbox 275 4393 300 4437; x_wconf 88' lang='grc'>4.</span> <span class='ocrx_word' id='word_1_280' title='bbox 319 4374 461 4438; x_wconf 80' lang='grc' dir='ltr'>ὑπολάβοις</span> <span class='ocrx_word' id='word_1_281' title='bbox 475 4373 581 4429; x_wconf 82' lang='grc' dir='ltr'><strong>Β.Ι).Ε.</strong></span> <span class='ocrx_word' id='word_1_282' title='bbox 594 4376 729 4443; x_wconf 71' lang='grc' dir='ltr'>ὑπολάβῃς</span> <span class='ocrx_word' id='word_1_283' title='bbox 741 4373 823 4429; x_wconf 79' lang='lat' dir='ltr'><strong>cord.</strong></span> <span class='ocrx_word' id='word_1_284' title='bbox 838 4373 890 4429; x_wconf 85' lang='lat' dir='ltr'>Ed.</span> <span class='ocrx_word' id='word_1_285' title='bbox 1010 4390 1034 4446; x_wconf 77' lang='lat'>7.</span> <span class='ocrx_word' id='word_1_286' title='bbox 1052 4374 1112 4446; x_wconf 77' lang='grc' dir='ltr'>παρ’</span> <span class='ocrx_word' id='word_1_287' title='bbox 1124 4375 1204 4442; x_wconf 74' lang='grc' dir='ltr'>αὐτήν</span> <span class='ocrx_word' id='word_1_288' title='bbox 1216 4374 1298 4429; x_wconf 85' lang='lat' dir='ltr'>cord.</span> <span class='ocrx_word' id='word_1_289' title='bbox 1313 4373 1365 4430; x_wconf 80' lang='lat' dir='ltr'>Ed.</span> <span class='ocrx_word' id='word_1_290' title='bbox 1376 4375 1437 4446; x_wconf 74' lang='grc' dir='ltr'>παρ’</span> 
     </span>
    </p>
   </div>
   <div class='ocr_carea' id='block_1_9' title="bbox 237 4442 1444 4587">
    <p class='ocr_par' dir='ltr' id='par_1_17' title="bbox 237 4442 1444 4587">
     <span class='ocr_line' id='line_1_33' title="bbox 238 4442 1444 4534; baseline 0.005 -39"><span class='ocrx_word' id='word_1_291' title='bbox 238 4443 317 4522; x_wconf 72' lang='grc' dir='ltr'>αδτσῦ</span> <span class='ocrx_word' id='word_1_292' title='bbox 331 4442 362 4497; x_wconf 87' lang='lat' dir='ltr'>B.</span> <span class='ocrx_word' id='word_1_293' title='bbox 497 4461 522 4514; x_wconf 90' lang='lat'>9.</span> <span class='ocrx_word' id='word_1_294' title='bbox 540 4446 718 4534; x_wconf 77' lang='grc' dir='ltr'>γεγραμμένον</span> <span class='ocrx_word' id='word_1_295' title='bbox 731 4445 764 4500; x_wconf 87' lang='lat' dir='ltr'>B.</span> <span class='ocrx_word' id='word_1_296' title='bbox 776 4445 892 4534; x_wconf 70' lang='grc' dir='ltr'>κείμενον</span> <span class='ocrx_word' id='word_1_297' title='bbox 904 4443 955 4499; x_wconf 79' lang='lat' dir='ltr'>Ed.</span> <span class='ocrx_word' id='word_1_298' title='bbox 1092 4462 1133 4517; x_wconf 84' lang='lat'>15.</span> <span class='ocrx_word' id='word_1_299' title='bbox 1153 4448 1220 4500; x_wconf 85' lang='grc' dir='ltr'>Θεὸν</span> <span class='ocrx_word' id='word_1_300' title='bbox 1232 4446 1320 4515; x_wconf 76' lang='grc' dir='ltr'>ἕτερον</span> <span class='ocrx_word' id='word_1_301' title='bbox 1331 4463 1444 4519; x_wconf 66' lang='grc' dir='ltr'>ιιινιιηινι</span> 
     </span>
     <span class='ocr_line' id='line_1_34' title="bbox 237 4511 1312 4587; baseline 0.005 -23"><span class='ocrx_word' id='word_1_302' title='bbox 237 4511 332 4565; x_wconf 77' lang='grc' dir='ltr'>οτὸιαο</span> <span class='ocrx_word' id='word_1_303' title='bbox 346 4511 378 4566; x_wconf 88' lang='grc' dir='ltr'>Β.</span> <span class='ocrx_word' id='word_1_304' title='bbox 486 4530 528 4581; x_wconf 81' lang='lat'>25.</span> <span class='ocrx_word' id='word_1_305' title='bbox 547 4515 681 4584; x_wconf 80' lang='grc' dir='ltr'>ποσηςΒ.</span> <span class='ocrx_word' id='word_1_306' title='bbox 788 4530 830 4587; x_wconf 79' lang='lat'>27.</span> <span class='ocrx_word' id='word_1_307' title='bbox 852 4536 894 4571; x_wconf 84' lang='grc' dir='ltr'>και</span> <span class='ocrx_word' id='word_1_308' title='bbox 905 4515 1007 4570; x_wconf 78' lang='grc' dir='ltr'>οω..Β.</span> <span class='ocrx_word' id='word_1_309' title='bbox 1116 4515 1159 4571; x_wconf 79' lang='lat'>28.</span> <span class='ocrx_word' id='word_1_310' title='bbox 1178 4517 1267 4586; x_wconf 79' lang='grc' dir='ltr'>νοῆσις</span> <span class='ocrx_word' id='word_1_311' title='bbox 1281 4516 1312 4571; x_wconf 83' lang='grc' dir='ltr'>Β.</span> 
     </span>
    </p>
   </div>
   <div class='ocr_carea' id='block_1_10' title="bbox 0 0 1533 5018">
    <p class='ocr_par' dir='ltr' id='par_1_18' title="bbox 0 0 1533 5018">
     <span class='ocr_line' id='line_1_35' title="bbox 0 0 1533 5018; baseline 0 0"><span class='ocrx_word' id='word_1_312' title='bbox 0 0 1533 5018; x_wconf 95' lang='lat' dir='ltr'> </span> 
     </span>
    </p>
   </div>
  </div>
 </body>
</html>
