3038 5018
114 295 168 359 vii.
181 317 233 384 39.
301 300 360 365 IN
390 301 424 364 S.
449 300 705 366 JOANNEM.
750 300 845 366 LIB.
862 300 904 365 V.
949 300 1051 365 CAP.
1075 300 1123 365 11.
1248 303 1309 364 691

114 467 136 506 “
154 459 307 541 ἀλλον·”
344 466 426 569 περὶ
445 465 483 545 δέ
501 468 610 545 αὐτοῦ
628 466 827 569 γέγραπται
845 474 909 546 τοῦ
926 467 1102 569 μακαρίου
1119 463 1312 544 Ἐλισαίου

114 593 137 630 “
158 588 231 664 Καὶ
249 587 387 689 ἐγένετο
410 592 458 673 ὡς
483 589 649 695 ἔψαλλεν
667 591 688 669 5
707 587 878 696 φύλλων,
897 593 955 671 καὶ
972 589 1111 692 ἐγένετο
1129 589 1182 668 ἐπ’
1203 571 1450 700 αύτὸνΒῆᾞ·

115 716 137 757 ‘⁴
155 716 232 814 χεὶρ
264 714 435 816 Κυρίου.”
478 720 651 816 μαρτυρεῖ
680 711 719 793 δέ
757 719 815 795 καὶ
852 713 959 799 αύτός
990 715 1011 793 5
1045 711 1177 813 Κύριος
1209 711 1311 811 ἡμῶν

114 828 256 932 Ἰησοῦς
287 839 307 915 5
341 836 504 938 Χριστὸς
535 839 586 944 τῷ
618 839 781 944 μακαρίῳ
812 839 956 935 Δαυεὶδ,
984 842 1033 922 ὡς
1060 839 1098 916 ἐν
1128 835 1311 934 Πνεύματι

81 961 289 1039 5λαλοιῖντι
316 960 509 1064 μυστήρια.
565 963 623 1039 καὶ
655 958 782 1041 πολλὰ
814 959 879 1059 μέν
906 960 952 1041 ἀν
981 994 1036 1045 τις
1068 959 1311 1063 ἐπισωρεύσαι

113 1080 242 1187 ῥηιδίως
273 1092 347 1168 τοῖς
375 1085 567 1187 εῖρημένοις
594 1081 640 1163 τά
667 1083 920 1188 παραπλήσια,
950 1085 993 1165 δι’
1022 1080 1073 1166 ὧν
1101 1084 1146 1164 ἀν
1173 1084 1311 1187 γίνοιτο

115 1207 172 1283 καὶ
190 1205 275 1287 λίαν
292 1205 448 1293 εὐκόλως
468 1207 645 1288 δύνασθαι
664 1213 816 1288 κατιδεῖν
829 1214 1211 1315 πνευματοφοροῦντας
1230 1206 1312 1291 τούς

115 1328 249 1429 ἁγίους.
300 1334 339 1410 ἐν
367 1330 404 1411 δέ
432 1338 504 1417 τοῖς
531 1334 624 1411 οὕτω
652 1330 964 1438 προφανεστάτοις
996 1329 1038 1411 τό
1069 1338 1217 1435 μακροῖς
1250 1334 1307 1410 ε’ν-

114 1455 305 1554 τρίβεσθαι
323 1455 447 1557 λόγοις
463 1451 639 1558 περιττόν,
654 1459 703 1539 ὡς
721 1455 842 1551 ἐοικεν,
859 1451 883 1554 ἢ
903 1457 961 1535 καὶ
980 1455 1106 1557 ἑτέρως
1123 1453 1308 1563 φορτικόν.

61 1599 100 1642 ¹0
114 1580 191 1659 πῶς
211 1582 270 1656 οὐκ
294 1572 328 1671 ἧν
348 1581 497 1684 Πνιύμιι,
516 1579 682 1682 ζητητέον
700 1581 868 1682 ἀκριβῶς.
908 1575 1005 1679 οἶμαι
1029 1578 1102 1684 γάρ
1127 1581 1199 1659 δεῖν
1216 1581 1308 1678 ἀλη-

115 1698 228 1778 θεύειν
246 1700 413 1803 ἡγεῖσθαι
431 1701 494 1782 τὸν
512 1700 685 1807 μακάριον
704 1701 995 1805 Εύαγγελιστὴν.

171 1824 317 1904 Ούκοῦν
334 1825 377 1904 τὸ
395 1824 460 1923 μέν
479 1824 589 1912 ὅντως
614 1825 755 1925 ἀληθὲς,
775 1825 881 1910 αὐτὸς
904 1827 925 1905 5
949 1826 1094 1908 πάντων
1111 1826 1200 1930 ’ίδρις
1218 1826 1341 1906 ’ίστωο

115 1946 221 2031 θεός·
265 1945 336 2054 χρὴ
367 1947 440 2052 γάρ
473 1951 515 2029 ού
548 1949 816 2053 περιεργότερον
845 1957 920 2034 τοῖς
950 1949 1037 2055 ύπέρ
1066 1950 1158 2050 ἡμᾶς
1187 1983 1308 2051 προσ·

114 2067 270 2163 βάλλειν
302 2075 527 2172 ἀποτολμᾶν.
581 2073 682 2171 πλὴν
714 2073 804 2154 ὅσον
836 2073 938 2154 ἐστιν
969 2077 1018 2157 ὡς
1053 2076 1091 2154 ἐν
1123 2072 1312 2166 εύσεβέσιν

63 2209 100 2270 15
117 2197 201 2273 ἰδεῖν
219 2204 424 2298 λογισμοῖς,
443 2195 602 2277 τοιοῦτόν
620 2231 655 2276 τι
678 2203 759 2301 περὶ
785 2197 879 2297 ἡμᾶς
897 2195 1109 2297 συμβέβηκε
1127 2196 1310 2297 γενέσθαι.

115 2318 242 2421 γε’γονε
260 2318 332 2425 γάρ
351 2321 395 2427 ἐξ
411 2324 523 2427 ἀρχῆς
541 2323 579 2400 ἐν
597 2322 787 2429 ἀφθαρσίᾳ
808 2326 907 2401 τουτὶ
932 2319 975 2402 τό
1002 2319 1151 2422 λογικὸν
1169 2321 1228 2400 ἐπὶ
1246 2322 1314 2420 γῆς

117 2440 216 2550 ζῷον,
235 2447 457 2525 τουτέστινό
478 2444 677 2548 ἅνθρωπος.
710 2445 822 2525 αἴτιον
842 2443 879 2524 δέ
904 2448 968 2546 τῆς
991 2446 1199 2551 ἀφθαρσίας
1217 2444 1315 2551 αύτῷ

116 2568 173 2644 καὶ
201 2571 265 2665 τῆς
294 2573 342 2652 εῖς
369 2564 520 2648 ἀπασαν
543 2569 673 2672 ἀρετὴν
701 2572 881 2668 διαμονῆς,
905 2567 947 2647 τὸ
975 2569 1187 2648 ἐνοικεῖσθαι
1214 2567 1314 2670 παρὰ

116 2693 212 2769 Θεοῦ
228 2695 378 2790 Πνεῦμα
397 2690 606 2796 διεφαίνετο.
638 2702 661 2739 “
675 2692 879 2798 ἐνεφύσησε
898 2690 969 2795 γὰρ
989 2696 1037 2775 είς
1055 2690 1097 2771 τὸ
1116 2691 1425 2829 πρόσωπονᾰὲθῡ·
1437 2700 1464 2750 ³¹·

63 2829 103 2871 ²0
116 2824 137 2859 “
157 2814 266 2893 αὑτοῦ
283 2812 398 2914 πνοὴν
415 2815 537 2918 (ospes
558 2812 652 2895 καθά
676 2817 888 2917 γέγραπται.
927 2815 1011 2894 ἀλλ’
1032 2814 1077 2922 ἐξ
1092 2813 1232 2915 ἀπάτης
1250 2817 1315 2914 τῆς

116 2935 267 3040 ἀρχαίας
280 2938 410 3036 ἐκείνης
424 2937 628 3022 ἀπονεύσας
646 2943 694 3022 εῖς
713 2938 900 3039 ἁμαρτίαν,
913 2933 988 3017 εἶτα
1007 2935 1099 3017 κατὰ
1116 2936 1237 3042 βραχύ
1256 2934 1315 3017 διά

115 3065 189 3139 τῶν
206 3060 336 3166 ἐφεξῆς
353 3060 499 3162 πολλὴν
518 3067 566 3146 εἱς
584 3069 691 3141 τοῦτο
709 3059 837 3155 λαβὼν
854 3058 921 3161 τὴν
939 3062 1112 3159 ἐπίδοσιν,
1132 3064 1222 3162 ὁμοῦ
1239 3067 1315 3146 τοῖς

116 3183 247 3265 ἄλλοις
279 3187 428 3286 ἀγαθοῖς
459 3188 517 3264 καὶ
545 3184 612 3285 τὴν
639 3193 704 3264 τοῦ
734 3184 943 3284 Πνεύματος
978 3185 1142 3283 ύπομένει
1172 3186 1310 3289 ζημίαν,

116 3306 247 3409 γε’γονί
260 3343 297 3388 τε
317 3311 410 3389 οὕτω
429 3308 558 3389 λοιπὸν
576 3310 644 3414 ούχ
663 3306 732 3389 ύπδ
749 3307 863 3408 μόνην
879 3307 946 3407 τὴν
964 3308 1117 3415 φθορὰν,
1136 3308 1313 3389 ἀλλὰκαὶ

66 3451 104 3514 ²5
116 3430 207 3530 πρὸς
224 3437 350 3511 πᾶσαν
368 3435 514 3516 εὔκολος
531 3434 720 3535 ἁμαρτίαν.
762 3429 880 3531 ἐπειδὴ
900 3431 938 3511 δέ
961 3435 981 3512 5
1001 3431 1149 3513 πάντων
1166 3466 1309 3535 γενεσι·

117 3551 246 3656 ουργῖις
278 3564 300 3600 “
314 3554 710 3661 ἀνακεφαλαιώσασθαι
744 3554 790 3634 τά
822 3551 941 3634 πάντα
973 3559 1010 3635 ἐν
1042 3560 1094 3663 τῷ
1126 3557 1310 3663 Χριστῷ,”
1357 3564 1452 3680 ξφΜ

116 3685 237 3762 καλῶς
255 3712 298 3779 γε
316 3676 463 3784 σφόδρα
480 3685 595 3759 ποιῶν
612 3678 868 3774 ἐβουλεύσατο,
887 3683 946 3758 καὶ
965 3681 1182 3778 ἀνακομίσαι
1198 3676 1312 3759 πάλιν

116 3804 163 3882 είς
180 3800 222 3879 τὸ
242 3803 391 3906 ἀρχαῖον
407 3800 566 3902 ἠθέλησε
591 3801 657 3901 τὴν
675 3810 739 3880 τοῦ
764 3801 955 3903 ἀνθρώπου
979 3803 1104 3906 φύσιν,
1124 3800 1341 3904 ἐπαγγέλ·θ

115 3934 217 4001 λεται
234 3923 324 4020 μετὰ
342 3929 414 4003 τῶν
432 3923 560 4003 ἀλλων
578 3924 767 4004 ἐπιδώσειν
785 3925 885 4007 αὖθις
911 3926 1001 4030 αὐτῇ
1024 3929 1082 4004 καὶ
1101 3923 1142 4003 τὸ
1163 3931 1312 4024 Πνεῦμα

63 4046 157 4133 3οτδ
180 4044 324 4147 Ἀγιον·
373 4048 415 4125 ού
448 4045 519 4150 γὰρ
547 4044 593 4146 ἦν
620 4045 745 4149 ἐτέρως
773 4053 820 4131 είς
848 4044 1048 4145 ἀκλόιοητον
1076 4046 1212 4128 στάσιν
1238 4055 1311 4130 τῶν

1355 806 1472 882 amm

1356 899 1400 948 xii.
1415 896 1456 961 3⁶.

151 4226 177 4274 4.
196 4210 211 4260 ὁ
224 4215 392 4277 assumptum
404 4225 437 4261 ex
452 4207 474 4259 B
488 4224 620 4277 suprascr.
709 4222 736 4278 5.
755 4210 878 4262 λαλοῦντι
893 4206 925 4262 Β.
939 4207 1028 4264 ΗοΙιι.
1041 4213 1149 4271 λαβόντι
1162 4209 1312 4266 emendavit

115 4276 199 4339 Aub„
211 4283 312 4331 testans
325 4295 353 4332 ne
364 4280 489 4343 λοβοῦντι
501 4279 596 4348 legere.
756 4279 782 4332 8,
802 4278 965 4346 ἐντρίβεσθαι
980 4280 1011 4334 Β.
1027 4280 1075 4335 Ηι.
1088 4282 1226 4351 τρίβεσθαι
1239 4280 1310 4336 Aub.

119 4350 159 4402 18.
179 4347 333 4403 ἐνοικείσθαι
351 4347 385 4403 Β.
405 4348 453 4402 Ηῑ.
472 4349 614 4404 ἐνοικισθέν
631 4367 646 4402 e
665 4348 724 4403 Cat.
744 4348 821 4402 Harl.
837 4349 987 4404 emendavit
1001 4351 1074 4405 Aub.
1092 4361 1118 4405 et
1136 4353 1174 4406 sic
1192 4369 1216 4406 c.
1229 4350 1311 4407 Cord.

117 4459 160 4569 a.
172 4443 222 4568 γε]
235 4466 263 4498 τε
275 4461 298 4498 ς.
312 4442 394 4498 Cord.
519 4444 562 4499 28.
579 4443 655 4514 ἤθελε
668 4462 692 4499 c.
706 4443 787 4499 Cord.
844 4432 891 4502 555
905 4444 947 4513 Β.,
959 4444 1006 4499 σεδ
1017 4445 1065 4514 τὴν
1075 4448 1123 4499 τοῦ
1134 4445 1232 4500 retinui
1243 4463 1276 4501 ex
1288 4463 1311 4503 c.

158 4533 172 4569 Γ
192 4556 199 4568 .

667 4617 756 4677 4ου
