3038 5018
258 299 324 364 398
564 302 602 367 Β.
626 302 837 368 CYRILLI
867 302 1153 368 ALEXANDR.
1372 299 1415 364 vi.
1434 318 1463 361 1.

259 462 435 565 Χριστός·
464 465 718 568 τεθεράπευκεν
735 468 926 570 ἄνθρωπον
945 479 966 515 “
981 466 1172 569 τριάκοντα
1197 465 1255 546 καὶ
1278 462 1372 544 ὀκτὼ
1398 462 1463 563 ἐτη

260 595 282 635 “
300 586 428 691 έχοντα
455 590 493 667 ἐν
521 595 567 695 τῇ
596 592 762 697 ἀσθενείᾳ
792 590 932 690 αῦτοῦ,”
959 592 1002 671 οὐ
1032 590 1224 696 φάρμακον
1253 591 1394 686 ἐπιθεὶς,
1417 586 1465 664 οῦ

260 708 475 810 νοσημάτων
511 713 796 815 ἀποκρουστικόν
832 713 1024 814 ἐπινοήσας
1061 709 1240 814 βοήθημα,
1278 708 1379 820 λόγιρ
1422 707 1465 789 δέ

260 839 415 933 μᾶλλον,
448 837 497 920 ὡς
530 836 633 935 Θεὸς,
664 836 812 944 ἐξουσίᾳ
843 843 1057 945 παντουργῷ
1094 841 1154 917 καὶ
1185 840 1376 938 θεοπρεπεῖ
1408 831 1465 940 τῷ

91 986 214 1068 §.Mam
262 956 416 1059 νεύματι·
441 968 463 1006 “
481 961 661 1062 Ἐγερθεὶς
684 959 767 1063 γάρ,
787 963 914 1067 φησὶν,
933 956 1020 1063 ἆρον
1038 960 1081 1041 τὸ
1105 956 1277 1040 κλινίδιόν
1301 991 1383 1054 σου,
1400 959 1497 1036 καὶὸ

90 1071 125 1105 ¹¹'
139 1053 163 1104 ⁶⁸
261 1092 283 1128 “
300 1084 415 1185 ὕπαγε
440 1088 487 1167 είς
512 1081 576 1165 τόν
598 1080 694 1165 οἶκόν
715 1085 816 1165 σου.”
853 1081 972 1184 ἐπειδὴ
997 1082 1036 1165 δέ
1061 1081 1255 1178 σάββατον
1272 1078 1326 1181 ἦν,
1344 1089 1460 1185 χαλε·

258 1204 449 1286 σαίνουσιν
462 1209 609 1306 ἀμαθῶς
623 1212 656 1286 οἱ
671 1207 737 1306 τήν
749 1204 939 1311 παχύτητα
957 1215 1147 1291 νοσοῦντες
1166 1215 1230 1286 τοῦ
1248 1201 1465 1308 γράμματος

228 1329 432 1427 οἸουδαῖοι,
452 1335 485 1409 οί
503 1329 617 1411 πλέον
634 1329 657 1430 ἢ
675 1333 804 1415 ἐκεῖνος
822 1337 899 1414 ταῖς
917 1328 1135 1439 συντρόφοις
1159 1330 1277 1409 αὐτῶν
1294 1327 1465 1428 ἀλογίαις

259 1452 516 1552 συνδεδεμένοι,
536 1459 569 1534 οί
586 1454 733 1535 πάντων
751 1456 840 1553 ὁμοῦ
858 1460 931 1536 τῶν
949 1457 1097 1557 ἀγαθῶν
1114 1453 1250 1556 ἀδρανῆ
1269 1457 1466 1532 νοσοῦντες

258 1577 399 1678 ἀργίαν,
424 1582 458 1657 οί
484 1574 685 1680 παράλυτοι
717 1576 781 1657 τὸν
810 1585 907 1675 νοῦν,
931 1581 991 1658 καὶ
1019 1575 1085 1677 τὴν
1115 1577 1191 1684 ἕξιν
1220 1575 1465 1672 ἐκλελυμένοι,
1484 1609 1517 1647 1·

88 1718 212 1769 naun.
258 1695 350 1800 πρὸς
365 1699 436 1784 ὀῦς
465 1700 509 1779 ἂν
538 1698 681 1787 είκότως
708 1706 765 1782 καὶ
794 1701 938 1802 λέγοιτο
960 1710 983 1749 “
1000 1699 1195 1804 ’[σχῦσατε
1224 1705 1339 1803 χεῖρες
1361 1700 1463 1777 ἀνει-

88 1799 112 1848 ³‘
259 1831 281 1870 “
300 1821 402 1921 μένοι
430 1827 488 1904 καί
515 1821 653 1927 γόνατα
678 1823 995 1926 παραλελυμένα.”«
1040 1820 1301 1928 χαλεπαίνουσι
1326 1818 1376 1917 δέ,
1395 1816 1466 1920 τήν

256 1944 494 2052 ὀφειλομένην
518 1953 570 2055 τῷ
597 1945 779 2055 σαββάτῳ
806 1944 913 2047 τιμὴν
937 1951 1065 2052 χρῆναι
1095 1946 1261 2048 λέγοντες
1288 1948 1347 2024 καὶ
1374 1945 1464 2047 παρ’

257 2071 448 2151 αὐτοῦτοῦ
466 2071 659 2170 νομοθέτου
679 2070 937 2179 φυλάττεσθαι·
966 2067 1260 2173 καταδικάζουσιν
1278 2071 1327 2152 ῶς
1344 2101 1466 2170 παρα-

221 2204 243 2268 d
255 2192 442 2288 βαίνοντας
464 2203 529 2275 τοῦ
547 2200 728 2298 Χριστοῦ,
748 2194 792 2274 τὸ
819 2193 1067 2299 γεγραμμένον
1094 2198 1143 2277 είς
1171 2200 1254 2272 νοῦν
1282 2193 1324 2271 οὐ
1352 2190 1461 2296 δεχό·
1484 2225 1519 2266 κ

87 2341 158 2422 τοῖσι)
257 2351 355 2415 μενοι
374 2328 396 2366 “
409 2316 570 2417 Ἀσεβὴς
599 2319 619 2398 ὁ
648 2317 766 2420 λέγων
781 2324 936 2414 βασιλεῖ
950 2314 1207 2420 Παρανομεῖς.”
1245 2316 1302 2395 ἐπὶ
1322 2312 1466 2401 τούτοις

88 2425 175 2525 ῗίέη
258 2437 404 2546 ἔλεγχοι
441 2442 506 2541 μὲν
538 2438 635 2540 ἦσαν
667 2440 765 2544 παρά
801 2446 866 2520 τοῦ
899 2443 1067 2542 Σωτῆρος
1102 2443 1246 2542 δριμεῖς·
1278 2435 1391 2540 λόγος
1425 2437 1467 2519 δέ
1513 2480 1517 2485 ·

258 2562 500 2667 διεσκευάζετο
518 2565 634 2648 πολύς
656 2597 695 2643 τε
717 2566 775 2643 καὶ
801 2561 946 2667 μακρὸς,
966 2561 1021 2642 ὅτι
1042 2567 1197 2645 τυπικῶς
1216 2569 1289 2669 τοῖς
1307 2563 1463 2666 ἀρχαιο-

256 2686 370 2790 τέροις
401 2687 424 2788 ή
460 2686 552 2768 κατά
583 2687 626 2767 τὸ
654 2685 846 2782 σάββατον
877 2688 988 2790 ἀργία
1020 2685 1282 2786 νενομοθέτητο,
1313 2687 1374 2765 καὶ
1408 2686 1469 2766 ὅτι

86 2822 212 2942 {3}th
229 2910 243 2917 ,Δ
258 2821 280 2860 “
300 2812 433 2917 Κύριός
453 2815 532 2892 ἐστι
559 2820 624 2891 τοῦ
651 2809 845 2906 σαββάτου
873 2812 893 2890 ό
923 2809 995 2894 υἱὸς
1022 2818 1086 2890 τοῦ
1113 2809 1342 2911 ἀνθράπου.”
1374 2812 1518 2890 ἀλλ’·

125 2927 132 2942 ’
160 2925 167 2941 ’
257 2939 290 3015 οί
317 2935 409 3039 πρὸς
435 2934 546 3036 μηδὲν
571 2934 638 3034 μέν
662 2940 736 3013 τῶν
763 2935 910 3035 ἀγαθῶν
933 2933 1130 3032 ἐπιτήδειοι,
1152 2931 1243 3037 πρὸς
1270 2930 1309 3011 δέ
1335 2930 1471 3019 πάσας

257 3058 476 3158 ἑτοιμότατοι
508 3058 728 3162 δυστροπίας
765 3055 1097 3158 καταστασιάζουσι
1130 3065 1194 3136 τοῦ
1227 3055 1471 3142 διδάσκοντος

226 3181 349 3288 οάπερ
376 3184 444 3265 ἔδει
471 3188 606 3284 μαθεῖν,
626 3185 684 3260 καὶ
712 3187 874 3286 φονῶσιν
900 3178 968 3279 ἤδη
996 3177 1086 3259 κατά
1114 3189 1179 3260 τοῦ
1209 3184 1353 3286 σοφοῦν
1380 3183 1468 3261 ἐθέ·

88 3324 149 3401 Pu„
258 3319 397 3404 λοντος,
416 3316 437 3354 ‘⁴
450 3303 601 3409 πονηρὰ,
619 3303 711 3384 κατά
732 3301 774 3384 τό
793 3302 1050 3408 γεγραμμένον,
1068 3306 1146 3385 ἀντὶ
1172 3303 1344 3406 ἀγαθῶν”
1366 3306 1468 3385 ἀπο-

89 3405 175 3506 ῘῘῘΜ
258 3428 413 3514 διδόντες
430 3430 537 3536 αὐτῷ.
1486 3444 1519 3486 ²·

314 3551 417 3635 Μετέι
434 3554 552 3633 τοίνυν
568 3553 679 3632 ταῦτα
697 3550 742 3630 τά
760 3549 993 3654 πεπραγμένα
1011 3586 1048 3630 τε
1072 3552 1129 3630 καὶ
1148 3550 1313 3654 εἰρημένα
1331 3553 1470 3633 ἀπανί-

257 3713 389 3760 σταται
420 3682 493 3757 τῶν
522 3675 787 3778 Ἱεροσολύμων
819 3676 867 3758 ῶς
898 3674 942 3780 ἐξ
972 3671 1130 3776 ἀνάγκης
1161 3677 1182 3754 ό
1218 3673 1367 3778 Κύριος,
1403 3679 1470 3757 καὶ

255 3803 399 3903 ἐπείπερ
428 3798 473 3900 ἦν
501 3798 607 3901 ἐγγῦς
634 3795 676 3877 τὸ
706 3797 837 3902 πάσχα
864 3803 938 3877 τῶν
965 3798 1156 3894 Ἰουδαίων,
1186 3800 1234 3880 ὡς
1266 3798 1398 3898 ὀλίγον
1428 3802 1472 3880 ἐν

255 3932 329 4011 τοῖς
358 3924 488 4032 ἐφεξῆς
515 3920 722 4026 εὑρήσομεν,
741 3922 800 4000 καὶ
825 3920 936 4020 αὐτὴν
961 3920 1149 4001 διέπλευσε
1178 3916 1245 4018 τήν
1262 3917 1469 4030 Τιβεριάδος

294 4251 317 4288 1.
336 4230 531 4303 τεθεράπευιιεν]
545 4232 575 4286 τὸ
588 4231 736 4300 θεραπεύειν
749 4230 782 4285 Β.
855 4247 880 4286 2.
899 4231 993 4300 ἔχοντα
1005 4240 1175 4300 assumptum
1188 4249 1220 4285 ex
1236 4231 1268 4285 Β.
1341 4251 1369 4298 4,
1380 4248 1408 4300 5.
1429 4238 1467 4307 τῷ

256 4314 283 4360 ot
294 4304 378 4376 φησίν
390 4321 444 4358 om.
458 4303 490 4357 B.
619 4302 644 4355 8.
662 4301 748 4371 ἐκείνῳ
762 4301 795 4354 Β.
923 4319 964 4367 14.
984 4300 1019 4356 Et
1030 4302 1235 4371 παραβαίνοντος
1246 4306 1292 4356 τοῦ
1305 4308 1429 4370 Χριστοῦ
1441 4316 1468 4359 et

255 4375 447 4438 ταραβιιίνοντο
458 4375 503 4426 τὸν
515 4373 629 4442 Χριστὸν
641 4371 720 4425 simul
733 4371 839 4426 exhibet
853 4371 888 4425 D,
1014 4390 1024 4424 ι
1028 4388 1053 4440 5.
1074 4374 1103 4426 τὸ
1118 4372 1189 4425 Β.[).
1203 4374 1237 4428 ὧς
1251 4372 1301 4426 Ed.
1353 4374 1392 4430 είς
1404 4379 1469 4431 νοῦν

316 4453 425 4513 *mptum
437 4461 469 4496 ex
480 4443 512 4496 B.
588 4457 628 4511 17.
647 4439 688 4510 δέ]
702 4462 729 4494 τε
741 4441 773 4496 Β.
846 4458 889 4496 20.
908 4445 955 4497 τοῦ
967 4444 1105 4508 σαββάτου
1118 4443 1191 4497 ἐστιν
1203 4443 1309 4498 inverso
1322 4443 1422 4502 ordine
1433 4446 1469 4503 Β.

340 4513 413 4583 ρδένα
427 4513 459 4567 Β.
567 4528 609 4582 23.
629 4512 716 4580 σοφου
731 4511 762 4565 Β.
