3038 5018
222 292 288 354 696
527 294 565 360 B.
590 293 801 359 CYRILLI
831 291 1118 359 ALEXANDR.
1315 289 1370 355 vit
1383 309 1429 376 39.

226 461 285 536 καί
309 457 550 540 ἀναπλάττων
568 466 617 544 εἰς
641 457 759 540 εἰκόνα
783 459 850 559 τὴν
872 461 1009 539 ἑαυτοῦ.
1049 454 1107 537 διά
1135 454 1210 559 γάρ
1239 489 1301 535 τοι
1330 464 1429 535 τοῦτο

228 583 286 660 καί
310 582 331 660 ὁ
351 570 507 667 Παῦλος
524 582 615 687 πρός
639 618 737 666 τινας
761 582 858 685 λε’γει
876 593 897 631 “
911 582 1052 679 Τεκνία,
1070 581 1131 666 οῦς
1155 577 1277 660 πάλιν
1300 581 1426 676 ὠδίνω,

228 714 250 750 “
268 703 371 808 ἄχρις
388 706 430 785 οὗ
448 713 626 814 μορφωθῇ
646 704 808 810 Χριστὸς
826 709 863 785 ἐν
882 703 995 806 ῦμίν.”
1100 752 1102 756 ⁴

284 829 517 932 Αογιζῶμεθα
555 832 685 911 τοίνυν·
731 828 968 935 ἀναλήψομαι
1005 827 1077 932 γὰρ
1112 826 1176 907 τὸν
1210 835 1280 906 τοῦ
1321 824 1432 928 λόγου

227 950 381 1031 σκοπόν·
425 955 463 1032 ἐν
492 952 559 1052 μὲν
586 961 661 1038 τοῖς
695 954 809 1056 ἁγίοις
840 951 1044 1058 προφήταις
1075 951 1274 1058 ἐλλαμψιν
1309 950 1456 1053 ὧσπερς

228 1072 308 1154 τινὰ
344 1078 528 1157 πλουσίαν
563 1079 623 1156 καί
659 1078 850 1183 δᾳδουχίαν
885 1076 1053 1179 γενέσθαι
1092 1083 1157 1155 τοῦ
1197 1075 1429 1174 Πνεύματος,

228 1205 469 1302 παιδαγωγεῖν
498 1202 700 1305 ἰσχύουσαν
728 1206 776 1283 εἰς
808 1199 874 1299 τὴν
901 1208 974 1280 τῶν
1002 1199 1183 1297 ἐσομένων
1216 1199 1433 1302 κατάληψιν

194 1326 287 1402 (1καί
314 1331 386 1404 τῶν
411 1327 658 1426 κεκρυμμένων
683 1323 749 1424 τήν
770 1330 921 1427 γνῶσιν·
962 1327 999 1404 ἐν
1023 1322 1061 1404 δέ
1088 1331 1161 1406 τοῖς
1189 1321 1432 1403 πιστεύουσα

228 1451 276 1529 εἰς
300 1444 469 1549 Χριστόν
487 1449 529 1527 οῦ
556 1446 749 1554 δᾳδουχίαν
773 1449 901 1532 ἁπλῶς
921 1447 987 1548 τὴν
1012 1446 1084 1528 ἀπὸ
1111 1455 1176 1526 τοῦ
1198 1446 1429 1543 Πνεύματος,

228 1570 313 1648 ἀλλ’
333 1568 420 1649 αὐτὸ
446 1579 619 1650 κατοικεῖν
636 1567 679 1651 τδ
706 1576 941 1670 Πνεῦμα,καί
967 1569 1215 1674 ἐναυλίζεσθαι
1242 1569 1427 1674 τεθαροή·
1442 1600 1470 1640 10

229 1726 352 1789 καμεν.
395 1692 477 1773 ὅθεν
509 1692 651 1778 εἰκότως
682 1699 741 1774 καὶ
774 1698 851 1774 ναοί
881 1700 977 1775 Θεοῦ
1009 1693 1288 1800 χρηματίζῑιμεν,
1320 1695 1430 1774 καίτα

228 1822 300 1895 τῶν
333 1817 445 1917 ἁγίων
475 1822 673 1921 προφητῶν
704 1815 845 1901 οὐδενὸς
878 1819 973 1898 θείου
1005 1825 1091 1898 ναοῦ
1126 1816 1431 1921 κεχρηματικότος

228 1939 386 2020 πώποτε.
424 1942 499 2020 ε’πεί
516 1947 594 2024 πῶς
611 1943 721 2020 ἐκεῖνο
739 1939 1004 2048 διαληφόμεθα,
1022 1941 1060 2020 τί
1075 1939 1113 2020 δί
1132 1939 1177 2040 δὴ
1196 1943 1258 2020 καί
1283 1944 1431 2043 ἐροῦμεν

229 2062 316 2143 ὅταν
352 2063 563 2160 ἀκούσωμεν
599 2071 663 2144 τοῦ
702 2068 869 2168 Σωτῆρος
908 2064 1078 2168 λε’γοντος
1121 2065 1223 2164 ἡμῶν
1262 2070 1430 2168 Χριστοῦ

60 2170 183 2287 {W
228 2197 250 2234 “
267 2184 386 2286 Ἀμήν
413 2187 508 2285 ἀμὴν
536 2185 633 2287 λε’γω
661 2190 752 2286 ὑμῖν,
781 2190 846 2268 οῦκ
873 2188 1061 2291 ἐγήγερται
1087 2190 1125 2267 ἐν
1151 2196 1342 2288 γεννητοῖς
1370 2210 1469 2290 γυ-ῐὸ

229 2321 252 2358 “
271 2317 401 2390 ναικιῦν
422 2309 547 2412 μείζων
565 2309 735 2391 Ἰωάννου
760 2319 824 2391 τοῦ
849 2317 1073 2392 Βαπτιοτοῦ·
1104 2314 1124 2391 ὁ
1152 2310 1190 2391 δέ
1218 2310 1432 2414 μικρότερος

199 2444 252 2495 ⁰“
269 2436 307 2514 ἐν
326 2436 370 2539 τῇ
388 2435 560 2540 βασιλείᾳ
579 2440 651 2514 τῶν
670 2435 830 2538 οῦρανῶν
847 2435 974 2539 μείζων
992 2437 1101 2515 αὐτοῦ
1119 2438 1219 2515 ἐστιν
1229 2433 1268 2531 ;”
1300 2438 1363 2515 καί
1381 2435 1433 2518 τίς

230 2557 253 2657 ἡ
283 2558 455 2651 βασιλεία
487 2563 560 2636 τῶν
589 2558 775 2659 οῦρανῶν;
816 2558 839 2656 ἡ
873 2554 976 2641 δόσις
1006 2555 1173 2656 δηλονότι
1204 2566 1274 2637 τοῦ
1303 2560 1435 2661 Ἀγίου

232 2678 442 2778 Πνεύματος
475 2681 550 2760 κατ’
585 2683 695 2761 ἐκεῖνο
732 2681 773 2760 τὸ
810 2681 992 2782 εἰρημένον
1026 2692 1048 2729 “
1063 2682 1114 2762 Ἡ
1147 2682 1327 2776 βασιλεία
1362 2689 1434 2760 τῶν

229 2814 251 2850 “
270 2806 430 2906 οὐρανῶν
461 2802 560 2888 ἐντὸς
598 2807 696 2905 ῦμῶν
729 2804 863 2883 ἐστίν·”
906 2803 1123 2908 ἐναυλίζεται
1159 2804 1233 2907 γὰρ
1270 2806 1362 2904 ἡμῖν
1392 2803 1471 2886 τδιο

229 2932 380 3025 Πνεῦμα
402 2925 460 3007 διὰ
485 2931 549 3027 τῆς
573 2929 739 3012 πίστεως.
782 2930 870 3033 ὁρᾷς
886 2928 949 3007 οῦν
968 2926 1064 3011 ὅπως
1082 2925 1277 3030 προτάττει
1294 2928 1433 3012 παντὸς

229 3059 399 3152 γεννητοῦ
417 3058 593 3153 γυναικῶν
611 3048 675 3131 τὸν
693 3053 731 3130 ἐν
749 3058 794 3154 τῇ
812 3052 987 3156 βασιλείᾳ
1003 3057 1076 3130 τῶν
1093 3052 1267 3153 οῦρανῶν,
1286 3057 1352 3132 καὶ
1371 3061 1434 3132 τοῦ

61 2677 87 2728 S.
98 2677 162 2727 Luc.

60 2744 123 2794 xvii.
136 2756 176 2793 τι.

228 3175 364 3253 τελείου
382 3176 713 3272 μειονεκτούμενον;
734 3179 791 3253 καί
810 3173 860 3273 μή
879 3208 933 3258 τις
952 3174 1082 3254 οἰέσθω
1100 3172 1167 3274 τὴν
1185 3173 1353 3282 δόξαν,ἢ
1372 3182 1433 3277 τῆς

62 3322 178 3380 47η
198 3301 369 3378 αέκείνων
387 3300 515 3398 ἀρετῆς
540 3295 837 3400 κατασμικρύνειν
860 3298 954 3397 ἡμᾶς
977 3303 1049 3376 τῶν
1073 3295 1238 3397 ἁγίων,ἢ
1266 3302 1435 3395 ἀμείνους

230 3418 316 3500 εἰναι
343 3419 460 3523 λε’γειν
478 3424 537 3499 καὶ
561 3419 644 3504 τοῦς
669 3417 955 3504 εύτελεστάτους.
996 3421 1037 3498 ού
1062 3418 1133 3523 γάρ
1157 3417 1267 3500 τοῦτό
1292 3430 1429 3529 φαμεν·
1444 3449 1471 3510 25

230 3544 448 3647 ἀσύγκριτον
467 3541 538 3647 γὰρ
562 3546 627 3641 τῆς
651 3545 791 3623 ἐκείνων
809 3543 992 3628 πολιτείοις
1018 3543 1060 3623 τὸ
1086 3541 1235 3627 κάλλος.
1276 3546 1432 3650 ῦπέρδέ

229 3674 293 3746 τοῦ
312 3667 469 3747 συνιέναι
487 3673 618 3773 σαφιῦς
636 3670 673 3747 ἐν
691 3667 829 3768 ὀλίγοις
849 3667 1156 3770 διερμηνεύσωμεν
1174 3664 1215 3747 τῦ
1240 3669 1348 3770 παρὰ
1371 3678 1433 3751 τοῦ

231 3795 397 3893 Σωτῆρος
434 3792 535 3891 ήμῶν
572 3790 763 3893 εἰρημένον.
819 3788 929 3892 με’γας
966 3788 1011 3890 ἦν
1048 3790 1159 3875 ὄντως
1195 3793 1216 3869 ὁ
1254 3792 1432 3898 μακάριος

231 3913 450 4013 Βαπτιστής,
476 3918 534 3994 καί
563 3912 621 3992 διὰ
647 3911 770 4013 πάσης
798 3914 863 4011 μὲν
891 3915 1017 4016 ἀρετῆς
1045 3914 1352 4016 ἐκπρεπεστατος,
1380 3919 1431 3999 ἐπ’

229 4035 355 4121 αὐτοῦς
380 4035 419 4116 δέ
445 4034 575 4116 λοιπὸν
597 4033 735 4120 ἐλάσας
761 4041 826 4136 τῆς
852 4036 1002 4135 ἐνούσης
1028 4039 1067 4115 ἐν
1092 4036 1175 4136 ἡμῖν
1197 4039 1470 4142 δικαιοσύνηςςο

264 4239 290 4291 3.
308 4221 432 4291 μορμωθῇ
447 4219 480 4274 Β.
534 4218 605 4291 ὑμῖν]
623 4228 652 4285 -1-
666 4221 727 4277 ἀλλ’
739 4223 763 4276 εἰ
774 4225 850 4277 τοῦτο
861 4226 915 4278 πῶς
927 4221 958 4290 ἦν
971 4222 998 4277 ἰν
1009 4224 1064 4278 τοῖς
1074 4221 1240 4293 προφήταις
1254 4223 1433 4283 Aulum

231 4293 307 4347 Harl.
319 4303 346 4347 et
357 4293 394 4346 ita
404 4308 455 4346 ιιι.
468 4290 550 4346 Cord.
660 4310 687 4358 4.
705 4292 861 4362 λογιζόμεθα
873 4310 921 4347 αα.
936 4291 1018 4347 Cord.
1072 4292 1242 4364 ἀναλήψομαι
1253 4312 1279 4348 α
1291 4295 1432 4369 ἀναλήψει·

227 4363 303 4431 paam
315 4362 326 4400 ί
332 4384 357 4400 -
367 4359 549 4432 ἀηλῆφαμαι)
562 4359 595 4416 Β.
607 4359 795 4431 ἀναληψόμεθα
810 4363 898 4417 Holst.
913 4362 965 4417 Ed.
1010 4365 1151 4435 τοῦλόγου
1164 4363 1236 4419 Aub.
1250 4382 1265 4419 e
1278 4364 1346 4421 Cat.
1359 4378 1387 4422 et
1398 4369 1433 4423 itt

461 4484 463 4487 -
648 4465 689 4503 ιο.
708 4449 901 4519 τεθορυήκαμεν
913 4450 998 4504 B.a.c.
1011 4449 1093 4505 Cord.
1106 4449 1301 4519 τιθαρρήκαμεν
1316 4453 1368 4510 Ht.
1383 4453 1432 4511 Ed.

514 4532 558 4574 21.
569 4520 708 4588 προτάττει
721 4518 754 4572 Β.
767 4522 896 4591 πρατάττη
911 4520 959 4576 Ηι.
970 4520 1021 4576 Ed.
1078 4536 1121 4576 22.
1133 4520 1219 4576 τδνΒ.
1232 4522 1284 4579 Ht.
1296 4526 1332 4580 τὸ
1342 4525 1416 4582 Aah.
