3038 5018
74 291 119 355 iii.
137 293 185 356 18.
273 292 329 356 IN
359 293 392 355 S.
417 290 669 356 JOANNEM.
716 291 810 356 ΙιΙΒ.
835 290 882 355 ΙΙ.
928 291 1030 356 ΟΑΡ.
1054 289 1082 356 Ι.
1210 293 1275 357 229

74 455 381 556 ἀνακυκλημάτων
399 454 653 561 στρεφόμενος,
673 459 731 535 καί
751 460 911 556 συγγενῆ
928 490 1006 539 πως
1024 461 1096 539 τοῖς
1114 456 1188 535 ἅνω
1207 452 1274 554 τὴν

74 581 226 682 θεωρίαν
260 579 449 685 εἰσφέρων,
478 584 517 659 ἐκ
550 580 771 685 φιλομαθίας
803 577 993 680 εἰρήσεται.
1042 577 1180 681 ἐθεώρει
1210 575 1275 657 τὸν

76 701 283 803 Νικόδημον
311 704 331 781 ό
360 700 488 807 Σωτὴρ
516 711 588 787 τοῖς
618 692 852 787 Μωυσαίκοῖς
880 701 1111 804 ε’μπεπηγότα
1139 699 1272 800 νόμοις,

75 829 135 905 καὶ
159 831 222 926 τῆς
246 826 311 925 μέν
332 826 564 932 ἀρχαιοτέρας
589 827 703 934 ἀπρὶξ
725 827 894 932 ἐχόμενον
914 829 1071 925 ἐντολῆς,
1091 827 1271 932 ἀποφρίτ·

42 973 186 1031 5τοντα
216 951 258 1031 δέ
286 986 362 1035 πως
395 951 486 1054 πρὸς
517 951 584 1051 τὴν
614 951 673 1030 διὰ
704 949 912 1048 Πνεύματος
942 949 1189 1052 ἀναγέννησιν,
1216 952 1276 1030 καί

76 1073 168 1175 πρὸς
207 1073 274 1174 τὴν
311 1073 393 1153 νέαν
429 1078 488 1154 καὶ
526 1054 760 1177 εύαγγελικὴν
796 1082 1036 1154 κατοκνοῦντα
1073 1072 1272 1170 πολιτείαν,

77 1197 251 1298 οἰηθέντα,
273 1195 365 1278 κατά
390 1198 431 1277 τὸ
457 1198 557 1294 εἰκὸς,
581 1196 845 1302 φορτικωτέραν
868 1198 1017 1278 ἔσεσθαι
1042 1197 1177 1297 ταύτην
1202 1203 1275 1276 τῶν

77 1320 144 1421 ἤδη
171 1322 466 1424 διατεταγμένων.
508 1323 571 1401 ούκ
596 1320 778 1424 ἀγνοήσας
804 1329 1002 1425 τοιγαρόῦν,
1022 1324 1070 1404 ὡς
1089 1319 1193 1418 Θεὸς,
1211 1318 1308 1400 τδνὶ)

77 1444 121 1551 ἐξ
136 1447 290 1542 ἀμαθίας
309 1443 626 1545 έπεισπηδήσαντα
646 1443 775 1550 φόβον,
793 1449 843 1526 ένί
863 1453 919 1524 καὶ
943 1447 1114 1552 ἀποτόμῳ
1134 1442 1275 1549 χρησό-

23 1606 63 1646 10
76 1603 182 1666 μενος
207 1575 387 1677 λογισμῷ,
409 1574 481 1648 τιῦν
504 1571 561 1648 ἐπὶ
586 1568 701 1676 τούτῳ
729 1567 895 1671 θορύβων
917 1572 1105 1671 ἐλευθεροῖ,
1127 1574 1185 1649 καὶ
1208 1566 1276 1668 τὴν

76 1691 142 1790 μέν
161 1689 219 1771 διοί
239 1693 428 1776 Μωυσέως
453 1691 614 1792 ἐντολὴν,
634 1691 691 1771 διά
715 1701 779 1773 τοῦ
804 1692 1023 1794 κατακρίνειν
1039 1691 1103 1772 τὸν
1121 1692 1273 1791 κόσμον,

77 1815 371 1921 δυσαχθεστέραν
393 1816 508 1915 οὖσαν
531 1815 743 1913 ἐπιδεικνύει,
767 1815 982 1921 ἡμερότητος
1007 1814 1046 1895 δέ
1070 1815 1276 1920 βραβευτὴν

17 1958 22 1963 ’
77 1938 203 2019 ἑαυτὸν
220 1940 376 2047 εἰσφέρει
402 1939 520 2042 λέγων
538 1946 592 2021 Ού
618 1938 686 2045 γάρ
711 1942 907 2022 ἀπέστειλεν
925 1951 939 2022 o‘
960 1939 1045 2027 Θείε
1070 1942 1122 2022 τίιι
1140 1944 1212 2023 Tib»
1231 1949 1276 2028 εἰς
1335 1938 1337 1942 ’

77 2063 130 2142 τόν
156 2065 279 2168 κόσμον
298 2063 354 2143 ’ίνοι
383 2073 466 2179 κρίνῃ
494 2064 546 2144 τόν
577 2065 697 2169 κόσμον
724 2069 808 2142 ἀλλ’
838 2063 894 2143 ’ίνοι
920 2063 1006 2175 σωθῇ
1033 2071 1047 2143 ἰ
1078 2074 1205 2171 κόσμος
1234 2061 1274 2145 δι’

27 2189 188 2271 Ι5αύτοῦ.

1287 2346 1305 2389 ο

72 2471 115 2537 ‘0
143 2475 304 2557 πιστεύων
331 2473 378 2541 εἰς
405 2477 461 2542 τόν
485 2473 561 2544 Υἰὸν
587 2475 624 2541 οὐ
653 2475 804 2565 κρίνεται·
842 2476 859 2544 ὁ
887 2475 923 2541 δὲ
949 2476 993 2553 μιί
1022 2478 1181 2543 πιστεύων
1210 2474 1272 2541 ιίδιι
1290 2482 1326 2539 ι8

129 2612 282 2700 κέκριται,
311 2616 360 2680 ὅτι
391 2615 434 2690 μιί
468 2614 679 2681 πεπίστευκεν
712 2611 758 2680 εἶα
789 2614 826 2682 τὸ
858 2615 961 2692 ὄνομα
993 2619 1049 2680 τοῦ
1078 2619 1274 2691 μονοτενοῦσ

128 2746 204 2815 Υῑοῡ
233 2755 289 2814 τοῦ
318 2749 413 2816 Θεοῦ.

135 2937 432 3046 Πληροφορήσας
454 2938 512 3018 διά
529 2938 763 3041 πραγμάτων,
784 2940 838 3020 ὅτι
856 2944 915 3020 καί
933 2938 1021 3024 Υἱὸς
1044 2937 1193 3045 ύποίρχει
1212 2949 1276 3021 τοῦ

25 3095 63 3135 ιο
78 3065 175 3140 Θεοῦ
202 3066 260 3140 καί
290 3060 445 3163 Πατρός,
475 3066 532 3142 καί
560 3067 623 3162 τῆς
653 3065 842 3146 Μωυσέως
870 3065 1046 3147 διακονίας
1073 3066 1274 3170 ἀξιολογω·

76 3182 183 3286 τέραν
201 3184 358 3290 εἰσφέρει
384 3191 436 3291 τῷ
461 3183 588 3292 κόσμῳ
614 3183 679 3285 τὴν
697 3185 814 3291 χάριν·
845 3192 922 3269 πῶς
946 3187 1018 3290 γὰρ
1042 3191 1105 3267 ούκ
1131 3188 1275 3286 ἀμεινον

76 3316 141 3385 τοῦ
159 3310 433 3412 κατακρίνεσθαι
455 3309 550 3416 νόμιρ
569 3307 611 3388 τὸ
631 3312 853 3388 δικαιοῦσθαι
872 3308 1014 3415 χάριτι;
1040 3311 1175 3415 τρόπον
1192 3311 1276 3410 ἡμῖν

77 3431 197 3534 ἕτερον
214 3432 418 3534 ἐπενόησεν,
432 3436 480 3516 ὡς
499 3432 602 3528 Θεὸς,
621 3438 669 3516 εἰς
688 3433 812 3513 πίστιν
830 3432 1031 3536 ἐπαγωγὸν,
1049 3433 1276 3541 παντάχοθεν

77 3554 160 3638 τοῦς
178 3555 417 3639 ἀπολωλότας
435 3554 666 3636 συνελαύνων
684 3560 732 3640 εἰς
751 3558 944 3660 σωτηρίαν.
983 3559 1178 3661 προτίθησι
1196 3561 1268 3639 τοί·
1286 3573 1309 3637 d

25 3711 64 3771 25
79 3713 143 3757 νυν
160 3685 211 3785 τῷ
229 3678 294 3778 μέν
312 3680 516 3760 πιστεύοντι
535 3679 642 3782 γέρας
666 3679 709 3759 τὸ
735 3679 784 3779 μὴ
810 3687 999 3761 καλεῖσθαι
1024 3682 1114 3785 πρός
1140 3685 1274 3785 κρίσιν,

77 3806 130 3909 τῷ
155 3803 188 3879 δ’
207 3804 408 3882 ἀπειθοῦντι
432 3801 598 3899 κόλασιν,
616 3809 664 3886 εἰς
682 3803 747 3901 τὴν
767 3803 876 3903 αὐτὴν
896 3808 954 3884 καί
972 3806 1059 3903 μίαν
1077 3807 1119 3886 δι’
1140 3809 1276 3912 ἀμφοῖν

77 3924 266 4029 ἀναφέρων
284 3923 380 4022 ὁδὸν,
399 3929 456 4006 καί
474 3925 556 4010 τοὺς
573 3927 639 4025 μέν
657 3926 776 4034 ἐφέσει
799 3929 845 4032 τῇ
869 3930 950 4030 περὶ
973 3927 1041 4027 τὴν
1059 3928 1175 4033 χάριν,
1193 3928 1276 4014 τοῦς

77 4046 115 4126 δέ
153 4048 259 4157 φόβῳ
296 4056 359 4129 τοῦ
395 4054 533 4148 παθεῖν,
565 4053 622 4130 ε’πί
659 4056 710 4158 τῷ
743 4050 925 4132 πιστεύειν
963 4050 1047 4130 ἰέναι
1084 4053 1276 4154 προθύμως

77 4179 285 4274 συγκαλῶν·
326 4170 488 4280 χαλεπὸν
514 4174 551 4254 δέ
578 4177 637 4255 καί
664 4176 757 4277 μέγα
784 4179 848 4275 τῆς
872 4175 1039 4259 ἀπιστίας
1065 4176 1208 4254 δεικνύει
1233 4177 1274 4256 τὸ

118 4400 158 4452 19.
176 4347 309 4453 ύῆμιεωι
323 4385 355 4438 Β.
404 4384 559 4453 μάργοις.
574 4385 640 4455 οπερ
660 4385 748 4440 οισι.
825 4384 867 4440 2⁶.
885 4385 913 4439 ιι
927 4383 1009 4440 cord.
1024 4385 1141 4440 emmer.
1180 4385 1273 4440 statim

76 4454 210 4508 ἀπιθοῦντι
224 4455 303 4508 Cord.
376 4470 418 4525 27.
436 4454 573 4525 ἀναφέρων
586 4456 618 4510 B.
673 4456 714 4512 td.
729 4456 774 4512 Cr.
788 4455 885 4511 ὁδεύων
895 4455 946 4510 Ed.
1023 4458 1066 4512 28.
1087 4459 1116 4510 τὸ
1130 4455 1213 4511 Cord.
1227 4455 1274 4511 Cr.

77 4523 215 4593 προθύμως
229 4524 258 4578 Β.
274 4524 355 4580 Cord.
369 4524 414 4580 Cr.
426 4525 595 4596 μακροθύμως
608 4526 659 4582 Ed.
