3038 5018
368 283 425 349 IN
455 285 489 348 S.
513 285 534 348 J
539 283 765 350 OANNEM.
812 285 905 349 LIB.
930 287 957 351 1.
1220 290 1259 353 15

59 448 280 541 διαβολικῶν
309 456 411 552 χεῖρα
438 447 633 549 προτείνειν
660 446 853 550 σωτήριον.
897 448 1110 549 ε’ταλγῆσας
1140 448 1259 528 τοίνυν

59 575 133 652 τοῖς
164 571 381 651 ἀπολώλασι
409 575 468 650 καὶ
497 569 561 650 τὸν
590 578 674 650 νοῦν
704 569 1003 676 κατεφθαρμένοις
1035 574 1054 650 ὁ
1086 570 1257 672 μαθητὴς,

60 689 151 771 εἷναί
173 727 211 772 τε
238 695 367 792 ὁμοίως
385 695 513 792 οἰηθεὶς
535 693 767 774 ἀτοπώτατον
786 690 828 772 τὸ
846 696 1020 794 μηδεμίαν
1038 701 1110 773 τῶν
1129 694 1294 800 ἐφεξῆςο

60 817 121 894 καὶ
139 818 215 913 μετ’
235 816 385 900 ἐκείνους
402 817 582 916 ἐσομένων
600 816 826 916 ποιήσασθαι
844 815 1024 919 πρόνοιαν,
1037 819 1094 896 ἐπὶ
1111 815 1177 910 τὴν
1195 826 1259 897 τοῦ

29 965 48 1026 5
60 940 210 1033 βιβλίου
234 938 350 1043 τρέχει
374 936 608 1044 συγγραφήν·
639 941 698 1018 καὶ
722 936 768 1017 τὰ
791 937 867 1036 μὲν,
886 937 1025 1041 ὅσαπερ
1049 937 1093 1039 ἧν
1116 943 1255 1042 ἀνθρα-

61 1059 257 1164 πιναίτερον
293 1068 410 1158 εἰπεῖν,
447 1067 673 1164 γενεαλογεῖν
711 1059 756 1140 τὰ
792 1066 877 1164 περὶ
912 1063 975 1158 τῆς
1012 1061 1103 1141 κατὰ
1140 1061 1261 1165 σάρκα

62 1188 209 1284 νομικῆς
231 1217 270 1263 τε
295 1187 355 1264 καὶ
378 1189 535 1289 φυσικῆς
560 1191 634 1268 τοῖς
656 1182 787 1285 ἑτέροις
813 1183 1020 1290 ἐξηγεῖσθαι
1038 1186 1261 1288 πλατύτερον

61 1307 338 1411 συγκεχώρηκεν
369 1308 652 1409 εὐαγγελισταῖς·
698 1311 837 1409 θερρῶς
869 1305 906 1386 δὲ
943 1307 1027 1386 λίαν
1060 1307 1166 1391 αὐτὸς
1202 1311 1261 1388 καὶ

61 1427 210 1535 σφόδρα
236 1435 402 1513 νεανικῶς
425 1437 503 1513 ταῖς
527 1434 600 1508 τῶν
618 1431 731 1508 ἐκεῖνα
753 1429 1050 1532 παρεισαγόντων
1068 1430 1260 1536 φλυαρίαις

13 1588 51 1631 ια
62 1550 251 1632 ἐνάλλεται
268 1551 399 1653 λέγων·

97 1754 124 1809 6.
141 1753 314 1823 τὰ-υομικῆς
324 1750 365 1824 τε]
379 1755 546 1822 τε-νορικῆς
557 1753 601 1823 (τα
612 1753 640 1808 in
652 1774 680 1808 τε
691 1763 805 1818 mutato,
817 1775 845 1808 τε
856 1753 900 1809 hio
912 1754 1024 1824 omisso)
1039 1754 1070 1810 B.
1164 1770 1188 1828 7.
1207 1757 1260 1828 φυ·

64 1822 150 1897 σικῆς]
163 1822 250 1879 Addit
261 1822 404 1896 γεννήσεως
416 1822 517 1894 Migne.
