3038 5018
321 295 386 358 654
627 298 664 362 B.
689 297 899 362 01111111
929 280 1218 363 1111111111.
1418 295 1504 361 τοι

322 464 436 555 Υίοῦς
466 459 607 561 ἢποῖος
624 463 694 565 ἄρα
722 470 802 546 νοῦς
827 464 891 543 ούκ
916 462 1085 560 ἀτονήσει
1109 462 1200 565 πρὸς
1222 469 1360 557 τοῦτο;
1397 459 1457 539 ὅτι

323 582 395 687 γὰρ
422 584 593 686 ἐγεννήθη
620 583 720 687 παρὰ
748 591 845 666 Θεοῦ
873 588 931 665 καὶ
962 587 1108 687 Πατρός
1136 586 1243 686 ’ίσμεν
1266 619 1309 666 τε
1337 586 1404 664 καὶ
1432 617 1517 665 πεπι

322 706 532 807 στεύκαμεν·
567 709 610 788 τὸ
638 708 676 788 δὲ
702 716 790 806 πῶς,
816 709 954 802 ἄβατον
980 707 1071 790 εἷναί
1097 717 1217 817 φαμεν
1243 710 1358 790 παντὶ
1389 714 1455 815 νῷ,

152 831 247 956 Ἠ·
321 831 612 937 σφαλερωτάτην
644 833 714 937 ἔχει
747 832 813 932 τὴν
844 832 1022 928 βάσανον.
1071 839 1126 914 δεῖ
1153 833 1226 935 γὰρ
1256 831 1454 934 βαθύτερα

322 953 445 1057 ζητεῖν,
460 957 550 1056 μηδέ
568 955 741 1063 ἐξετάζειν
759 957 805 1036 τὰ
823 956 1068 1061 χαλεπώτεροι,
1084 962 1304 1036 διανοεῖσθαι
1322 953 1375 1036 δέ’
1501 1003 1505 1023 ·

153 1094 219 1151 447
228 1095 268 1148 A.
289 1076 346 1158 νῦ
369 1080 680 1182 προστετοίγμεθα,
700 1083 759 1159 καὶ
782 1079 964 1161 πιστεύειν
985 1080 1051 1178 μέν
1072 1081 1114 1160 ού
1139 1080 1427 1178 σεσαλευμένως
1509 1122 1514 1147 ·

152 1190 219 1311 {⁰³
233 1196 268 1245 ¹³·
322 1208 419 1283 Θεοῦ
438 1213 460 1251 “
474 1203 528 1285 ότι
546 1238 585 1285 τε
606 1204 686 1283 ἔστι
704 1204 779 1283 κατ’
801 1202 972 1304 ἀλήθειαν
991 1208 1050 1283 καὶ
1072 1212 1147 1288 τοῖς
1170 1204 1362 1307 έκζητοῦσι
1389 1209 1511 1301 μισθα

322 1336 344 1373 “
362 1324 518 1428 ποδότης
536 1326 701 1429 γίνεται·”
741 1326 854 1428 ζητεῖν
873 1326 911 1407 δὲ
929 1328 1053 1426 οὐκέτι,
1073 1326 1164 1407 κατὰ
1188 1325 1232 1406 τὸ
1257 1325 1518 1430 γεγραμμένον

321 1448 366 1529 τὰ
386 1451 473 1553 ῦπέρ
491 1460 575 1531 νοῦν
594 1456 651 1531 καὶ
677 1451 867 1558 φρόνησιν,
886 1453 928 1532 οῦ
952 1449 1064 1551 μόνον
1082 1451 1149 1551 τὴν
1167 1453 1205 1530 ἐν
1224 1451 1318 1551 ἡμῖν,
1338 1450 1449 1530 ἀλλὰ
1505 1496 1519 1517 ι·

320 1574 386 1673 τὴν
409 1577 446 1654 ἐν
472 1574 541 1680 ὅλη
569 1581 614 1681 τῇ
640 1573 807 1676 κτίσει,ἢ
834 1580 891 1655 καὶ
918 1579 957 1655 έν
978 1579 1087 1657 παντὶ
1115 1575 1343 1682 πεποιημένῳ
1376 1579 1518 1682 λογικῷ

321 1698 373 1782 τίς
409 1700 471 1777 οῦν
504 1701 574 1801 ἄρα
611 1706 675 1778 τοῦ
711 1704 941 1800 Μονογενοῦς
974 1709 995 1746 “
1014 1697 1080 1796 τὴν
1114 1695 1240 1799 γενεὰν
1273 1697 1504 1804 ἐξηγήσεται

322 1834 343 1870 “
362 1821 496 1923 αἴρεται
523 1820 593 1926 γὰρ
619 1821 691 1902 ἀπὸ
719 1826 782 1921 τῆς
806 1826 874 1922 γῆς
900 1823 923 1921 ἡ
949 1821 1019 1925 ζωὴ
1045 1821 1186 1919 αῦτοῦ,”
1204 1822 1411 1921 τουτέστιν,
1430 1825 1511 1929 ῦφη

321 1946 466 2049 λότερος
481 1948 650 2027 ἁπάντων
663 1953 736 2025 τῶν
749 1945 863 2026 ὄντων
876 1948 935 2026 ἐπὶ
954 1951 1017 2045 τῆς
1035 1950 1102 2048 γῆς
1121 1949 1235 2048 όπερὶ
1252 1950 1318 2046 τῆς
1338 1946 1442 2050 ὑπάρ
1493 1994 1516 2016 ο

283 2071 428 2150 οαῦτοῦ
453 2072 616 2177 φαίνεται
640 2069 762 2172 λόγος.
803 2069 895 2172 ζωὴν
913 2068 985 2173 γὰρ
1003 2068 1116 2150 πάλιν
1134 2068 1257 2150 ε’νθοίδε
1281 2068 1351 2169 τὴν
1372 2069 1504 2177 ῦπαρξ

321 2194 430 2297 λέγει.

376 2326 496 2400 Τοῦτο
523 2317 586 2398 τὸν
613 2318 789 2397 ἀσύνετον
816 2324 888 2398 τῶν
909 2319 1092 2398 Ἰουδαίων
1119 2316 1313 2423 ἀπέσφηλε
1346 2326 1450 2415 νοῦν,
1475 2353 1519 2398 κν

321 2441 598 2542 ἀπεβουκόλησέ
624 2477 700 2526 πως
728 2446 792 2541 τῆς
821 2445 980 2542 ἀληθοῦς
1011 2444 1067 2522 ἐπὶ
1094 2445 1247 2547 Χριστῷ
1274 2441 1517 2542 διαγνώσεως

319 2569 360 2646 οῦ
388 2566 459 2669 γὰρ
487 2565 688 2665 ἐνενόησαν,
715 2568 763 2649 ὡς
791 2563 891 2663 εἰκός,
918 2566 973 2646 ὅτι
1001 2569 1151 2649 διπλοῦς
1177 2562 1277 2667 παρὰ
1304 2570 1385 2648 τοῖς
1412 2566 1514 2669 ἁγίοι

319 2689 522 2795 προφήταις
544 2691 564 2768 ὁ
589 2691 669 2790 περὶ
695 2690 805 2769 αὐτοῦ
830 2686 940 2791 λόγος
965 2689 1175 2790 εὑρίσκεται.
1213 2686 1272 2767 ὅτε
1290 2685 1361 2787 μέν
1380 2687 1459 2795 γὰρ

318 2812 495 2915 παρέστω
523 2811 613 2911 μετὰ
640 2811 776 2915 σαρκὸς
806 2815 844 2891 ἐν
872 2818 962 2918 τῷδε
990 2819 1042 2918 τῷ
1070 2812 1140 2920 βίῳ
1170 2812 1406 2912 σημαίνουσι,
1438 2848 1519 2893 κατ

318 2937 439 3040 σάρκα
458 2936 617 3044 φανερὰν
636 2937 744 3015 αὐτοῦ
763 2941 965 3016 καθιστῶσι
982 2933 1048 3036 τὴν
1066 2938 1105 3015 ἐκ
1130 2935 1309 3039 παρθένου
1338 2936 1517 3037 γέννησιν

150 3051 191 3099 Rs.
200 3051 243 3099 vii.
320 3072 341 3108 ιι

153 3130 191 3178 14.

150 3182 212 3232 Mic.
222 3198 246 3233 v.

152 3261 176 3297 2.

358 3058 452 3141 Ἰδοῦ
479 3059 551 3164 γὰρ
580 3061 601 3160 ἡ
629 3060 804 3162 παρθένος
832 3062 869 3138 ἐν
894 3063 1027 3162 γαστρὶ
1056 3060 1136 3166 ἕξει,
1160 3062 1218 3140 καὶ
1248 3059 1388 3165 τέξεται
1419 3060 1512 3142 υἱόν.

319 3184 420 3264 ἀλλὰ
457 3189 514 3266 καὶ
548 3183 631 3264 ὅποι
665 3181 882 3287 τεχθήσεται
914 3184 1130 3287 κηρύττουσι
1162 3189 1294 3288 σαφῶς
1322 3191 1347 3229 “
1370 3187 1450 3263 Καὶ
1490 3228 1498 3254 o

289 3321 342 3378 0“
360 3309 431 3411 γὰρ
451 3309 618 3411 Βηθλεὲμ
636 3305 731 3393 οἶκος
749 3316 814 3387 τοῦ
833 3306 1012 3413 Ἐφραθθ,
1033 3305 1227 3409 ὀλιγοστὸς
1246 3302 1279 3385 εἶ
1293 3313 1361 3385 τοῦ
1380 3301 1477 3386 εἶναι
1495 3309 1514 3386 ε’

321 3444 342 3479 ‘4
451 3431 462 3456 t
552 3432 560 3459 ν
616 3431 625 3459 ι
675 3459 682 3475 ⁸
735 3434 743 3458 ι
853 3439 869 3456 a
1005 3435 1013 3458 ν
1110 3431 1118 3455 ι
1306 3437 1322 3454 n
1375 3425 1391 3460 ἲ
1503 3436 1512 3460 ι

361 3441 524 3536 χιλιασιν
565 3436 671 3510 Ιονδα
725 3466 764 3510 εκ
798 3465 870 3511 σου
902 3466 964 3529 μοι
995 3431 1222 3538 εξελευσεται
1259 3463 1323 3509 του
1357 3463 1453 3510 ειναι
1483 3466 1514 3510 ει

320 3565 341 3601 “
360 3554 519 3659 ἄρχοντα
545 3557 583 3632 ἐν
610 3560 661 3661 τῷ
688 3554 855 3657 Ἰσραὴλ,
884 3558 941 3634 καὶ
970 3555 1087 3661 ἔξοδοι
1116 3555 1225 3633 αὐτοῦ
1253 3554 1312 3632 ἀπ’
1339 3556 1463 3658 ἀρχῆς
1491 3560 1519 3636 ε’.

359 3751 381 3789 1.
402 3735 448 3789 οῦκ
465 3732 586 3802 ἆτονησει
606 3731 697 3803 Heyse
714 3749 747 3784 ex
766 3730 799 3785 B.
820 3733 866 3802 qui
884 3733 1045 3787 οῦκατονίσει
1063 3731 1178 3786 exhibet.
1197 3731 1228 3785 οῦ
1246 3728 1400 3798 κατοκνησει
1423 3732 1480 3789 Ed.
1506 3760 1509 3763 ⁴

322 3803 411 3859 Holst.
504 3821 528 3876 7.
547 3804 576 3858 τέ
590 3803 621 3857 Β.
634 3802 666 3874 γε’
678 3802 729 3855 Ed.
779 3802 916 3871 ἐκζητοῦσι
928 3802 1009 3857 edidi.
1022 3805 1174 3874 εγζητοῦσιν
1188 3801 1220 3856 B.
1232 3801 1272 3855 ἀεὶ
1284 3803 1393 3870 ζητοῦσι
1410 3803 1466 3858 Ht.
1491 3812 1516 3849 ἰ

323 3890 364 3944 13.
384 3875 469 3943 δπερὶ
481 3893 506 3929 a.
519 3875 582 3943 ὅπερ
597 3873 629 3928 Β.
642 3874 706 3941 ὑπὲρ
720 3871 772 3926 Ed.
857 3890 898 3940 14.
917 3875 1037 3944 φανεῖται
1050 3891 1074 3927 a.
1121 3874 1202 3927 πόλει
1216 3871 1249 3926 Β.
1261 3872 1515 3948 πάλιναΑιὼ.η

319 3944 406 4000 eCat.
420 3955 451 3999 ut
463 3945 516 3998 vid.
529 3944 689 3999 emendavit.
808 3956 849 4014 17.
867 3944 1066 4013 ἂπεβονκόλησε
1080 3942 1113 3997 Β.
1125 3943 1294 3997 ἀπεκὼλουσε
1308 3940 1373 4012 (sic)
1389 3943 1445 3999 Ht.
1457 3964 1518 4001 um.

318 4015 470 4069 ἀπεκώλνσι
485 4016 535 4069 Ed.
651 4015 692 4067 18.
713 4013 851 4082 ι’νενόησαν
862 4032 911 4069 a.c.
927 4014 1009 4069 Cord.
1023 4015 1167 4083 ἐπενόησαν
1180 4013 1202 4066 Β
1215 4030 1247 4066 ex
1261 4029 1329 4065 corr.
1343 4013 1465 4080 ε’νόησαν
1489 4023 1496 4038 '
1510 4041 1515 4061 ·

322 4102 363 4155 19.
381 4084 525 4155 εὑρίσκεται
538 4086 569 4138 Β.
581 4083 651 4138 Catt.
665 4084 800 4152 εὑρίσκετο
814 4084 865 4139 Ed.
904 4087 1000 4140 Statim
1013 4084 1057 4139 ὅτε
1067 4095 1138 4138 recte
1152 4083 1203 4137 Ed.
1216 4084 1261 4150 δτη
1275 4082 1306 4136 Β.
1320 4082 1414 4206 ἔτιὸεἰ
1429 4086 1517 4142 Cord.

318 4157 426 4225 μὲνγὰρ
439 4155 565 4222 παρέσται
578 4173 601 4208 c.
615 4154 697 4207 Cord.
711 4172 796 4223 pauca
808 4173 863 4208 om.
877 4174 900 4209 a.
991 4172 1034 4209 20.
1053 4155 1121 4227 τῷδε
1134 4164 1304 4223 assumptum
1317 4170 1351 4206 ex
1394 4172 1431 4210 .c.
1447 4157 1491 4212 Co
1511 4183 1516 4205 ι

319 4225 395 4294 κατὰ]
409 4227 473 4292 μετὰ
488 4226 528 4289 Β,
542 4225 585 4277 sed
606 4225 758 4278 emendavit
777 4235 846 4278 recte
865 4236 894 4278 ut
914 4225 1032 4279 111111.
1089 4226 1131 4278 καὶ
1148 4241 1196 4294 pro
1214 4224 1278 4277 κατὰ
1296 4225 1385 4291 σάρκα
1403 4243 1432 4281 c.
1449 4228 1493 4283 Co

320 4312 363 4366 23.
382 4296 442 4348 ὅποι
457 4295 489 4347 Β.
503 4297 552 4362 ὅπη
568 4295 615 4348 Ht.
631 4294 682 4348 Ed,
777 4311 820 4360 24.
839 4295 959 4365 εῦφροθὰ
973 4296 1006 4350 Β.
1055 4296 1195 4365 ὀλιγοστὸς
1207 4290 1246 4364 εί]
1260 4292 1381 4359 οῦδαμῶς
1393 4295 1494 4371 ε’λαχί

318 4386 344 4445 εί
358 4392 384 4459 (e
408 4391 436 4444 S.
452 4389 550 4444 Matth.
563 4391 589 4442 ii.
602 4390 630 4454 6)
650 4408 673 4442 α.
733 4388 828 4442 Statim
847 4393 893 4442 τοῦ
912 4387 975 4444 εἶναι
996 4376 1040 4461 [ηῦ
1053 4415 1076 4433 =
1090 4388 1153 4445 εἶναι
1173 4386 1254 4460 θοὰ]
1273 4401 1423 4461 assumpta
1443 4413 1480 4449 ex
1510 4401 1518 4444 t

319 4475 362 4530 25.
381 4459 545 4528 ἐξελεύσεται
562 4461 618 4512 lta.
632 4459 768 4513 ἐλεύσεται
783 4458 832 4512 Ed.
883 4460 978 4516 Statim
990 4465 1036 4515 τοῦ
1051 4459 1240 4518 εἷναι-αίῶνος
1256 4475 1439 4519 accesserunt
1451 4483 1487 4521 ex
1511 4471 1518 4513 ἶ

319 4529 457 4601 ἡγούμενος
471 4532 496 4599 (e
512 4531 538 4584 S.
550 4529 647 4583 Matth.
661 4531 678 4584 l.
690 4531 726 4596 c.)
742 4548 765 4582 a.
