3038 5018
262 310 327 374 560
564 311 604 375 B.
627 310 838 376 OYRILLI
868 306 1157 376 ALEXANDR.
1358 304 1403 371 vi.
1417 304 1471 386 67.

230 472 448 578 Βφαίνοιντο
476 475 653 576 κρείττους
685 479 749 574 τῆς
775 473 957 555 Ἰουδαίων
985 472 1225 567 ἀπαιδευσίας,
1252 469 1379 550 ὀπίσω
1411 472 1472 548 καὶ

263 597 363 676 αὐτοὶ
380 598 667 703 πεμφθήσονται,
686 601 745 678 καὶ
764 596 877 678 οὐκέτι
895 594 965 676 σῦν
984 597 1081 703 αῦτφ
1102 598 1322 692 βαδιοῦνται,
1342 624 1467 673 κατοι·

262 717 438 820 χήσονται
465 719 504 799 δὲ
530 720 621 824 πρός
649 720 841 801 ἀπώλειαν.
888 722 930 800 οῦ
960 717 1033 823 γάρ
1061 720 1081 799 ό
1111 716 1228 803 πολῦς
1257 718 1297 796 ἐν
1326 719 1472 822 ἀριθμῷ

262 840 514 942 προσκυνητὴς
531 840 676 928 πάντως
700 843 804 923 ἔσται
828 840 928 946 παρά
947 847 1030 949 Θεῷ
1055 846 1113 922 καὶ
1138 842 1262 947 τίμιος,
1280 837 1372 919 ἀλλ’
1391 840 1413 918 ὀ
1432 840 1472 917 ἐν

263 964 354 1067 ὀρθῇ
378 966 582 1067 διαπρέπων
606 968 737 1064 πίστει,
757 969 815 1046 καὶ
841 972 870 1047 εί
897 967 1060 1072 φαίνοιτο
1082 962 1233 1069 βραχύς.
1273 960 1335 1043 διά
1360 969 1503 1045 τοῦτοὸ

95 1098 220 1216 effi&
263 1086 427 1172 πολλοῦς
454 1087 521 1187 μὲν
547 1086 634 1170 εἶναι
662 1087 746 1175 τοῦς
774 1089 1009 1190 κεκλημένους
1036 1087 1058 1188 ἡ
1087 1089 1165 1169 θεία
1191 1085 1289 1188 λέγει
1318 1083 1468 1193 γραφὴ,

132 1201 138 1215 ’
183 1201 190 1218 ’
263 1209 607 1316 παραδεχθήσεσθαι
644 1211 682 1293 δὲ
716 1212 847 1311 μόνους
878 1209 962 1297 τοῦς
993 1208 1188 1307 ἐκλεκτοῦς,
1219 1211 1279 1289 καὶ
1311 1213 1472 1306 δοκιμω-

264 1330 392 1418 τάτους
410 1335 556 1438 ὀλίγους
578 1337 684 1421 ὄντας
705 1341 846 1436 κομιδῆ.
885 1337 943 1417 καὶ
968 1343 1073 1416 τοῦτο
1097 1333 1171 1438 γάρ
1195 1331 1300 1418 αῦτός
1326 1336 1348 1413 ό
1371 1339 1471 1417 θεῖος

236 1455 349 1556 οὴμΐν
372 1456 627 1562 διεμαρτύρατο
655 1458 774 1562 λόγος.
812 1459 935 1560 ὀμοιον
959 1459 1078 1538 τοίνυν
1103 1461 1152 1542 ὡς
1178 1462 1209 1536 εί
1236 1459 1295 1536 καὶ
1323 1457 1470 1562 ἔφασκε

263 1585 339 1661 τοῖς
378 1580 503 1661 ἑαυτοῦ
544 1588 718 1683 μαθηταῖς
760 1585 780 1662 ὁ
818 1580 947 1685 Σωτήρ
985 1585 1032 1662 Ei
1068 1578 1135 1680 μὲν
1171 1585 1244 1663 τοῖς
1280 1579 1469 1682 ἡμετέροις
1484 1611 1515 1652 1·

263 1704 440 1802 ἀμελλητὶ
468 1706 728 1786 καταπείθεσθε
755 1703 889 1807 λόγοις,
911 1711 941 1783 εί
964 1701 1008 1785 τό
1032 1710 1254 1805 κατηγοροῦν
1276 1699 1468 1805 ἐνδοιάζειν

263 1825 413 1931 ἀφέντες
441 1825 712 1936 ἀπεριεργάστφ
738 1829 860 1909 πίστει
889 1824 1018 1907 λοιπόν
1044 1824 1292 1932 παραδέχεσθε
1322 1824 1366 1903 τό
1396 1859 1467 1923 μυ-

262 1947 423 2053 στήριον,
456 1955 485 2030 εί
518 1950 647 2054 πικρὸν
684 1953 766 2050 ὑμῖν
798 1953 961 2057 φαίνεται
997 1952 1056 2031 καὶ
1090 1947 1282 2052 βδελυρίας
1320 1949 1363 2028 οῦ
1400 1952 1467 2047 τῆς

262 2072 442 2177 τυχούσης
473 2075 677 2172 ἀνάμεστον
704 2074 747 2155 τό
778 2074 960 2177 σκληρίαν
988 2079 1062 2153 τῶν
1089 2074 1184 2172 ε’μεῦν
1213 2074 1468 2173 κατηγορῆσαι

262 2194 395 2298 λόγων,
427 2202 458 2276 εί
493 2203 724 2300 παραιτεῖσθε
763 2198 883 2299 λε’γειν
912 2199 1116 2281 Ἰουδαὶκῦς
1147 2204 1170 2243 “
1191 2200 1277 2279 Πιῦς
1313 2192 1466 2274 δυ’ναται
1483 2230 1518 2291 15

262 2327 285 2367 “
303 2319 386 2418 ἡμῖν
411 2319 513 2404 οῦτος
538 2324 659 2400 δοῦναι
682 2319 749 2421 τὴν
769 2319 891 2422 σάρκα
915 2320 1024 2400 αῦτοῦ
1048 2325 1180 2424 φαγεῖν
1191 2319 1223 2415 ;”
1252 2316 1402 2424 ὅψομαί
1426 2351 1466 2397 τε

260 2439 438 2528 συνόντας
465 2443 585 2543 ἡδέως,
612 2446 672 2523 καὶ
698 2442 999 2543 συνδιαιτήσομαι
1029 2443 1174 2548 χαίρων,
1201 2443 1260 2520 καὶ
1286 2440 1467 2542 γνησίους

229 2564 368 2650 δόντας
397 2568 541 2668 ἀγαπῶ·
583 2571 613 2645 εί
645 2565 682 2646 δὲ
714 2573 787 2651 τοῖς
816 2566 935 2647 ὀπίσω
962 2573 1120 2646 πεσοῦσι
1146 2562 1193 2644 τά
1219 2563 1286 2642 ’ίσα
1315 2569 1467 2668 φρονεῖν

260 2688 449 2788 ἐγνώκατε,
478 2692 537 2768 καὶ
564 2689 842 2796 συναποτρέχειν
869 2690 1003 2798 ἐφίημι,
1031 2693 1090 2768 καὶ
1118 2685 1383 2768 συναπελαιίνω
1413 2691 1466 2767 δι-

259 2812 377 2895 καίως.
414 2812 458 2892 οῦ
484 2811 556 2915 γάρ
584 2813 814 2919 ἐπιλείψουσι
841 2814 1100 2915 προσκυνηταὶ,
1122 2816 1194 2892 τῶν
1217 2811 1464 2912 εῦαγγελικῶν
1478 2847 1516 2891 το

259 2934 496 3037 κηρυγμάτων
524 2937 589 3016 οῦκ
615 2941 664 3020 είς
692 2934 805 3035 μόνην
832 2934 1144 3035 λαληθησομένων
1170 2932 1237 3033 τὴν
1264 2934 1461 3031 Ἰουδαίαν,

257 3057 344 3138 ἀλλ’
379 3064 427 3143 είς
462 3065 589 3141 πᾶσαν
625 3057 694 3159 ἤδη
730 3058 1020 3166 περιφοιτιόντων
1052 3054 1118 3156 τὴν
1149 3055 1368 3155 οἰκουμένην,
1404 3061 1464 3136 καὶ

238 3180 419 3283 καθάπερ
447 3186 495 3266 είς
525 3180 654 3262 θίασον
682 3181 744 3261 ἕνα
770 3178 853 3267 τοῦς
887 3179 1120 3285 ἁπανταχόσε
1151 3177 1372 3276 καλούντων,
1403 3183 1463 3258 καὶ

213 3405 215 3409 Ι
257 3302 543 3407 συναγειρόντων
575 3305 728 3390 εῦπετῶς
761 3307 819 3385 ε’πὶ
851 3303 918 3406 τὴν
949 3307 1013 3405 τῆς
1044 3303 1215 3404 ἀληθείας
1246 3304 1459 3404 ἐπίγνωσιν.

91 3431 163 3548 {³2¹³-
176 3431 211 3480 ¹³·
258 3421 365 3505 “⁹16⁶
387 3435 576 3529 τοιγαροῦν
594 3426 824 3532 χρηστότητα
849 3431 906 3508 καὶ
931 3428 1130 3526 ἀποτομίαν
1148 3425 1275 3520 Θεοῦ,”
1296 3423 1463 3528 καθάπερ
1478 3462 1516 3526 ²5

228 3548 279 3627 οό
307 3548 457 3633 Παῦλός
484 3553 590 3656 φησι·
631 3554 690 3630 καὶ
718 3552 917 3651 ἀποτομίαν
943 3549 1009 3649 μὲν
1035 3552 1091 3629 ἐπὶ
1120 3555 1194 3633 τοῖς
1221 3547 1460 3647 ἀπειθήσασι,

257 3668 488 3776 χρηστότητα
506 3670 544 3753 δέ
562 3671 674 3754 πόλιν
691 3676 748 3755 ἐπὶ
767 3680 841 3757 τοῖς
858 3671 1062 3772 μέλλουσιν
1075 3671 1324 3774 ἐπιγινώσκειν
1336 3671 1462 3770 αῦτόν,

256 3791 318 3874 ε’ἀν
335 3794 529 3894 ἐπιμένωσι
547 3801 592 3901 τῇ
609 3796 840 3901 χρηστότητι,
859 3793 1019 3899 καθάπερ
1040 3829 1111 3876 που
1134 3793 1285 3875 πάλινό
1307 3798 1462 3879 Παῦλος

173 3993 179 4008 ,
256 3917 517 4023 διισχυρίσατο·
554 3922 627 3999 ἐπεὶ
644 3922 703 4000 καὶ
721 3920 821 4000 αὐτοὶ
838 3917 1113 4019 ε’κκσπήσονπαι·
1143 3919 1163 3998 ὀ
1182 3914 1254 4021 γάρ
1273 3923 1347 3997 τῶν
1366 3919 1463 3998 κατά

255 4038 370 4148 φῦσιν
404 4042 447 4121 οῦ
482 4038 700 4147 φεισόμενος
731 4041 886 4140 κλάδων,
918 4039 999 4122 οῦδὲ
1030 4047 1104 4121 τῶν
1136 4040 1461 4144 ἐγκεντρισθέντων
1474 4080 1515 4138 30

290 4222 317 4270 4.
336 4207 417 4259 ὀοια.
431 4204 464 4259 Β.
597 4203 624 4259 6.
642 4201 705 4258 εἶναι
718 4221 771 4259 om.
786 4203 819 4259 B.
953 4204 980 4260 8.
1000 4205 1014 4258 ὁ
1027 4203 1095 4261 θεῖος
1107 4204 1183 4261 αὐτὸς
1195 4204 1302 4259 inverso
1313 4203 1411 4259 ordine
1424 4205 1460 4260 B.

632 4288 686 4315 ma

257 4339 298 4379 Π.
317 4324 340 4377 εί
350 4325 380 4379 τδ
393 4323 563 4396 κατηγοροῦν]
578 4324 614 4381 είς
626 4347 655 4378 το
667 4347 693 4378 τι
705 4327 769 4396 γοῦν
782 4324 815 4378 Β.
926 4341 966 4413 Ιβ.
984 4326 1044 4394 ῦμῖν
1056 4325 1157 4381 correxi
1170 4343 1251 4380 sensu
1263 4333 1386 4395 cogente.
1398 4325 1461 4393 ἡμῖν

255 4392 306 4447 Ed.
397 4412 438 4460 14.
457 4396 657 4465 κατηγορεῖσθαι
670 4395 704 4450 Β.
791 4394 831 4448 16.
850 4393 924 4452 οὗτος
936 4399 996 4465 ημῖν
1008 4398 1113 4449 inverso
1125 4394 1219 4449 ordine
1232 4395 1264 4449 B.
1276 4395 1337 4463 ὑμῖν
1350 4397 1459 4466 Migne.

253 4463 332 4516 αὐτοῦ
344 4474 512 4534 assumptum
525 4483 556 4518 ex
572 4465 605 4520 B.
696 4467 739 4521 26.
758 4466 799 4519 καὶ
812 4483 866 4521 om.
880 4465 913 4521 Β.
962 4466 1058 4521 Statim
1071 4466 1199 4534 ἀποτομία
1213 4465 1245 4520 Β.
1336 4466 1382 4521 28.
1402 4467 1459 4521 ἐπι·

252 4532 349 4603 μένωσι
363 4532 396 4589 Β.
408 4534 557 4604 ἐπιμένωσι
571 4535 621 4591 Ed.
