3038 5018
90 291 133 357 vi.
149 309 223 374 2-4.
260 293 318 359 IN
347 293 660 362 &JOANNEM
707 296 803 361 LIB.
826 295 893 361 111.
938 297 1124 362 CARIV.
1224 299 1288 361 405

92 466 114 503 “
133 455 193 536 Τὰ
214 457 286 562 γάρ
304 458 401 561 ἔργα,
422 462 548 566 φησὶν,
566 459 591 537 ἀ
612 459 684 562 ἐγὼ
701 467 803 557 ποιῶ,
823 458 913 540 αῦτά
938 458 983 539 τά
1009 460 1097 563 ἔργα
1120 465 1293 563 μαρτυρεῖ
1334 464 1415 588 {21³⁸
1425 476 1450 509 ⁹·

93 591 114 627 “
132 584 213 684 περὶ
231 580 352 680 ἐμοῦ.”
392 585 449 662 καὶ
467 581 580 662 πάλιν
600 594 621 630 “
635 589 682 662 Ei
706 584 748 662 οῦ
773 588 865 664 ποιῶ
890 582 936 664 τὰ
955 583 1043 687 ἔργα
1060 592 1124 664 τοῦ
1144 581 1288 686 Πατρός
1333 591 1442 707 1¹¹f¹¹8¹·

92 713 115 751 ‘⁴
133 738 214 802 μου,
232 703 282 805 μὴ
301 703 489 785 πιστεύετέ
501 735 575 804 μοι·
606 712 636 785 εἰ
655 704 694 786 δὲ
710 712 812 803 ποιῶ,
831 703 899 787 κάν
917 709 994 807 ἐμοὶ
1012 706 1063 807 μὴ
1081 704 1287 806 πιστεύητε,
1334 669 1425 722 372³·

93 837 116 875 ‘⁴
133 835 207 912 τοῖς
234 827 349 931 ἔργοις
376 863 448 928 μου
477 828 695 909 πιστεύετε.”
731 825 857 934 ῶσπερ
886 831 949 910 οὖν
976 841 998 876 “
1017 829 1089 911 ἀπὸ
1119 829 1290 933 μεγέθους
1333 826 1454 956 ξξμῆῑ·

60 960 115 1027 5“
133 955 315 1050 καλλονῆς
351 952 558 1050 κτισμάτων
592 955 612 1032 ό
647 951 897 1057 γενεσιουργός
933 955 1050 1034 αὐτῶν
1085 952 1319 1057 θεωρεῖται”0

93 1072 197 1173 Θεός,
215 1077 327 1158 οὕτως
355 1074 427 1156 ἀπό
454 1079 518 1176 τῆς
546 1078 766 1177 θεοσημείας,
786 1076 877 1156 κατά
904 1076 970 1177 τὴν
994 1077 1079 1177 ἰ’σην
1103 1085 1176 1157 τῶν
1202 1113 1288 1180 νοη-

93 1199 217 1296 μάτων
231 1197 467 1298 διασκευὴν,ό
486 1206 560 1279 τῶν
578 1204 728 1305 σημείων
745 1201 870 1302 όράται
888 1199 1086 1301 τελειωτὴς,
1100 1205 1159 1282 καὶ
1177 1202 1200 1302 ἡ
1218 1208 1291 1282 τῶν

93 1322 388 1406 ἀκολουθούντων
404 1324 527 1406 πίστις
546 1323 687 1408 δικαίως
704 1321 750 1402 ἀν
769 1321 991 1424 θαυμάᾷιιτο.

151 1442 265 1545 Οἶμαι
292 1448 326 1527 δ’
347 1445 460 1547 ἔγωγε
487 1448 759 1551 περιεργοτέραν
783 1432 863 1527 τινά
891 1450 948 1527 καὶ
976 1447 1043 1554 οῦχ
1071 1447 1193 1548 ἀπλῆν
1216 1453 1291 1532 τοῖς

41 1569 286 1671 ιοεὶρημένοις
313 1568 552 1675 ε’γκεκρύφθαι
580 1570 749 1651 διάνοιαν.
789 1573 927 1674 ὁρῶμεν
949 1569 1022 1674 γὰρ
1047 1570 1203 1674 λέγοντα
1227 1570 1291 1651 τόν

95 1691 384 1794 Εῦαγγελιστηυ,
403 1695 470 1798 οῦχ
494 1693 548 1773 ὅτι
569 1692 679 1791 μόνον
699 1699 848 1799 σημείων
865 1691 963 1793 ἦσαν
981 1693 1239 1800 φιλοθεάμονες
1258 1699 1292 1774 οἱ

93 1815 407 1916 ἀκολουθήσαντες
428 1825 480 1926 τῷ
498 1822 662 1924 Χριστῷ,
679 1816 779 1897 ἀλλά
803 1821 863 1898 καὶ
887 1818 1000 1899 ποίων
1018 1816 1114 1918 ἦσαν
1132 1819 1292 1918 σημείων

95 1935 308 2018 δικαιότατοι
336 1941 553 2039 θαυμασταί.
601 1943 824 2043 προστίθησι
851 1941 923 2044 γάρ
951 1941 1006 2021 ὅτι
1026 1940 1073 2021 “A
1103 1943 1205 2021 ἐποίει
1234 1943 1290 2022 ἐπὶ

94 2060 156 2141 τῶν
186 2060 401 2161 ἀσθενούντων,
429 2064 487 2143 ἵνα
514 2062 573 2143 διά
602 2063 738 2143 τούτων
764 2065 929 2149 ἐναντίως
958 2066 1115 2168 ἔχουσαν
1141 2099 1186 2168 τη
1219 2070 1324 2144 τῶνδ

42 2194 81 2254 ¹5
94 2187 275 2266 Ἰουδαίων
294 2184 360 2284 τὴν
378 2192 451 2267 τῶν
467 2186 760 2266 ἀκολουθούντων
775 2188 947 2294 ἀποδείξῃ
966 2185 1134 2266 διάνοιαν.
1175 2192 1207 2266 οἱ
1225 2185 1291 2285 μὲν

93 2308 166 2412 γάρ
192 2309 248 2389 ότι
275 2308 338 2390 τόν
358 2308 568 2411 παράλυτον
593 2312 814 2416 ἀσθενοῦντα
837 2309 1079 2414 τεθεράπευκε,
1098 2314 1292 2403 δυσσεβῶς

94 2433 386 2535 χαλεπαίνουσιν,
406 2437 440 2511 οἱ
464 2430 503 2511 δὲ
528 2434 569 2512 οῦ
593 2429 704 2532 μόνον
722 2436 779 2514 ε’πὶ
804 2433 942 2518 τούτοις
966 2433 1128 2537 παρόντα
1147 2433 1288 2533 θαυμά·

95 2555 227 2657 ζουσιν,
254 2554 353 2635 ἀλλά
382 2559 440 2636 καὶ
467 2559 710 2657 ἀποδημοῦντι
737 2558 1046 2663 συνεκτρέχουσιν,
1073 2560 1122 2640 ῶς
1149 2562 1288 2654 θαυμα-

95 2687 236 2788 τουργῷ
254 2683 312 2759 καὶ
329 2685 425 2786 θεῷ.
466 2679 639 2786 φύγωμεν
656 2681 775 2761 τοίνυν
792 2678 858 2781 τὴν
876 2682 1058 2765 Ἰουδαίοις
1080 2679 1291 2783 πρέπουσαν

42 2828 82 2870 ²0
95 2804 261 2900 ἀμαθίαν,
290 2808 323 2882 οὶ
350 2801 515 2906 Χριστόν
542 2801 723 2904 δεσπότην
750 2802 1040 2909 ἐπιγραφόμενοι,
1067 2801 1288 2907 προσεδρεύ·

95 2961 220 3025 σωμεν
247 2928 342 3035 αὐτῷ
371 2926 429 3006 διά
461 2932 524 3026 τῆς
557 2929 747 3026 ὑπομονῆς,
777 2926 864 3030 ὅπερ
892 2927 1004 3030 ἔδρων
1030 2931 1225 3025 τληπαθῶς
1257 2931 1291 3009 οὶ

95 3051 305 3157 σοφώτατοι
324 3052 492 3150 μαθηταί·
517 3047 732 3155 χωρίζεσθαι
749 3048 814 3148 μὲν
832 3052 889 3130 καὶ
905 3056 1149 3130 λειποτακτεῖν
1167 3045 1319 3152 ἀνεχό-(ι

95 3209 194 3272 μενοι
211 3179 395 3275 μηδαμῶς,
414 3176 531 3258 αὐτοῖς
549 3174 588 3254 δὲ
606 3173 735 3253 λοιπὸν
753 3176 977 3269 ἀναβοῶντες
1001 3179 1075 3257 τοῖς
1097 3171 1289 3274 πράγμασι

96 3296 138 3377 τό
157 3304 321 3382 νεανικῶς
341 3296 410 3379 ῦπῦ
428 3305 492 3376 τοῦ
511 3298 663 3377 Παύλου
689 3295 883 3396 λεγόμενον
900 3305 921 3344 “
934 3297 1000 3379 Τίς
1025 3296 1117 3395 ἡμᾶς
1141 3295 1289 3400 χωρίσει
1333 3286 1441 3418 ξῇωὲὸ.

43 3439 81 3499 25
96 3429 119 3467 “
136 3419 208 3501 ἀπὸ
235 3426 299 3522 τῆς
327 3418 470 3523 ἀγάπης
497 3429 561 3501 τοῦ
588 3426 753 3523 Χριστοῦ
768 3421 802 3517 ;”
841 3418 1145 3520 ἀκολουθησωμεν
1171 3422 1291 3500 τοίνυν

97 3545 269 3652 αὐτῷκαὶ
288 3544 490 3652 διωκομένῳ
510 3547 569 3624 καὶ
587 3544 758 3650 φεύγοντι
785 3541 849 3626 τάς
873 3549 945 3623 τῶν
963 3542 1176 3647 μαχομένων
1194 3546 1292 3652 αὐτῷ

97 3669 327 3769 δυστροπίας,
345 3670 403 3747 ἵνα
421 3671 480 3747 καὶ
499 3676 545 3753 εἰς
564 3669 631 3774 όρος
648 3667 906 3765 ἀναβαίνομεν,
923 3675 982 3747 καὶ
1002 3669 1072 3748 ἐκεῖ
1089 3665 1291 3766 καθίσωμεν

96 3787 168 3870 σῦν
185 3792 292 3900 αὐτῷ,
310 3791 494 3871 τουτέστιν
512 3797 560 3875 εἷς
581 3794 760 3898 περιφανῆ
786 3793 845 3870 καὶ
868 3790 1128 3889 εῦκλεεστάτην
1146 3793 1289 3891 ἀναπη-

96 3913 265 4014 δῆσωμεν
289 3914 404 4023 χάριν,
427 3914 485 3994 διά
512 3924 575 3994 τοῦ
603 3912 888 4014 συμβασιλεύειν
910 3915 1017 4020 αῦτηῦ,
1040 3912 1201 4015 καθάπερ
1228 3913 1293 3993 οῦν

135 4197 158 4232 ι.
176 4176 261 4248 φησὶν
273 4185 334 4247 post
347 4181 413 4230 ποιῶ
429 4186 463 4232 tr.
475 4177 527 4232 Ed.
540 4176 624 4232 invito
637 4176 671 4232 Β.
737 4178 801 4232 αὐτὸ
817 4177 849 4230 τδ
865 4174 940 4248 ἔργα]
959 4182 987 4240 -Ι-
1001 4174 1019 4230 δ
1035 4175 1085 4246 ἐγὼ
1101 4178 1166 4229 ποιῶ
1183 4175 1234 4230 Ed.
1248 4176 1290 4230 in·

96 4300 151 4352 vito
165 4299 196 4352 B.
277 4311 303 4369 5.
322 4296 508 4422 κολλονῐμχψ
523 4304 574 4353 τῶν
586 4298 638 4354 Ed.
651 4299 735 4352 invito
749 4299 781 4352 Β.
817 4300 899 4354 dom.
912 4298 945 4352 B.
983 4296 1079 4350 Statim
1091 4246 1245 4366 όηνρίῶιῦφρίόῦ
1258 4295 1291 4352 Β.

97 4384 121 4440 7.
140 4371 156 4422 δ
168 4387 222 4423 om.
237 4369 270 4423 Β.
330 4369 443 4437 σημείων
482 4369 526 4424 .[).
539 4371 666 4438 σωμάτων
678 4368 730 4424 Ed.
847 4386 888 4424 11.
905 4368 1019 4437 σημείων
1030 4375 1199 4436 assumptum
1212 4384 1244 4420 ex
1257 4366 1291 4423 Β.

99 4457 139 4495 12.
158 4441 272 4508 σημείων
283 4439 350 4508 ἦσαν
362 4442 467 4494 inverso
479 4439 571 4494 ordine
585 4439 619 4495 Β.
716 4454 757 4510 15.
776 4439 889 4494 διάνοιαν
899 4438 1022 4506 ἀποδείξῃ
1034 4438 1140 4492 inverso
1151 4435 1244 4492 ordine
1257 4435 1290 4493 Β.

96 4525 140 4591 25.
158 4515 295 4582 τοιγαροῦν
308 4511 340 4564 Β.
390 4509 485 4565 Statim
497 4511 566 4582 αὐτῷ
578 4528 633 4565 om.
647 4509 680 4566 Β.
787 4508 830 4564 26.
848 4510 890 4564 καὶ
901 4510 947 4564 alt.
960 4525 1014 4566 om.
1027 4506 1060 4562 B.
