3038 5018
236 275 301 340 328
543 278 581 343 B;
606 276 813 343 OYRILLI
844 277 1130 343 ALEXANDR.
1340 297 1370 338 v.
1387 294 1439 340 20.

241 443 299 520 καὶ
327 441 427 522 οῦδέν
449 442 605 547 ἔχουσαν
624 445 826 524 ἐπιδεικνύει
849 441 892 525 τὸ
915 445 971 549 ἐφ’
992 440 1089 550 ᾧπερ
1112 439 1156 520 ἀν
1179 437 1320 523 εἰκότως
1343 442 1439 540 ἀγα·

242 563 417 664 νακτήσαι
436 564 528 650 Θεδς
547 569 568 647 ὁ
586 575 650 647 τοῦ
669 566 779 665 νόμου
799 567 942 670 Κύριος.

442 799 499 867 Καὶ
526 802 632 875 πάντα
660 801 818 869 δείκνυσιν
847 803 937 888 αὐτῷ
963 805 983 868 ἃ
1011 802 1109 870 αὐτὸς
1137 797 1233 868 ποιεῖ.

297 963 520 1066 Ἀναγκαίως
547 969 606 1044 καὶ
633 974 745 1046 ταῦτα
772 974 845 1051 τοῖς
873 952 1127 1068 προλαβοῦσιν
1144 962 1279 1066 ἐπάγει,
1298 968 1356 1043 καὶ
1383 963 1443 1042 διά

212 1087 348 1169 οποίαν
369 1089 494 1185 αἰτίαν,
512 1090 580 1192 ἐρῶ
604 1089 647 1188 δὴ
664 1089 790 1170 πάλιν.
829 1091 978 1193 πατέρες
1002 1089 1068 1189 μέν
1088 1088 1160 1192 γάρ
1185 1092 1218 1167 οἱ
1241 1090 1325 1190 παρ’
1346 1089 1474 1187 ἡμῖν,5

241 1218 411 1314 φυσικαῖς
437 1211 517 1293 ἐσθ’
538 1213 596 1293 ὅτε
622 1215 897 1320 φιλοστοργίας
921 1212 1125 1313 ἡττώμενοι,
1146 1215 1205 1292 καὶ
1231 1213 1442 1292 λυπούντων

241 1336 427 1438 ἀνέχονται
454 1342 526 1415 τῶν
555 1341 649 1435 υἱῶν,
680 1340 738 1417 καὶ
770 1345 843 1422 τοῖς
872 1335 971 1440 παρὰ
1003 1336 1150 1438 γνώμην
1177 1338 1443 1440 ἐπιχειροῦντας

199 1492 203 1500 ·
242 1457 420 1557 ὁριῦντ[ε]ς
448 1460 697 1567 ἀνεξικακοῦσι
725 1459 914 1547 πολλάκις.
953 1459 1076 1564 δριμῦς
1101 1459 1173 1562 γάρ
1198 1494 1250 1542 τις
1278 1460 1443 1543 αύτοῖςὸ

242 1582 322 1681 περὶ
358 1585 487 1666 παῖδας
524 1582 712 1691 ἐνῴκισται
741 1584 864 1682 πόθος,
893 1591 1020 1665 πᾶσαν
1052 1585 1253 1664 ἀναπείθων
1285 1582 1352 1683 τὴν
1384 1583 1441 1662 ἐπ’

242 1705 384 1788 ἐκείνοις
410 1709 653 1812 μικροψυχίαν
679 1715 916 1789 πλεονεκτεῖν.
956 1708 1042 1786 ἀλλ’
1069 1709 1136 1812 οάχ
1163 1709 1285 1802 οῦτως,
1313 1709 1443 1811 φησὶν,
1460 1738 1497 1777 10

242 1829 368 1934 ἀγαπᾷ
400 1825 464 1908 τάν
492 1828 582 1909 Υίῦν
610 1830 754 1916 ὁιθεδς
788 1835 846 1911 καὶ
878 1829 1019 1935 Πατήρ·
1051 1832 1092 1910 οῦ
1125 1831 1271 1911 δύναται
1302 1829 1374 1933 γάρ
1407 1864 1444 1910 τι

240 1957 363 2049 ποιεῖν,
395 1949 416 2032 δ
447 1952 497 2054 μὴ
529 1951 685 2061 πέφυκεν
714 1954 924 2060 ἐργάζεσθαι
957 1958 1015 2034 καὶ
1047 1955 1163 2038 αὐτός·
1202 1957 1249 2038 ὡς
1284 1955 1322 2033 δέ
1353 1956 1443 2053 μίαν

241 2074 333 2179 ἔχων
368 2074 459 2180 πρὸς
495 2075 605 2158 αὐτὸν
640 2075 707 2178 τὴν
741 2081 879 2175 οῦσίαν,
918 2084 1085 2184 φυσικοῖς
1114 2113 1221 2176 τισιν,
1253 2079 1296 2158 ἵν’
1329 2081 1444 2162 οὕτως

207 2198 404 2298 δείπωμεν,
437 2199 558 2301 νόμοις
586 2200 677 2303 πρὸς
706 2201 990 2304 ἀπαράλλακτον
1022 2210 1181 2281 καλεῖται
1216 2200 1370 2301 θέλησίν
1400 2236 1442 2281 τε

242 2328 299 2403 καὶ
338 2326 497 2425 δύναμιν,
537 2325 638 2405 οὐδὲν
671 2327 733 2406 οῦν
766 2327 846 2430 ἀρα,
880 2330 985 2432 φησὶ,
1017 2324 1117 2426 παρὰ
1147 2325 1189 2405 τὸ
1220 2332 1271 2433 τῷ
1304 2324 1442 2405 τεκόντι
1460 2352 1496 2411 ¹5

229 2452 368 2527 δοκοῦν
396 2447 418 2548 ἢ
447 2452 585 2552 πρέπον
616 2451 635 2528 ὁ
663 2448 750 2533 Υἱὸς
781 2449 972 2554 ἐργάζεται,
1002 2449 1082 2529 ούδέ
1111 2453 1175 2547 τῆς
1201 2458 1265 2529 τοῦ
1295 2446 1443 2551 Πατρός

242 2569 386 2672 ἀγάπης
413 2574 762 2675 καταπερπερεύεται,
786 2572 994 2680 φιλόκαινὸς
1023 2608 1075 2657 τις
1104 2570 1274 2677 ῦπάρχων
1300 2575 1337 2651 ἐν
1367 2579 1443 2658 τοῖς

244 2694 360 2796 ἔργοις
396 2700 455 2775 καὶ
490 2696 637 2802 ἐξήνιος,
670 2698 755 2776 ἀλλ’
794 2695 912 2801 ὧνπερ
949 2696 1035 2777 ὄντα
1072 2694 1242 2777 θεάσαιτο
1278 2695 1443 2797 ποιητὴν,

245 2821 293 2902 ὡς
312 2820 348 2897 ἐν
365 2819 510 2904 ἐννοίαις
532 2819 570 2901 δέ
592 2818 715 2918 πόλιν,
732 2829 845 2901 ταῦτα
870 2822 913 2922 δη
931 2818 1074 2904 πάντως
1098 2823 1253 2902 ἐπιτελεῖ
1277 2826 1322 2924 τῇ
1350 2853 1439 2900 ταυ·

244 2940 367 3042 τότητι
397 2947 461 3043 τῆς
492 2944 616 3028 οῦσίοις
648 2950 696 3029 είς
728 2943 771 3025 τῦ
803 2948 969 3045 μηδαμοῦ
999 2946 1255 3048 παρεκπίπτειν
1285 2945 1327 3025 τὸ
1358 2950 1445 3053 θεῷ
1461 2978 1501 3019 ιο

245 3069 382 3171 πρέπον
401 3068 704 3171 διακρατούμενος.
744 3073 879 3173 τροπῆς
897 3069 970 3172 γάρ
987 3073 1051 3167 τῆς
1068 3070 1129 3150 ἐπί
1149 3104 1183 3149 τι
1208 3072 1266 3148 καὶ
1285 3072 1445 3151 ἀλλοιώ-

149 3235 155 3247 ·
184 3197 199 3246 ’·
247 3226 340 3276 σεως
358 3192 505 3294 ἀμοιρεῖ·
534 3193 629 3290 με’νει
656 3192 694 3271 δέ
713 3194 767 3272 “ὁ
796 3191 926 3277 αῦτδς”
946 3192 1193 3289 ἀδιαλείπτως,
1215 3196 1263 3276 ὡς
1289 3194 1308 3272 ὁ
1334 3199 1442 3297 φαλ-

145 3300 150 3313 ’
217 3348 235 3391 e
246 3313 365 3423 μιρδός
396 3350 467 3396 που
500 3317 607 3421 φησί.
648 3311 783 3396 δεικνύει
811 3315 848 3397 δέ
880 3315 993 3396 πάλιν
1020 3318 1041 3396 ό
1071 3315 1199 3418 Πατὴρ
1230 3319 1282 3423 τῷ
1310 3323 1389 3423 Υίῷ
1420 3315 1448 3399 ἀ

248 3439 349 3525 αάτδς
371 3443 469 3535 ποιεῖ,
488 3440 530 3517 οῦ
548 3436 709 3541 καθάπερ
726 3442 764 3520 ἐν
782 3441 902 3521 πίνακι
921 3440 1208 3543 διαγεγραμμένα
1227 3446 1445 3543 παρατιθεὶς,

246 3561 270 3664 ἢ
296 3565 344 3647 ὡς
369 3564 565 3664 ἀγνοοῦντα
589 3560 781 3643 διδάσκων·
812 3563 931 3644 πάντα
952 3563 1022 3667 γάρ
1042 3560 1133 3644 οἶδεν
1152 3567 1199 3648 ὡς
1220 3563 1323 3648 Θεός·
1355 3566 1443 3645 ἀλλ’
1463 3592 1503 3651 25

247 3687 335 3769 ὅλον
353 3685 479 3768 ἐαυτὸν
502 3688 539 3766 ἐν
564 3692 609 3793 τῇ
632 3695 696 3766 τοῦ
723 3686 941 3789 γεννήματος
960 3686 1070 3794 φύσει
1088 3687 1299 3794 ζωγραφῶν,
1321 3690 1381 3767 καὶ
1399 3687 1448 3768 τά

247 3812 343 3897 ἰδίως
370 3813 467 3920 αὐτῷ
496 3809 783 3919 προσπεφυκότα
817 3809 984 3891 δεικνύων
1010 3813 1049 3891 ἐν
1076 3812 1202 3918 ἐαυτῷ,
1231 3812 1289 3891 ἵνα
1320 3811 1364 3918 ἐξ
1394 3807 1448 3892 ὧν

284 4060 310 4109 4.
329 4042 361 4095 τὸ
373 4059 421 4113 pro
433 4044 513 4096 ταῦτα
526 4041 559 4097 Β.
695 4056 721 4114 5.
738 4042 786 4111 μὲν
797 4059 850 4097 om.
865 4041 898 4097 B.
1042 4055 1066 4114 7.
1085 4040 1276 4112 ἐπιχειροῦντας
1289 4040 1321 4096 Β.
1336 4040 1450 4114 [ἐπιχει-

248 4126 431 4286 ροῦάῖῦςῦοιίχ]
446 4163 633 4235 ἐπιχειροῦντες
642 4162 694 4218 Ed.
731 4161 825 4217 Statim
839 4165 947 4233 ὁρῶντες
959 4164 1069 4218 correxi.
1081 4166 1193 4233 ὁρῶνται
1204 4162 1254 4216 Ed.
1336 4179 1377 4216 12.
1396 4165 1451 4234 γὰρ

249 4251 299 4304 pro
311 4234 339 4286 δέ
353 4232 406 4286 Cor
428 4274 435 4288 .
580 4252 620 4306 13.
638 4233 669 4290 ἵν’
682 4252 736 4289 om.
752 4233 784 4289 B.
928 4251 969 4302 14.
987 4232 1101 4302 ι’ίποιμεν
1113 4234 1195 4290 Cord.
1208 4232 1318 4303 εἴπωμεν
1329 4233 1410 4288 habet
1423 4252 1450 4288 a.

252 4303 293 4357 16.
313 4302 328 4372 ἢ
341 4321 393 4357 om.
409 4303 441 4357 Β.
454 4304 546 4361 δοκοῦν
558 4305 572 4375 ἢ
586 4324 640 4361 om.
654 4305 725 4360 catt.
853 4319 893 4376 17.
913 4307 1064 4376 φιλόκαινοι
1076 4305 1146 4360 edidi
1159 4323 1191 4359 ex
1204 4306 1273 4376 conj.
1289 4304 1387 4375 Heyse.
1401 4305 1451 4375 (cs.

249 4376 430 4443 καινοτομησαι
443 4392 525 4445 supra
537 4377 632 4445 2210.)
644 4377 781 4447 φιλόκενάς
792 4375 862 4431 B.D.
873 4379 1026 4447 φιλότεκνός
1036 4377 1087 4432 Ed.
1100 4377 1145 4449 qui
1157 4378 1250 4446 φιλότε
1285 4379 1313 4431 όι
1325 4375 1450 4447 conjecit.

247 4445 277 4497 ἐν
288 4445 373 4514 ἔργοις
380 4445 517 4513 (omittens
528 4449 594 4516 τοῖς)
591 4457 665 4572 (font
676 4445 775 4515 ἐξηνισς
786 4456 819 4500 tr.
834 4445 867 4501 B.
1082 4466 1123 4518 19.
1141 4448 1241 4504 πάντως
1251 4398 1286 4500 Ἠ
1297 4447 1382 4500 πάντα
1395 4446 1450 4503 Ed.

250 4529 294 4584 23.
312 4511 425 4570 δείκνυσι
436 4533 460 4570 a.
509 4516 591 4574 δῦοτ
631 4517 774 4573 Ababa&
846 4531 889 4588 η.
907 4517 975 4590 αὐτῷ
988 4519 1168 4590 ρτοίνέουτηῖ
1182 4516 1215 4573 Β.
1263 4514 1294 4572 ἵν’
1308 4516 1344 4570 D.
