3038 5018
281 311 303 372 2
585 312 624 374 B.
648 309 858 374 CYRILLI
886 308 1174 373 ALEXANDR.

282 481 303 518 “
322 473 380 549 καὶ
406 470 457 571 μή
485 472 638 570 σιάπα,”
658 473 748 570 πρός
771 507 850 552 τινα
875 479 947 552 τῶν
970 474 1083 574 ἁγίων
1106 468 1225 550 εἰπάν·
1269 473 1416 550 Παῦλος
1442 464 1481 544 δέ

281 592 384 676 οὗτος
404 592 460 692 ἦν.
499 599 556 674 καὶ
574 596 596 695 ἦ
617 594 742 695 νομικὴ
762 597 799 675 δέ
819 595 920 676 οὐδὲν
938 596 1045 696 ἧττον
1064 591 1236 698 διάταξις,
1258 596 1305 675 ὡς
1323 593 1361 669 ἐν
1379 589 1481 695 τύπῳ

281 717 469 823 παχυτεριρ
494 716 540 797 τὰ
563 718 784 817 πνευματικὰ
808 718 1051 818 σημαίνουσα·
1097 713 1178 798 τοὺς
1203 714 1275 817 γὰρ
1299 711 1390 816 πρὸς
1413 710 1480 811 τὴν

114 853 176 931 Lag:
283 839 380 916 θείαν
408 839 641 938 κεκλημένους
671 841 877 942 ἱερωσύνην,
898 848 973 924 τοῖς
1001 839 1059 918 διὰ
1087 840 1306 939 σαλπίγγων
1333 833 1477 938 ἀπηχή·

114 934 185 967 xxm.
201 932 240 979 η’
281 993 375 1069 μασι
412 966 689 1062 κατασημαίνειν
721 971 772 1069 τῷ
804 968 884 1069 λαῷ
915 964 996 1064 περὶ
1030 959 1079 1041 ὧν
1113 961 1158 1041 ἂν
1191 960 1303 1062 δεήσῃ
1334 964 1509 1056 μαθεῖν,5

281 1081 466 1162 ἐπιτάττει.
509 1087 550 1163 ού
582 1084 664 1187 γὰρ,
692 1082 799 1183 οἶμαι,
827 1089 899 1165 δεῖν
927 1084 1117 1187 ἐλογίζετο,
1148 1079 1401 1182 νομοθετήσειν
1429 1078 1477 1158 τὰ

112 1208 199 1322 {¹¹³3ss
212 1288 251 1336 34·
282 1201 466 1285 κάλλιστα
493 1206 586 1291 Θεὸς
614 1207 800 1307 ἐθελήσας,
828 1206 911 1289 τοὺς
939 1213 1012 1286 τῶν
1039 1212 1140 1286 λαῶν
1167 1203 1341 1307 ἡγεμόνας
1373 1210 1475 1307 χεῖρα

114 1345 184 1399 M
250 1327 406 1412 ιθέντας
431 1332 489 1408 ἐπὶ
513 1329 669 1429 στόματι
694 1328 851 1410 κατὰτὸ
876 1329 1134 1430 γεγραμμένον,
1157 1327 1250 1434 ὄκνῳ
1274 1360 1312 1405 τε
1337 1335 1401 1406 τοῦ
1423 1324 1475 1424 μὴ

279 1454 394 1529 δοκεῖν
411 1458 485 1535 τοῖς
508 1452 756 1558 ὑψηλοτέροις,
776 1449 798 1550 ἢ
818 1451 909 1530 κατὰ
927 1461 1011 1530 νοῦν
1028 1450 1092 1531 τὸν
1110 1451 1344 1552 ἀνθρώπινον,
1362 1451 1472 1551 ῥιψο-

279 1572 447 1657 κινδύνως
470 1575 664 1678 ἐπιχειρεῖν,
684 1573 748 1654 τὸν
766 1577 878 1656 οὕτως
902 1577 1095 1674 ἀναγκαῖον
1113 1579 1187 1656 τοῖς
1211 1578 1259 1654 είς
1285 1568 1475 1665 εύλάβειάν
1492 1597 1519 1636 Ι·

278 1728 317 1773 τε
350 1697 408 1773 καὶ
440 1697 660 1798 θεογνωσίαν
688 1697 1036 1797 παιδαγωγουμένοις
1066 1700 1317 1797 παραιτεῖσθαι
1349 1693 1473 1792 λόγον,

279 1820 337 1895 καί
355 1817 497 1916 σιωπὴν
514 1826 588 1901 τοῖς
606 1824 654 1901 εἷς
671 1820 864 1918 μαθητείαν
883 1824 999 1898 ἰοῦσιν
1017 1819 1165 1897 ἑλέσθαι
1182 1816 1248 1914 τήν
1267 1813 1458 1916 ἐπιζήμιον.

110 1941 203 2056 {3³¹⁸st
335 1946 496 2042 Θορυβεΐ
510 1940 547 2020 δέ
563 1940 676 2021 πάλιν
693 1942 785 2039 ἡμᾶς
805 1941 903 2041 “Μή
921 1942 1057 2021 πολλοὶ
1076 1937 1288 2018 διδάσκαλοι
1306 1938 1471 2038 γίνεσθε”

277 2061 395 2164 λέγων
414 2065 433 2141 ὁ
452 2069 616 2166 Χριστοῦ
634 2063 807 2164 μαθητής·
839 2063 889 2142 ἕτι
909 2064 946 2142 δέ
964 2060 1054 2165 πρὸς
1070 2061 1194 2169 τούτῳ,
1214 2064 1272 2140 καὶ
1294 2060 1469 2166 δσοφώ-

243 2199 383 2268 οτατος
409 2184 688 2284 ἐκκλησιαστὴς,
704 2189 971 2287 αἰνιγματωδῶς
998 2184 1063 2283 τὴν
1090 2188 1147 2265 ἐπὶ
1174 2189 1226 2291 τῷ
1252 2183 1299 2263 τὰ
1326 2191 1473 2261 τοιαῦτα
1490 2210 1519 2248 1·

109 2315 180 2430 30‘1’10·
190 2333 216 2368 ¹·
278 2307 458 2388 διδάσκειν
482 2307 740 2415 σφαλερθτητα
764 2309 909 2392 δεικνύς·
949 2320 970 2356 “
985 2308 1123 2412 Σχίζων
1146 2306 1227 2409 γὰρ,
1247 2311 1351 2412 φησὶ,
1375 2304 1473 2411 ξύλα

108 2396 132 2445 9,
180 2416 186 2432 ⁶
278 2439 300 2476 “
318 2429 535 2509 κινδυνεύσει
562 2432 600 2509 ἐν
624 2431 752 2528 αὐτοῖς,
774 2430 835 2510 ἐὰν
857 2431 992 2536 ἐκπέσῃ
1018 2431 1061 2510 τὸ
1089 2431 1261 2531 σιδήριον,
1280 2432 1338 2507 καὶ
1366 2427 1473 2511 αὐτὸς

276 2563 298 2598 “
316 2551 515 2654 πρόσωπον
533 2550 692 2658 ἐτάραξε,
710 2556 768 2633 καὶ
787 2553 949 2654 δυνάμεις
967 2554 1199 2653 δυναμώσει.”
1239 2552 1389 2658 σιδηρίιρ
1407 2553 1475 2651 μέν

276 2672 348 2776 γὰρ
379 2673 577 2778 παρεικάζει
608 2683 673 2755 τοῦ
706 2686 768 2756 νοῦ
799 2673 865 2776 τὴν
896 2677 1064 2782 ὀξύτητα,
1093 2673 1155 2755 ἅτε
1187 2675 1231 2775 δή
1265 2679 1474 2754 διικνεῖσθαι

276 2797 492 2903 πεφυκότος,
513 2797 736 2882 εἶσδύνοντάς
757 2834 796 2879 τε
816 2796 907 2903 πρὸς
932 2798 979 2878 τὰ
1002 2798 1175 2895 ἐσῶτατα,
1195 2795 1261 2877 κᾶν
1278 2795 1478 2896 πυκνότητί
1490 2827 1519 2866 ²·

275 2954 353 3003 πως
383 2924 439 2999 καὶ
468 2925 521 3027 τῷ
551 2919 754 3029 νενασμένῳ
786 2926 850 3021 τῆς
885 2925 973 3022 ὕλης
1006 2920 1256 3021 διακωλύηται·
1306 2918 1402 3025 ξύλα
1434 2920 1474 2999 δέ

275 3040 388 3121 πάλιν
409 3042 668 3145 τροπικῶτερον
688 3046 868 3124 ἀποκαλεῖ
887 3043 933 3123 τδι
958 3046 995 3124 ἐν
1019 3049 1064 3149 τῇ
1091 3042 1318 3149 θεοπνεύστιρ
1342 3048 1471 3149 γραφῇ

245 3163 495 3267 οθεωρήματα,
532 3164 752 3268 παράδεισόν
786 3200 866 3246 τινα
903 3165 1030 3268 νοητὸν
1066 3165 1130 3252 τὰς
1167 3164 1222 3250 αἶς
1263 3164 1471 3246 ἐντέθεινται

273 3285 418 3380 βίβλοις
450 3286 768 3391 κατασκευάζοντα,
797 3289 846 3368 ἐτι
879 3324 918 3369 τε
946 3287 1036 3392 πρὸς
1069 3287 1184 3395 τούτῳ
1217 3291 1276 3367 καὶ
1309 3285 1375 3388 τήν
1405 3298 1471 3368 τοῦ

273 3408 400 3509 Ἀγίου
424 3409 634 3510 Πνεύματος
662 3413 912 3516 καρποφορίαν
934 3415 1116 3491 ὠδίνοντα.
1155 3410 1201 3491 τὰ
1228 3410 1347 3490 τοίνυν
1373 3410 1471 3516 ξύλα
1486 3440 1519 3480 2·

273 3528 321 3609 τὰ
344 3531 465 3631 νοητά,
483 3533 721 3630 τουτέστι,τά
744 3534 821 3613 θεῖοί
844 3569 883 3614 τε
908 3538 965 3614 καὶ
990 3533 1147 3634 μυστικὰ
1172 3532 1383 3635 θεωρήματα
1407 3538 1471 3632 τῆς

273 3653 513 3733 θεοπνεύστου
531 3658 686 3760 γραφῆς,
705 3654 763 3734 διὰ
788 3661 850 3755 τῆς
876 3655 1016 3759 ἐρεύνης
1041 3657 1099 3736 καὶ
1123 3653 1384 3758 ἀκριβεστάτης
1407 3667 1473 3737 τοῦ

273 3783 336 3853 νοῦ
365 3779 579 3878 προσβολῆς
609 3811 648 3856 τε
680 3781 737 3856 καὶ
770 3776 943 3883 ὀξύτητος
971 3778 1208 3858 διοπτύσσειν
1239 3779 1472 3880 πειρώμενος,

272 3896 486 3976 κινδυνεύσει
531 3897 575 3997 δή
615 3897 696 3978 τότε
739 3899 912 3997 μάλιστα,
951 3903 1077 4006 φησὶν,
1115 3901 1202 3980 ὅταν
1246 3901 1381 4007 ἐκπέσῃ
1429 3904 1473 3983 τὸ

306 4155 423 4276 ῃᾱτούς]
441 4163 469 4218 4
483 4156 690 4247 pivEd3inyito
703 4157 735 4211 B.
808 4227 814 4239 ·
846 4174 887 4213 ιο.
906 4159 942 4214 εἰς
953 4167 1122 4229 assumptum
1134 4176 1167 4212 ex
1180 4158 1213 4212 B.
1333 4176 1375 4226 14.
1393 4160 1422 4213 δὲ
1436 4160 1470 4216 Β.

270 4244 298 4276 τε
356 4264 362 4276 .
475 4227 515 4280 16.
534 4229 604 4295 φησι
616 4226 683 4293 ξνλα
696 4227 746 4281 hoc
759 4226 851 4282 ordme
864 4227 901 4282 D.
1014 4230 1056 4283 18.
1073 4231 1216 4298 πρόσωπον
1229 4227 1262 4282 Β.
1273 4231 1402 4298 πρόσωπα
1416 4231 1469 4286 Ed.

270 4292 422 4381 δωομεύσει
435 4295 486 4350 Ed.
500 4296 588 4349 invitis
602 4295 674 4350 B.D.
806 4313 849 4351 21.
866 4301 903 4421 fg
915 4297 1060 4370 νινασμίνιρ
1073 4297 1124 4352 Ed.
1137 4302 1173 4370 τῷ
1186 4297 1317 4369 ἐνασμένῳ
1331 4298 1364 4352 B.
1377 4305 1429 4354 τῶν
1441 4301 1471 4353 ἐν

268 4384 373 4433 ασρενῳ
387 4364 422 4416 D.
470 4365 639 4433 διακωλύητοι
653 4365 685 4419 Β.
699 4365 866 4421 διακωλύοιτο
903 4366 930 4421 d.
1145 4384 1188 4436 23.
1206 4364 1467 4423 τδςοῖςέντέθιινται

269 4431 516 4554 ξξῧῗιῃὲςξέντεῦθιν
528 4435 572 4490 τὰς
584 4435 696 4500 βίβλους
709 4435 742 4490 B.
916 4454 957 4507 29.
977 4439 1005 4492 δέ
1019 4436 1070 4492 Ed.
1118 4438 1234 4506 μάλιστα
1245 4437 1276 4506 δή
1288 4441 1347 4492 τότε
1359 4439 1467 4494 inverso
