3038 5018
259 283 325 346 640
562 283 601 346 Β.
625 281 836 346 CYRILLI
866 280 1156 347 ALEXANDR.
1363 271 1467 349 vii-24

262 445 387 548 Λόγου
405 446 589 541 λαβόντας
612 445 816 549 περιτομὴν,
835 447 893 527 καῖ
917 441 1324 551 προαποτριφαμένους
1348 435 1469 540 τρόπον

261 571 352 668 τινὰ,
372 570 531 670 καθάπερ
550 574 679 669 κηλῖδα
699 575 831 677 ψυχῆς,
849 570 913 650 τόν
931 567 1135 667 ὀνειδισμὸν
1154 565 1373 670 Αἰγύπτου,
1392 557 1468 639 κατό

261 692 326 774 τόν
344 696 473 794 ἀρτίως
490 695 573 792 ῆμῖν
592 694 880 796 διερμηνευθέντα
899 693 1045 797 τρόπον.

229 841 250 906 d
326 814 415 897 Ὅτι
453 816 523 921 γόρ
562 821 610 902 ὡς
645 820 849 916 ὀνειδισμοῦ
887 819 945 897 καὶ
988 814 1220 916 ἀκαθαρσίας
1266 807 1468 904 ἀνάμεστον

263 939 409 1041 ἁπάσης
434 941 497 1022 τόν
516 943 615 1022 οὕτω
640 942 938 1044 περιτετμημένον
961 937 1284 1040 καταμυσάττεται
1312 933 1420 1029 θεὸς,
1436 932 1488 1010 αί5

261 1065 329 1165 τῆν
358 1065 478 1170 σάρκα
510 1064 802 1163 βδελυττόμενος,
831 1064 876 1166 ῆν
906 1067 971 1146 οὐκ
1003 1064 1194 1170 ἀπηξίωσε
1229 1063 1467 1161 δημιουργεῖν

262 1188 363 1268 ἀλλά
390 1188 453 1270 τόν
480 1195 558 1274 ταῖς
586 1194 634 1273 είς
660 1187 703 1267 τὸ
732 1197 876 1295 φαῦλον
902 1189 1044 1289 ἡδοναῖς
1072 1190 1181 1290 ὑγιῶς
1211 1184 1268 1265 ἔτι
1300 1186 1365 1264 καὶ
1394 1184 1469 1261 ὀλο-

262 1312 415 1416 κλῆρως,
433 1314 492 1392 ἵνα
511 1314 623 1395 οὕτως
641 1312 804 1410 ε’ίπωμεν,
822 1312 960 1417 έχοντα,
980 1311 1037 1392 διὰ
1054 1309 1096 1392 τό
1114 1308 1232 1409 μηδὲν
1250 1310 1469 1402 ἀποβαλεῖν,

263 1434 537 1536 διαγνωσόμεθα
560 1432 684 1533 πάλιν,
704 1435 790 1515 ὅταν
809 1440 965 1538 εὕρωμεν
981 1437 1136 1538 λέγοιτο
1157 1431 1257 1537 πρός
1287 1429 1360 1512 τόν
1377 1428 1470 1532 ἀγιον

95 1565 184 1695 {¹:⁰23
265 1559 430 1640 Μωυσέα
448 1563 506 1638 καὶ
525 1557 589 1638 τόν
606 1559 751 1662 Ἀαρών
768 1571 790 1607 “
804 1561 924 1644 Οὗτος
949 1562 969 1639 ὃ
996 1560 1103 1660 νόμος
1127 1566 1193 1638 τοῦ
1220 1555 1376 1662 πάσχα·
1407 1559 1501 1636 πιῖςω

95 1711 137 1762 44·
187 1667 193 1689 ¹
233 1691 285 1735 θ’(
304 1681 505 1784 ἀλλογενὴς
529 1684 593 1762 οόκ
619 1683 732 1763 ἔδεται
756 1685 816 1763 ἀπ’
840 1686 957 1780 αὑτοῦ,
980 1687 1038 1764 καὶ
1061 1680 1181 1764 πάντα
1206 1680 1361 1780 οἰκέτην
1383 1679 1467 1764 τινός

263 1821 286 1858 “
305 1812 363 1889 καὶ
388 1809 641 1913 ἀργυρώνητον
661 1819 857 1911 περιτεμεῖς
883 1813 1001 1909 αὐτὸν,
1021 1814 1078 1892 καὶ
1105 1807 1188 1890 τότε
1216 1807 1387 1916 φάγεται
1413 1807 1465 1885 ἀπ’

263 1944 285 1982 “
303 1935 443 2015 αὐτοῦ.”
482 1934 631 2041 ἐξείργει
654 1934 719 2030 μὲν
743 1934 815 2038 γὰρ
839 1942 1026 2021 παντελῶς
1051 1931 1113 2014 τόν
1138 1931 1388 2036 ἀλλόφυλον,
1411 1930 1465 2009 τὸν

263 2059 362 2138 οὕτω
399 2056 458 2137 διὰ
493 2059 650 2166 πίστεως
683 2057 1007 2161 προσοικειωθέντα
1043 2060 1197 2163 Χριστῷ
1234 2056 1301 2136 διὰ
1345 2056 1464 2136 τούτου

265 2186 398 2279 δηλῶν·
428 2180 492 2260 τόν
514 2181 556 2261 δέ
578 2216 620 2284 γε
645 2186 690 2287 τῆ
715 2184 872 2289 ἁμαρτίᾳ
897 2182 1120 2280 δουλεύοντα,
1140 2183 1199 2260 καὶ
1223 2186 1281 2288 τῷ
1308 2179 1463 2284 διαβόλῳ
1474 2201 1497 2260 ¹⁵

263 2303 399 2403 τρόπον
417 2303 496 2384 τινά
515 2304 843 2405 καταπεπραμένον,
861 2304 1193 2409 προπεριτμηθέντα
1210 2306 1272 2383 καὶ
1292 2336 1464 2405 προκεκα·

264 2427 441 2530 θαρμένον
465 2435 537 2507 τῶν
562 2427 761 2529 ίερωτάτων
782 2426 960 2511 ἅπτεσθαι
985 2435 1096 2532 κρεῶν
1114 2429 1286 2529 εὐκαίρως
1314 2426 1361 2527 δῆ
1388 2428 1465 2506 λίαν

264 2554 389 2656 ἐφίησι
417 2549 507 2632 τότε.
546 2556 694 2654 καθαροὶ
722 2551 793 2656 γὰρ
820 2561 967 2653 μᾶλλον
989 2559 1155 2655 καθαρῶς
1180 2551 1386 2657 μεθέξομεν
1409 2558 1466 2631 τοιῖ

97 2698 165 2755 488
174 2699 214 2755 A.
235 2679 442 2777 αΧριστοῖι,
463 2672 554 2753 κατὰ
577 2676 620 2755 τό
644 2679 682 2755 ἐν
706 2682 783 2760 ταῖς
807 2679 1012 2778 ἐκκλησίαις
1037 2675 1219 2781 εὐρύθμως
1244 2675 1464 2783 ἀναφωνοιί·

264 2832 372 2897 μενον
390 2797 449 2878 Τόι
471 2794 555 2901 ἅγια
581 2807 655 2884 τοῖς
681 2802 805 2903 ἁγίοις.
836 2804 894 2881 καὶ
913 2800 984 2903 γὰρ
1002 2800 1047 2902 ἦν
1064 2801 1174 2883 ὅντως
1193 2797 1336 2880 δίκαιόν
1355 2835 1397 2881 τε
1416 2803 1502 2880 mla

264 2922 412 3024 πρέπον,
424 2924 666 3009 ἀποθανόντος
684 2921 772 3027 ὑπὲρ
785 2924 888 3023 ἡμῶν
905 2933 969 3004 τοῦ
984 2929 1152 3028 Σωτῆρος
1170 2923 1276 3022 ἡμῶν
1290 2929 1469 3027 Χριστοῦ,

266 3049 323 3125 καὶ
342 3048 383 3126 οὐ
401 3053 475 3130 τοῖς
494 3046 584 3127 κατὰ
608 3046 717 3143 νόμον
736 3047 829 3147 ἡμᾶς
853 3048 1155 3151 περιῤῥαντηρίοις
1180 3049 1467 3150 καθαρίσαντος,

266 3172 350 3249 ἀλλ’
381 3171 503 3267 αίματι
530 3177 581 3279 τῷ
610 3172 696 3278 ῖδίιρ,
724 3175 783 3251 καὶ
816 3172 908 3272 ῆμῖις
941 3173 1037 3280 αὐτῷ
1067 3171 1133 3270 τῆν
1160 3172 1254 3250 ίδίαν
1286 3175 1470 3252 ἀναθεῖναι

266 3291 369 3395 ζωὴν,
382 3298 439 3373 καὶ
458 3298 506 3378 ὡς
525 3297 562 3374 ἒν
581 3294 680 3401 τάξει
698 3294 841 3374 δικαίων
855 3293 1081 3401 ὀφλημάτων
1094 3292 1319 3376 καταθέσθαι
1337 3295 1472 3377 λοιπόν

265 3416 307 3496 τὸ
325 3414 376 3515 μῆ
394 3416 648 3498 πολιτεύεσθαι
665 3418 730 3517 μέν
748 3421 893 3515 ἑαυτοῖς,
912 3418 1125 3498 ἀντιδιδόναι
1150 3417 1188 3499 δὲ
1215 3420 1382 3521 ὡσπερεὶ
1408 3419 1470 3520 τῆν
1482 3446 1507 3506 ²5

266 3541 449 3644 ὁλοσχερῆ
476 3538 567 3643 πρός
595 3539 777 3645 ἁγιασμόν
798 3541 999 3647 ἀφιέρωσιν
1019 3549 1092 3622 τῶν
1116 3541 1297 3642 ἡμετέρων
1315 3549 1469 3649 ψυχῶν.

266 3665 320 3744 ὀτι
338 3664 410 3768 γὰρ
429 3666 520 3765 ῆμαῖς
539 3662 580 3745 τό
598 3668 714 3765 τίμιον
733 3664 820 3762 αἷμα
840 3668 937 3745 καὶὸ
956 3666 1107 3750 θάνατος
1126 3674 1189 3745 τοῦ
1208 3664 1299 3768 ὑπὲρ
1318 3667 1473 3748 πάντων

233 3789 509 3873 δάποθανόντος
537 3796 712 3892 Χριστοῦ,
739 3791 796 3868 καῖ
824 3789 958 3873 παντὸς
987 3792 1140 3870 διεῖτωσε
1167 3796 1289 3886 κακοῦ,
1313 3795 1381 3871 καῖ
1411 3797 1472 3892 τῆς

266 3915 304 3991 ἐν
320 3912 494 4008 πνεύματι
511 3919 703 4016 περιτομῆς
721 3912 845 4016 γέγονε
871 3910 1060 4016 πρόξενον,
1079 3915 1121 3992 δι’
1141 3913 1183 4013 ῆς
1207 3910 1249 3992 τό
1277 3917 1470 3998 συνάπτε-

266 4043 355 4115 σθαι
386 4042 438 4143 τῲ
465 4038 522 4115 έπὶ
554 4037 691 4120 πάντας
726 4043 809 4145 Θεῷ
839 4039 1072 4139 κερδαίνομεν,
1105 4039 1173 4116 κάν
1201 4035 1319 4146 τούτῳ
1356 4043 1509 4126 πάλινςο

267 4158 445 4264 ὀψόμεθα.
487 4161 687 4261 γέγραπται
710 4160 782 4264 γάρ
808 4195 842 4239 τι
867 4170 1007 4240 τοιοῦτο
1032 4163 1088 4242 ε’πὶ
1112 4166 1164 4268 τῷ
1188 4158 1280 4259 μετὰ
1299 4167 1474 4245 Μωυσέα

304 4379 328 4416 ο.
347 4362 436 4432 ψυχῆς
450 4361 482 4414 B.
495 4363 611 4432 ψυχικὴν
624 4363 675 4419 Ed.
768 4364 807 4418 16.
827 4364 1072 4435 καταπεπραγμένων
1084 4363 1117 4420 Β.
1209 4376 1250 4434 ¹7·
1271 4364 1429 4433 ίεριιτάτων
1444 4369 1475 4423 Β.

268 4432 406 4501 ίερῶνΕιΙ.
472 4433 616 4499 δῆοῐη.Β.
779 4437 854 4489 18.ά
880 4436 980 4503 ίησιΒ.
1144 4452 1185 4506 19.
1204 4442 1226 4486 Χ
1245 4435 1338 4507 ιστοῦ]
1355 4446 1431 4494 θεοῦ
1445 4441 1475 4495 Β.

269 4519 311 4571 23.
330 4503 398 4575 αὐτῷ
410 4503 455 4571 τὴν
468 4504 535 4557 ι’δίαν
546 4504 687 4576 ἀναθεῖναι]
701 4505 829 4560 ἀναθεῖναι
874 4506 933 4559 νΒ.
1038 4519 1080 4575 25.
1099 4506 1210 4575 ὡσπερεί
1227 4457 1258 4560 β
1271 4508 1370 4580 ὥσπερ
1388 4512 1442 4568 Ed.
