3038 5018
241 291 305 355 532
543 290 582 355 Β.
605 289 813 355 CYRILLI
843 288 1131 354 ALEXANDR.
1333 285 1379 350 vi.
1393 298 1448 369 54

241 453 464 555 παράβασιν.
509 453 589 533 τότε
619 453 690 557 γάρ
720 460 864 556 πρῶτον
891 452 1097 553 ἠκούσαμεν
1125 462 1146 501 “
1160 455 1214 552 Γῆ
1244 447 1366 531 εἶκαὶ
1397 452 1448 533 εἰς

242 587 263 624 “
282 581 353 679 γῆν
380 575 601 681 ἀπελεῦσῃ.”
651 578 737 656 ἀλλ’
766 577 909 676 ε’ττείπερ
942 576 1072 671 ἔμελλε
1103 575 1167 654 τὸν
1199 576 1294 654 οὕτω
1326 570 1447 652 δεινὸν

241 701 456 805 ἀνατρέψειν
492 699 665 801 τύραννον
704 701 724 778 ὁ
768 697 941 800 Χριστὸς,
979 697 1037 778 διά
1078 702 1142 797 τῆς
1182 698 1288 800 ἀγίας
1332 698 1448 776 αὐτοῦ

241 821 378 925 σαρκὸς
418 825 456 902 ἐν
492 823 576 922 ἡμῖν
612 821 798 923 γινόμενος
834 824 882 906 ὡς
919 819 1000 922 ζωή,
1038 828 1330 922 προονετνττοῦτο
1368 826 1446 903 τοῖς

213 945 356 1026 οπάλαι
387 945 429 1026 τὸ
462 944 670 1046 μυστήριον,
704 948 762 1024 καὶ
799 944 1016 1045 ἀπεγεύοντο
1048 950 1121 1023 τῶν
1152 952 1216 1023 τοῦ
1252 941 1477 1045 προβάτονε

241 1074 363 1170 κρεῶν,
383 1068 610 1170 ἁγιαῷμενοί
630 1102 669 1147 τε
692 1073 744 1175 τῷ
768 1069 891 1166 αἵματι
910 1065 1131 1168 διεσώζοντο,
1149 1065 1446 1170 παρατρέχοντας

239 1189 377 1287 αὐτοῦς,
405 1191 498 1272 κατὰ
528 1192 710 1290 βούλησιν
740 1197 846 1285 Θεοῦ,
873 1199 938 1270 τοῦ
971 1189 1175 1294 ὀλοθρεῦειν
1203 1188 1444 1288 τεταγμένου,

239 1314 322 1397 τοῦς
349 1314 449 1416 οἵπερ
476 1313 574 1415 ἦσαν
601 1316 745 1418 μέτοχοι
773 1323 837 1393 τοῦ
865 1317 989 1410 ἀμνοῦ.
1042 1313 1080 1392 τί
1106 1318 1296 1414 τοιγαροῦν
1322 1321 1444 1416 χαλε-

239 1438 382 1534 παίνεις,
407 1439 567 1531 Ἰουδαῖε,
597 1434 687 1540 πρὸς
714 1435 779 1537 τήν
808 1437 847 1515 ἐκ
874 1441 947 1515 τῶν
974 1434 1097 1516 τύπων
1124 1435 1193 1535 ήδη
1221 1435 1446 1534 καλούμενος

239 1559 421 1658 ἀλήθειαν,
440 1559 527 1642 ὅταν
545 1561 636 1666 λέγῃ
655 1557 819 1662 Χριστός
836 1556 982 1663 Ἐἀινμή
1009 1557 1147 1665 φοίγητε
1171 1556 1224 1651 τήν
1241 1557 1364 1666 τιίρκα
1389 1560 1498 1639 τοῦτο

240 1685 305 1762 υἱοῦ
326 1686 382 1763 τοῦ
406 1682 572 1787 ἀνθρώπου
600 1692 660 1764 καὶ
687 1688 783 1776 πίητε
808 1685 909 1763 αὐτοῦ
935 1683 969 1761 τὶ
995 1680 1100 1784 αἷμα,
1120 1686 1179 1762 οὐκ
1198 1680 1295 1779 ἔχετε
1315 1677 1446 1788 ζωήνέν

240 1807 390 1900 ἓιιυτοῦςς
424 1806 537 1886 καίτοι
564 1812 711 1906 μᾶλλον
739 1809 848 1910 ἐχρῆν
875 1802 1159 1907 εῦθαρσέστερόν
1184 1837 1261 1887 πως
1289 1806 1349 1883 ἐπὶ
1378 1802 1446 1902 τήν

73 1952 188 2010 θθθΔ.
210 1934 313 2008 οτῶν
334 1931 543 2030 μυστηρίων
569 1929 654 2008 ἰέναι
679 1929 899 2035 κατάληψιν,
919 1925 977 2006 διά
1001 1933 1074 2008 τῶν
1094 1932 1328 2007 Μωνσαῦεῶν
1347 1961 1443 2029 προ·

239 2053 559 2154 παιδαγωγηθέντα
586 2053 753 2150 βιβλίων,
782 2055 841 2130 καὶ
872 2050 933 2130 διὰ
964 2049 1165 2155 σχημάτων
1192 2047 1447 2153 ἀρχαιοτάτων

239 2177 297 2256 ε’πὶ
315 2172 358 2254 τὸ
375 2179 504 2279 χρήναι
521 2173 703 2256 πιστεύειν
721 2172 980 2258 ἀνενδοιάστως
998 2172 1345 2278 χειραγωγοῦμενον.
1462 2209 1498 2270 15

190 2474 279 2547 54‘0
306 2474 442 2562 τρώγων
469 2498 530 2550 μου
561 2475 620 2540 τὴν
648 2476 753 2562 σάρκα
784 2474 836 2538 καί
869 2474 971 2540 πίνων
999 2496 1060 2550 μου
1087 2473 1124 2539 τὸ
1152 2466 1231 2549 αἷμα
1258 2471 1326 2558 ἔχει
1357 2473 1446 2561 ζωὴν

338 2595 482 2679 αἰώνιον,
510 2600 600 2673 κάτώ
626 2600 801 2667 ἀναστήσω
828 2598 927 2666 αὐτὸν
953 2600 988 2664 ὲν
1015 2604 1055 2689 τῇ
1082 2599 1202 2688 ἐσχάτῃ
1230 2597 1349 2688 ἡμέρᾳ.

298 2780 381 2858 Κάν
407 2779 522 2887 τούτῳ
550 2778 594 2880 δή
621 2779 787 2880 μάλιστα
819 2777 1004 2879 θαυμάσαι
1035 2777 1211 2881 προσήκει
1242 2774 1307 2858 τδν
1334 2774 1447 2879 ἅγιον

73 2909 156 3038 ἰθᾟ·
242 2901 521 3005 Εῦαγγελιστήν
548 2914 570 2950 “
591 2906 664 2982 Καὶ
700 2904 721 2982 δ
754 2903 873 3005 Λόγος
905 2901 1008 3008 σὰρξ
1043 2903 1217 3005 ἐγένετο,”
1246 2900 1448 3004 διαῤῥήδην

240 3026 521 3131 ἀνακεκραγότα·
566 3026 608 3105 οὐ
645 3023 717 3128 γάρ
755 3024 810 3106 ὅτι
845 3026 993 3127 γέγονεν
1028 3027 1067 3104 ἐν
1102 3027 1222 3124 σαρκὶ,
1257 3024 1345 3101 ἀλλ’
1388 3023 1446 3102 ὅτι
1461 3062 1500 3104 20

207 3150 366 3251 bye‘yove
386 3148 496 3255 σάρξ,
517 3149 581 3228 οῦκ
600 3148 848 3250 ἀπενάρκησεν
865 3155 984 3245 εἰπεῖν,
1003 3149 1061 3229 ἵνα
1086 3147 1185 3254 δείξῃ
1209 3145 1276 3245 τήν
1292 3144 1443 3226 ἕνωσιν.

241 3275 300 3352 καὶ
325 3274 366 3351 οῦ
392 3271 506 3371 δήπου
531 3269 702 3379 φαμὲν,ή
727 3270 791 3353 τὸν
812 3274 852 3351 εἰ(
874 3270 1020 3373 Πατρὸς
1043 3269 1138 3350 Θεὸν
1156 3267 1280 3372 Λόγον
1298 3274 1348 3352 εἰς
1375 3266 1446 3368 τὴν

241 3398 305 3492 τῆς
330 3393 467 3494 σαρκὸς
491 3399 799 3493 μεταπεποιήσθαι
825 3396 948 3502 φύσιν,
967 3394 1079 3497 ἤγουν
1095 3391 1162 3492 τήν
1179 3392 1300 3496 σάρκα
1324 3425 1442 3490 μετα·

241 3521 407 3621 χωρῆσαι
433 3515 524 3618 πρὸς
553 3517 687 3621 Λόγον·
732 3518 826 3616 μένει
857 3518 929 3620 γὰρ
959 3515 1137 3619 ἑκάτερον,
1168 3515 1256 3619 ὅπερ
1283 3517 1366 3594 ἐστὶ
1395 3520 1446 3620 τῇ

241 3639 362 3745 φύσει,
394 3643 452 3719 καὶ
485 3638 533 3724 εἷς
566 3641 611 3746 ἐξ
637 3642 773 3747 ἀμφοῖν
801 3643 821 3721 ὁ
852 3640 1026 3742 Χριστός·
1068 3638 1278 3745 ἀποῤῥήτως
1309 3637 1350 3718 δὲ
1381 3642 1445 3719 καὶ
1461 3673 1500 3734 ²5

242 3763 331 3864 ὑπὲρ
349 3770 433 3842 νοῦν
451 3760 515 3842 τὸν
533 3765 756 3865 ἀνθρώπινον
773 3763 950 3863 ἡνωμένος
969 3765 990 3843 ὁ
1009 3761 1129 3865 Λόγος
1150 3768 1196 3867 τῇ
1219 3764 1288 3869 ἰδίᾳ
1310 3764 1443 3865 σαρκὶ,

242 3890 300 3967 καὶ
325 3887 416 3985 ὅλην
440 3884 565 3989 ὥσπερ
592 3893 639 3971 εἰς
664 3886 789 3968 ἑαυτὸν
814 3887 1047 3988 μεταστήσας
1076 3885 1152 3967 κατ’
1171 3886 1351 3989 ἐνέργειαν
1374 3885 1447 3986 τήν

241 4012 279 4089 ἐν
304 4016 355 4117 τῷ
383 4010 560 4091 δύνασθαι
587 4010 767 4114 ζωοποιεῖν
790 4008 836 4091 τά
863 4009 953 4113 ζωῆς
981 4011 1137 4110 δεόμενα·
1171 4014 1236 4110 τῆς
1263 4007 1330 4108 μὲν
1356 4009 1447 4109 ἡμε-

212 4133 344 4235 οτέρας
373 4133 518 4238 φύσεως
550 4133 709 4240 ἐξήλασε
743 4133 809 4234 τήν
836 4135 989 4240 φθορὰν,
1017 4133 1193 4242 ἐξέστησε
1221 4132 1259 4213 δέ
1286 4135 1347 4211 καὶ
1376 4130 1448 4214 τὸν

276 4378 302 4430 3.
320 4362 399 4415 αὑτοῦ
413 4360 550 4415 Mauro&
566 4362 616 4417 Ed.
726 4380 766 4417 11.
785 4366 898 4417 τοῦουι.
912 4362 1026 4416 Aub.re
1063 4361 1151 4418 suiex
1165 4360 1200 4415 D.
1309 4375 1354 4427 14.
1373 4362 1447 4434 σχή·

239 4453 306 4499 ματα
320 4431 356 4485 D.
456 4434 496 4486 18.
516 4433 647 4557 θαιχιάσαι
658 4434 774 4504 μάλιστα
786 4433 892 4488 inverso
904 4432 1043 4488 ordine.
1141 4446 1184 4486 21.
1203 4429 1448 4501 οῦκάπενάρκήσεν

241 4499 274 4554 Β.
287 4502 317 4554 οὔ
330 4503 517 4572 κατενάρκήσεν
530 4504 552 4557 Ε
