3038 5018
243 280 309 344 ιοο
545 280 587 347 ο.
609 278 816 345 omnm
846 277 1132 342 ALEXANDR.
1266 272 1449 360 αμα.

243 446 462 555 ἐνισταμένη)
492 444 531 526 δὲ
559 447 672 527 πάλιν
703 449 761 527 καὶ
794 452 1008 552 φιλονεικεῖν
1041 443 1095 524 δτι
1127 443 1258 546 πρέποι
1291 445 1446 542 διεγνω-

242 568 321 650 κότι
345 570 565 675 μακρότερον
589 570 699 650 ἐκεῖνό
724 578 818 676 φημι
845 575 889 649 Ei
917 569 1167 661 καταβέβηκεν
1190 565 1235 672 ἐξ
1259 571 1406 672 οὐρανῶν
1428 563 1451 642 ὁ

243 691 331 777 Υῖδς
359 695 401 773 οὐ
428 693 470 774 τὸ
499 699 625 774 οἰκεῖον
653 693 935 796 ἀποπληρῶσων
963 692 1115 791 θέλημα,
1144 688 1305 790 καθάπερ
1337 683 1452 772 αὐτός

242 823 371 921 φησιν,
389 819 493 898 ἀλλά
518 816 559 897 τδ
585 821 639 898 τοῖν
666 818 810 926 Πατρὶς,
829 819 891 897 καί
911 851 973 896 σοι
999 819 1061 914 τῆς
1087 816 1215 917 ἀρτίως
1238 813 1322 911 ἡμῖν
1345 818 1449 914 είρη-

242 939 348 1042 μένης
382 944 440 1023 ἐπὶ
472 940 587 1050 τούτῳ
620 943 768 1045 θεωρίας
800 943 867 1046 οὐχ
903 941 997 1040 ἡδεῖς
1034 945 1067 1018 οῖ
1104 937 1210 1040 λόγοι
1247 942 1486 1042 φανοῦνταιὸ

212 1062 365 1170 οτυχόν·
406 1061 462 1167 ἀρ’
492 1066 556 1144 οὐκ
583 1066 777 1167 ἀναγκαῖον
805 1069 915 1143 εἰπεῖν
942 1061 1191 1167 ἀντιτετάχθαι
1218 1095 1296 1142 πως
1322 1059 1452 1142 αὐτοῖς

242 1184 289 1267 τά
306 1185 505 1287 θελήματα,
524 1190 584 1267 καὶ
602 1189 790 1290 διωρίσθαι
809 1184 900 1267 κατὰ
919 1186 961 1266 τὸ
979 1187 1136 1266 ἐναντίον
1154 1182 1221 1284 τὴν
1237 1181 1447 1281 βοόλησιν;

243 1311 329 1389 ἀλλ’
350 1311 430 1390 ἔστι
449 1309 492 1410 δή
510 1317 626 1392 πᾶσιν
644 1310 947 1413 ὁμολογούμενον.
987 1316 1016 1390 εί
1040 1307 1106 1410 μέν
1123 1307 1195 1411 γάρ
1220 1305 1262 1387 τὸ
1288 1308 1452 1409 διεῖργον

243 1431 354 1531 οὐδέν,
382 1434 446 1531 μία
475 1434 590 1534 δήπου
616 1432 760 1518 πάντως
788 1437 825 1514 ἐν
852 1437 988 1539 ἀμφοῖν
1016 1434 1038 1531 ή
1065 1430 1230 1532 θέλησις·
1269 1434 1299 1508 εῖ
1328 1426 1368 1507 δὲ
1398 1431 1451 1512 ὡς

243 1555 367 1659 ἑτέραν
385 1556 466 1637 τινά
491 1556 590 1660 παρὰ
617 1557 683 1657 τὴν
708 1566 771 1638 τοῦ
797 1557 943 1660 Πατρός
969 1556 1204 1662 ὑπάρχουσαν
1227 1550 1452 1656 παρελαύνει
1468 1585 1504 1627 10

242 1680 309 1777 μὲν
345 1679 411 1777 τὴν
447 1683 583 1779 ἑαυτοῦ,
616 1690 755 1786 πληροῖ
787 1681 824 1763 δὲ
862 1683 1008 1780 ἐκείνην,
1046 1687 1124 1763 πῶς
1161 1680 1226 1759 οὐκ
1262 1675 1452 1761 ἀσυνέτως

243 1804 392 1905 ἐροῦμεν
412 1806 498 1904 μίαν
518 1800 617 1904 εἶναι,
641 1809 698 1885 καῖ
728 1806 794 1912 οὐχ
822 1806 944 1909 ἑτέραν
966 1808 1014 1890 ὡς
1040 1801 1131 1907 πρὸς
1159 1802 1281 1904 ἑτέραν
1293 1833 1304 1898 ;

293 1923 446 2027 Ἴδωμεν
473 1928 592 2008 τοίνυν
621 1930 659 2008 ε’ν
687 1928 785 2007 τίσιν
814 1932 914 2008 ἐστὶν
946 1928 968 2027 ἡ
1001 1926 1152 2026 θέλησις
1183 1932 1247 2004 τοῦ
1281 1921 1447 2026 Πατρός·

209 2051 337 2130 doffte>
361 2048 433 2154 γὰρ
458 2049 583 2152 δήκαὶ
607 2051 674 2152 τὴν
696 2052 828 2154 ἑτέραν,
853 2050 935 2132 ὅποι
958 2049 1046 2131 ποτὲ
1070 2049 1213 2146 βλέποι,
1239 2047 1449 2149 διαγνωσό·

242 2179 347 2273 μεθα.
385 2176 513 2256 οὐκοῦν
530 2176 554 2275 ἦ
572 2174 637 2275 μὲν
655 2173 834 2274 βούλησις
859 2183 923 2256 τοῦ
942 2175 1096 2276 Πατρός,
1116 2177 1164 2258 ὡς
1183 2168 1289 2255 αὐτὸς
1307 2168 1452 2274 εἴρηκεν
1467 2205 1503 2264 15

242 2297 421 2401 ὁΣωτὴρ,
437 2299 494 2379 ’ίνα
512 2301 584 2380 πῖιν
602 2301 618 2379 ’δ
638 2294 775 2380 δέδωκεν
792 2300 889 2406 αὐτῷ
910 2297 958 2405 μή
983 2296 1144 2402 ἀπολέσῃ
1169 2297 1205 2403 ἐξ
1231 2297 1332 2376 aba&
1357 2301 1452 2375 ἀλλ’

241 2424 418 2527 ἀναστήσῃ
447 2422 530 2502 αιἰτδ
561 2425 602 2529 τῇ
632 2421 763 2536 ἐσχάτη
797 2421 915 2532 ἡμέρα.
965 2424 1023 2501 καὶ
1054 2420 1173 2522 ἀγαθή
1203 2417 1267 2519 μὲν
1297 2417 1353 2498 δτι
1386 2422 1453 2498 καὶ

242 2543 501 2649 φιλάνθρωπος
524 2547 636 2630 οὐδεὶς
656 2548 806 2650 ἀντερεῖ·
836 2543 1069 2644 μεθιστάντες
1088 2542 1126 2624 δὲ
1142 2542 1235 2648 πρὸς
1252 2541 1318 2642 τήν
1338 2544 1449 2622 ἐναν-

240 2667 326 2752 τίως
352 2667 508 2773 ἔχουσαν
530 2669 711 2771 βούλησιν
736 2678 800 2750 τοῦ
823 2676 913 2751 Υίοῦ
940 2667 1004 2754 τάς
1032 2670 1177 2768 ἐννοίας,
1196 2669 1276 2748 οὔτε
1304 2666 1451 2775 φιλοίν-

243 2796 399 2895 θρωπον,
427 2795 507 2873 οὔτε
534 2792 606 2894 μὴν
634 2794 729 2879 ὅλως
761 2793 959 2897 εὑρήσομεν
986 2792 1135 2895 ἀγαθὸν,
1163 2800 1368 2901 φρονοῦντα
1403 2793 1452 2894 δὴ
1467 2829 1506 2873 ιο

213 2913 387 3001 οπάντως
410 2917 581 2997 τάναντία
605 2922 657 3025 τῷ
683 2920 813 3021 Πατρῖ,
838 2920 896 2998 καὶ
920 2920 1000 2998 οὕτε
1026 2916 1210 3020 διασώζειν
1235 2917 1342 3016 ἡμᾶς,
1364 2920 1452 2998 οὔτε

241 3037 315 3138 μὴν
342 3043 381 3119 ἐκ
409 3038 564 3121 θανάτου
592 3047 779 3126 διανιστᾶν
807 3041 987 3122 ε’θέλοντα.
1029 3049 1107 3126 πῶς
1135 3043 1197 3121 οὖν
1227 3041 1278 3120 ἔτι
1310 3042 1453 3142 ποιμὴν

242 3163 391 3266 ἀγαθὸς,
407 3171 485 3250 πῶς
509 3165 547 3246 δὲ
570 3174 721 3265 σημεῖον
739 3166 825 3265 ἡμῖν
842 3170 907 3265 τῆς
931 3167 1081 3265 ἐνούσης
1108 3167 1205 3272 αὐτῷ
1229 3170 1449 3272 φιλανθρω-

242 3288 328 3372 πίας
355 3289 470 3387 ἐτίθει,
489 3288 531 3369 τδ
558 3289 693 3369 διδόναι
720 3289 786 3388 τὴν
810 3288 936 3396 ψυχὴν
961 3288 1048 3393 ὑπὲρ
1076 3289 1201 3389 ήμῶν;
1230 3293 1260 3369 εί
1284 3288 1453 3396 μὲνγὰρ

246 3410 495 3505 καταβέβηκεν
517 3413 561 3519 ἐξ
584 3419 738 3521 οὐρανῶν,
755 3413 814 3492 ἵνα
838 3421 944 3492 τοῦτο
969 3414 1151 3519 πληρώσῃ
1176 3411 1259 3493 καθ’
1279 3413 1452 3496 ἑκούσιον
1465 3443 1502 3504 ¹5

242 3531 436 3635 βούλησιν,
455 3541 533 3619 πῶς
558 3536 599 3615 οὐ
624 3536 666 3615 τό
689 3534 780 3615 ἰ’διον
802 3536 943 3637 θέλημα
967 3545 1112 3641 πληροῖ,
1130 3535 1220 3636 μήτε
1246 3539 1452 3620 ἀπολλύων

243 3655 285 3738 τὸ
315 3654 601 3761 προσαγόμενον,
629 3657 730 3739 ἀλλά
759 3662 818 3740 καὶ
848 3658 1032 3744 διανιστάς
1064 3661 1157 3741 κατὰ
1188 3660 1254 3761 τὴν
1284 3661 1456 3767 ἐσχάτην,

244 3780 402 3884 ἡμέραν;
434 3787 464 3861 εῖ
487 3780 525 3861 δὲ
549 3783 613 3862 οὐκ
639 3782 739 3862 ἔστιν
756 3784 793 3862 ἐν
812 3783 959 3883 θελήσει
978 3793 1082 3864 τοῦτο
1101 3786 1207 3892 αὐτῷ,
1226 3787 1398 3888 τ’ττηρετεῖ
1411 3786 1450 3866 δὲ

244 3910 391 4004 μᾶλλον
414 3912 486 3990 τοῖς
512 3904 693 4006 θελήμσσι
717 3915 781 3986 τοῦ
809 3907 964 4010 Πατρός,
988 3912 1046 3989 καὶ
1072 3909 1255 3994 διανιστάς
1282 3915 1342 3989 καὶ
1371 3916 1451 3991 δια-

75 4055 194 4112 qu.
216 4027 383 4132 τσοίζων,
401 4026 483 4115 τοὺς
500 4028 741 4113 ἀπολωλότας
759 4029 928 4128 δηλονότι
946 4035 1004 4111 καὶ
1027 4038 1079 4141 τῷ
1102 4032 1245 4139 θανάτιρ
1270 4069 1447 4139 κεκρατη-
1466 4062 1503 4120 30

243 4152 380 4252 μένους,
420 4159 496 4237 πῶς
538 4155 603 4234 οὐκ
646 4152 905 4254 ἀληθεύσομεν,
941 4157 1021 4235 οὔτε
1062 4156 1211 4258 ἀγαθὸν,
1248 4159 1329 4236 οὔτε
1373 4159 1449 4260 μὴν

280 4378 305 4416 2.
324 4364 435 4433 οὐρανοῦ
449 4363 481 4417 Β.
561 4365 588 4418 8.
606 4365 688 4420 πᾶσιν
701 4363 734 4418 Β.
747 4365 827 4418 πάλιν
839 4363 891 4420 Ed.
973 4384 1013 4432 14.
1030 4366 1124 4427 βλέπει
1138 4366 1174 4421 D.
1258 4370 1447 4456 1ἶ.αυτδ]-Ι-

242 4431 271 4485 ἐν
284 4433 316 4487 Β.
375 4434 471 4504 ἀγαθὸς
485 4433 518 4487 Β.
628 4451 669 4489 22.
687 4435 725 4488 ἔτι
738 4434 772 4489 Β.
785 4434 842 4488 ε’στι
856 4434 907 4489 Ed.
1016 4452 1058 4506 27.
1078 4437 1211 4493 διανιστδς
1225 4438 1257 4491 B.
1271 4441 1383 4497 ανιστδς
1397 4442 1451 4498 Ed.

244 4517 288 4566 τι).
306 4504 439 4560 διανιστὰτ
451 4514 477 4558 et
489 4505 622 4572 διασώζειν
634 4505 703 4561 inter
715 4523 743 4560 se
755 4506 906 4576 transponit
920 4505 970 4561 Ed.
983 4507 1067 4562 invito
1081 4507 1114 4563 B.
