3038 5018
89 297 185 367 v.23.
249 283 306 348 1N
336 284 650 352 S.JOANNEM.
696 285 792 352 mn.
815 286 862 351 11.
909 286 1128 352 estvm.
1224 288 1287 352 τοι

89 443 162 548 γὰρ
180 448 329 530 ἐποιεῖτο
349 453 496 556 Πατέρα
514 451 577 535 τὸν
595 451 703 533 Θεόν·
732 452 1077 554 προκατασκευάσας
1100 453 1138 533 δέ
1162 449 1287 544 πάλιν,

90 567 145 649 ὅτι
173 577 231 652 καὶ
259 573 352 659 Θεὸς
376 574 605 680 Δημιουργὸς
634 580 693 656 καὶ
720 575 791 681 ζωὴ
819 579 893 658 κατ’
920 574 1093 676 ἀλήθειάν
1117 578 1207 673 ἐστι,
1229 579 1289 655 καὶ

89 693 195 794 ὅλως,
214 697 257 779 ἵν’
277 701 390 784 οὕτως
415 701 513 799 εἴπω,
532 709 606 784 τοῖς
629 709 694 780 τοῦ
712 706 808 781 Θεοῦ
827 706 885 781 καὶ
905 699 1051 802 Πατρὸς
1069 698 1285 802 ἐπαγλαῖζό·

88 855 197 920 μενον
222 822 391 923 ἱδιείμασι
413 823 708 928 προεισενεγκάιν,
726 825 894 928 εὐκαίρως
919 823 1044 927 ἐπάγει
1069 823 1199 904 λοιπόν
1214 823 1291 906 ’Ἰνα

54 942 216 1032 ὅπάντες
234 947 358 1053 τιμαῖσι
378 949 430 1030 τὶν
446 949 517 1031 Τίον
539 946 649 1035 καθδς
670 946 793 1055 τιμῶσι
820 951 878 1028 καὶ
902 949 955 1029 τδν
975 947 1124 1056 Πατέρα
1162 945 1238 1029 εἶτα
1255 950 1293 1030 τί

89 1066 133 1148 τὸ
160 1072 399 1152 ἀντιστατοῦν
424 1075 656 1182 ἀναφανεῖται
683 1072 822 1170 λοιπὸν,
847 1074 885 1152 τί
910 1071 948 1151 δέ
973 1070 1015 1152 τὸ
1043 1073 1185 1151 κωλύον
1210 1075 1290 1153 ἐστὶ

90 1192 166 1284 τὸν,
195 1191 292 1301 ᾧπερ
329 1198 512 1282 οὐσιωδῶς
549 1194 738 1301 ἐνυπάρχει
769 1195 815 1276 τὰ
847 1203 911 1276 τοῦ
942 1194 1183 1297 γεννήσαντος
1218 1195 1319 1276 ’ίδιαο

92 1322 150 1396 καὶ
177 1317 350 1424 ἐξαίρετα,
378 1319 469 1424 πρὸς
500 1319 542 1400 τὸ
571 1321 653 1400 ’ίσον
679 1324 743 1419 τῆς
770 1324 873 1419 τιμῆς
902 1321 1106 1414 ἀναβαίνειν
1133 1319 1286 1424 με’τρον;

91 1439 203 1540 αὐτὴν
220 1441 292 1545 γὰρ
317 1443 386 1545 ἤδη
410 1451 580 1542 τιμῶντες
603 1442 670 1542 τὴν
688 1450 752 1523 τοῦ
771 1449 865 1524 Θεοῦ
888 1448 945 1523 καὶ
967 1441 1114 1546 Πατρὸς
1139 1442 1288 1524 ἁλωσό-

45 1596 78 1640 ιο
91 1569 184 1662 μεθα
212 1565 337 1672 φύσιν,
362 1574 482 1653 καλῶς
509 1571 546 1648 ἐν
565 1573 643 1676 Υίῷ
669 1567 959 1665 διαλάμπουσαν·
998 1566 1058 1647 διὰ
1084 1565 1157 1671 γὰρ
1184 1567 1289 1649 τοῦτο’

92 1696 208 1796 φησιν
230 1691 361 1798 ἐφεξῆς
378 1693 423 1773 ‘0
446 1690 493 1795 μῆ
521 1692 623 1797 τιμάν
646 1691 696 1772 τὶν
718 1698 789 1773 Τίον
819 1698 852 1771 οὐ
881 1701 969 1803 τιμξι
996 1690 1048 1775 τάν
1074 1692 1211 1800 Πατέρα
1239 1691 1291 1775 τὶν

92 1812 296 1921 πέμψαντα
333 1820 438 1897 αὐτόν.
494 1815 715 1917 ἀναβήσεται
751 1815 824 1918 γὰρ
861 1818 925 1897 οὐκ
961 1819 1016 1921 ἐφ’
1055 1816 1174 1919 ἕτερόν
1211 1851 1291 1896 τινα

94 1944 238 2033 μᾶλλον
256 1943 320 2037 τῆς
338 1945 387 2024 εἷς
405 1938 496 2020 Υίδν
512 1942 653 2033 ἀτιμίας
670 1937 712 2018 τέ)
730 1938 905 2042 ἔγκλημα,
924 1944 981 2019 καὶ
1000 1945 1063 2039 τῆς
1082 1940 1291 2049 δυσφημίας

94 2060 118 2159 ἡ
146 2060 302 2161 δυ’ναμις,
328 2061 351 2165 ἢ
380 2071 430 2148 εἰς
456 2062 565 2143 αὐτὸν
591 2063 833 2167 ἀληθέστερον
858 2063 923 2143 τὸν
949 2064 1106 2165 Πατέρα,
1130 2062 1291 2166 καθάπερ

45 2211 80 2272 15
99 2182 167 2266 ἀπὸ
198 2192 317 2290 πηγῆς
349 2193 412 2287 τῆς
445 2189 572 2272 οἰκείας
605 2186 751 2294 φάσεως
783 2186 910 2266 ἀνέντα
942 2186 1006 2266 τὸν
1035 2183 1135 2282 ww,
1168 2192 1197 2266 εἱ
1231 2189 1291 2265 καὶ

94 2311 337 2417 συνυπάρχον
372 2313 491 2396 ἀϊδίως
529 2314 625 2417 αὐτῷ
663 2311 721 2390 διὰ
756 2310 879 2412 πάσης
916 2312 1040 2415 ὁρᾶται
1080 2314 1145 2410 τῆς
1185 2309 1325 2412 ἀγίαςδ

93 2441 247 2541 γραφῆς.

151 2558 275 2640 Ἀλλὰ
307 2562 374 2658 ναὶ,
408 2564 524 2664 φησὶν
555 2562 576 2641 ὁ
611 2561 653 2640 δι’
684 2560 854 2657 ἐναντίας,
887 2561 998 2660 ἡκέτω
1028 2563 1091 2658 τῆς
1123 2563 1172 2644 είς
1201 2553 1292 2636 Υίδν

96 2685 237 2780 ἀτιμίας
263 2682 306 2764 τὸ
333 2685 498 2786 ἔγκλημα
524 2681 615 2789 πρδς
643 2683 732 2786 ὅπερ
760 2682 804 2764 ἀν
828 2684 988 2782 βούλοιο,
1011 2691 1156 2781 μᾶλλον
1179 2679 1217 2762 δέ
1243 2686 1293 2766 εἰς

45 2839 83 2883 ιο
97 2802 205 2887 αὐτὸν
231 2809 450 2914 ἀφικνείσθω
477 2805 541 2889 τὸν
560 2806 656 2889 Θεὸν
677 2809 734 2887 καὶ
761 2809 915 2912 Πατέρα.
952 2806 1194 2911 ἀγανακτήσει
1220 2806 1293 2907 γὰρ

97 2929 141 3029 δὴ
178 2934 237 3011 καὶ
269 2931 371 3031 μάλα
403 2931 555 3030 εἰκότως,
587 2934 671 3012 ἀλλ’
706 2934 785 3039 οὐχὶ
816 2931 970 3030 πάντας,
1002 2935 1050 3014 ὡς
1085 2935 1150 3029 τῆς
1184 2931 1293 3009 αὐτοῦ

97 3053 243 3158 φάσεως
271 3055 489 3157 ὑβρισμένος
516 3059 554 3136 ἐν
582 3059 670 3164 m,
698 3056 789 3136 κατὰ
816 3055 880 3136 τὸν
907 3054 1035 3159 ἀρτίως
1067 3053 1151 3152 ἡμῖν
1179 3058 1289 3158 φιλο-

96 3180 311 3283 τεχνηθέντα
347 3177 471 3282 λόγον,
512 3182 596 3260 ἀλλ’
635 3182 778 3282 ἐπείπερ
815 3183 915 3259 ἐστὶν
952 3178 1054 3258 εἰκὼν
1091 3177 1199 3257 αὐτοῦ
1235 3178 1293 3255 καὶ

97 3301 292 3407 χαρακτὴρ,
312 3306 361 3389 ὡς
386 3301 478 3409 πρὸς
503 3303 569 3403 τὴν
595 3306 693 3384 θείαν
714 3338 753 3383 τε
782 3306 839 3383 καὶ
867 3303 1021 3407 ἀῤῥητον
1043 3302 1152 3381 αὐτοῦ
1179 3300 1294 3407 φύσιν

45 3457 83 3519 ²5
97 3423 230 3529 ἀριστα
257 3427 546 3533 μεμορφωμένος,
571 3433 779 3532 χαλεπαίνει
806 3424 871 3525 μέν
895 3425 1065 3529 εὐλόγως,
1091 3427 1228 3507 ἀνοίσει
1256 3423 1324 3506 δέο

96 3547 241 3635 πάντως
269 3558 317 3635 είς
350 3551 475 3632 ἑαυτὸν
505 3549 547 3631 τὸ
584 3553 748 3650 ἀδίκημα.
800 3555 858 3631 καὶ
890 3550 962 3655 γὰρ
996 3551 1040 3652 ἦν
1073 3551 1184 3634 ὅντως
1221 3555 1295 3629 τῶν

97 3672 347 3773 ἀτοπωτάτων,
373 3675 438 3756 τὸν
462 3683 536 3760 τοῖς
563 3674 668 3759 θείοις
696 3679 941 3779 χαρακτῆρσιν
965 3674 1292 3777 ἐμπαροινὴσαντα,

96 3795 148 3897 μὴ
178 3798 258 3903 οὐχὶ
287 3797 429 3885 πάντως
462 3805 524 3900 τῆς
557 3806 604 3884 είς
635 3799 835 3904 ἀρχέτυπον
863 3800 1037 3903 ἁμαρτίας
1067 3798 1295 3879 ἀποτιννύναι

97 3924 207 4008 δίκας.
255 3921 378 4028 ὥσπερ
411 3926 473 4004 οὖν
500 3923 634 4022 ἀμέλει,
663 3925 721 4004 καὶ
750 3926 771 4004 ὁ
798 3932 874 4009 ταῖς
902 3925 1014 4004 εἰκόσι
1041 3929 1114 4003 τῶν
1141 3925 1198 4002 ἐπὶ
1226 3924 1295 4022 γῆς

45 4085 85 4143 30
97 4047 284 4138 βασιλέων
306 4048 583 4153 ἐμπαροινήσας,
608 4052 656 4132 ὡς
681 4053 729 4133 είς
753 4046 863 4129 αὐτὸν
887 4049 954 4149 ἤδη
979 4043 1294 4145 πεπλημμεληκὼς

96 4168 161 4250 τὸν
189 4181 387 4276 κρατοῦντα
415 4170 613 4275 κολάζεται·
654 4172 853 4276 ὡρισμένον
881 4172 923 4252 δέ
945 4207 980 4252 τι
1008 4178 1168 4275 τοιοῦτον
1195 4168 1294 4274 παρὰ

134 4408 159 4447 2.
179 4393 229 4462 ζαν)
244 4393 276 4447 Β.
290 4394 340 4460 ζῶν
352 4393 403 4449 Ed.
534 4410 560 4464 3.
577 4392 655 4459 ὅλως,
666 4393 697 4450 ἶν’
710 4392 804 4465 οὕτως]
817 4393 889 4450 ὅλοις
900 4392 981 4450 οὕτως
994 4392 1026 4447 Β.
1153 4406 1178 4463 5.
1198 4392 1240 4446 καὶ
1251 4409 1295 4447 αι-

98 4473 282 4588 ωωρξυεαεέ
296 4463 329 4556 Β.
348 4537 360 4550 Α
388 4534 430 4591 Ed
475 4481 516 4520 τι.
534 4465 594 4534 ἑξῆς
607 4463 640 4520 Β.
792 4482 834 4536 13·
851 4467 954 4535 μᾶλλον
966 4472 1027 4519 ante
1039 4462 1085 4517 οὐκ
1097 4463 1248 4534 transponit
1261 4463 1294 4521 Β.

99 4551 143 4590 21.
162 4556 240 4588 αυτον
279 4556 375 4603 ,ουν-ης
431 4575 439 4592 .

142 4635 212 4681 vot.
230 4637 253 4681 1.
677 4638 697 4683 1
713 4642 735 4683 x
