3038 5018
96 315 260 385 V.44‚45.
294 299 348 364 IN
379 299 412 364 S.
437 296 694 363 JOANNEM.
740 296 925 362 LIB.III.
972 297 1148 362 CARII.
1237 298 1300 360 387

96 467 185 542 σθαι
201 462 284 547 τοῦς
304 463 525 565 Φαρισαίους
550 460 650 564 παρὰ
672 471 737 544 τοῦ
756 466 924 564 Σωτῆρος
950 462 1051 561 ἡμῶν
1069 466 1233 564 Χριστοῦ
1259 457 1300 537 τὸ

96 585 279 686 εἰρημένον
296 589 387 685 ἐστὶ,
404 584 618 690 πράγματος
635 586 808 686 ἐσομένου
830 588 904 665 κατ’
925 591 1052 664 οἰκεῖον
1070 582 1193 686 καιρόν
1210 617 1294 686 προ

96 709 246 813 φητείαν
264 710 444 817 εἰσφέρον.

114 923 191 990 Πῶο
217 925 356 992 δύνασθε
387 928 559 1006 πιστεύειν,
587 925 686 992 δόξαν
714 925 803 1014 παρὰ
836 924 1023 1013 ἀνθρώπων
1051 925 1281 1004 λαμβάνοντα,
1312 935 1350 988 44

63 1061 83 1122 5
197 1050 256 1116 τόν
282 1050 318 1116 δὲ
346 1051 445 1120 δόξαν
470 1050 529 1117 τάν
554 1049 642 1140 παρὰ
671 1056 727 1114 τοῦ
755 1050 856 1125 μόνου
879 1048 963 1113 Θεοῦ
991 1050 1028 1113 οὐ
1055 1045 1197 1138 ζητεῖτε,
1311 1043 1334 1106 d

154 1216 430 1318 Φιλαρχοῦντας
462 1214 531 1314 ἤδη
563 1216 622 1293 καὶ
660 1212 723 1298 τὰς
760 1213 805 1319 ἐξ
838 1211 1008 1321 ἀνθρώπων
1037 1210 1141 1311 τιμάς
1178 1246 1299 1292 ποιου-

96 1335 223 1435 μένους
252 1338 334 1438 περὶ
365 1344 511 1418 πολλοῦ
542 1334 625 1420 τοὺς
657 1338 879 1438 Φαρισαίους
910 1334 1059 1440 ἐλέγχει,
1093 1332 1300 1433 λεληθότως

97 1458 383 1556 ἀπαινιττόμενος
402 1459 524 1563 ὅτιπερ
550 1458 700 1566 σφόδρα
725 1468 872 1540 ποιοῦσι
897 1466 1024 1555 κακῶς,
1043 1457 1089 1537 τά
1108 1456 1299 1556 νοσήματα

96 1585 160 1681 τῆς
193 1584 321 1666 οἰκείας
354 1587 478 1689 ψυχῆς
507 1581 742 1686 περιτιθέντες
773 1581 941 1678 ἀβούλως
969 1586 1020 1689 τῷ
1048 1580 1139 1661 κατά
1166 1578 1300 1680 μηδένα

46 1743 84 1783 10
96 1703 231 1808 τρόπον
250 1713 372 1786 νοσεῖν
389 1705 496 1786 εἰδότι
515 1711 610 1814 Θεῷ.
650 1702 725 1785 εἶτα
750 1711 813 1805 τῆς
839 1706 1052 1813 φιλοδοξίας
1076 1704 1192 1811 ἀπρὶξ
1214 1706 1296 1808 έχο-

96 1828 235 1927 μένους,
253 1831 295 1909 δι’
314 1827 426 1929 αὐτὴν
443 1828 490 1910 τὰ
516 1827 702 1910 κάλλιστα
729 1829 945 1933 ζημιοῦσθαί
963 1837 1070 1936 φησι,
1090 1827 1156 1928 τὴν
1174 1828 1301 1910 πίστιν

98 1949 143 2050 δὴ
159 1952 277 2056 λέγων
294 1951 361 2054 τὴν
379 1958 429 2038 εἱς
447 1952 567 2034 αὐτόν·
600 1952 688 2055 ὅπερ
710 1952 755 2052 δὴ
782 1956 839 2032 καὶ
865 1955 885 2031 ό
905 1959 1056 2036 Παῦλος
1074 1952 1158 2051 ἡμῖν
1177 1953 1302 2053 ὁρᾶται

97 2073 206 2156 είπάιν
237 2083 369 2184 σαφῶς
403 2088 424 2126 “
442 2083 488 2157 Εί
524 2075 596 2181 γάρ
634 2076 696 2173 ἐτι,
728 2079 855 2180 φησὶν,
888 2074 1089 2177 ἀνθρώποις
1128 2075 1298 2176 ἤρεσκον,
1346 2089 1471 2138 Gabi-10·

99 2210 121 2245 ‘⁶
139 2205 303 2303 Χριστοῦ
329 2206 458 2286 δοῦλος
485 2202 549 2281 οάκ
575 2197 620 2280 ἀν
643 2198 773 2299 ἤμην.”
810 2198 946 2304 πέφυκε
971 2199 1089 2278 τοίνυν
1111 2197 1237 2300 ὥσπερ
1261 2197 1331 2303 ἐξθ

47 2345 85 2404 ¹5
98 2323 256 2427 ἀνάγκης
275 2325 487 2424 συμβαίνειν
501 2330 574 2407 τοῖς
592 2322 657 2406 τάς
675 2322 719 2429 ἐξ
735 2321 936 2425 ἀνθρώπων
952 2321 1169 2423 θηρωμένοις
1188 2320 1302 2420 τιμάς,

98 2445 141 2527 τὸ
168 2452 232 2547 τῆς
260 2447 397 2528 ἀνωθεν
420 2450 635 2528 ἀποπίπτειν
658 2444 767 2552 δόξης
792 2450 850 2524 καὶ
874 2444 973 2553 ποριῗι
996 2447 1079 2526 Θεοῦ
1104 2452 1168 2524 τοῦ
1194 2443 1300 2549 μόνον,

100 2569 194 2650 καθά
221 2579 337 2677 φησιν
362 2571 382 2649 ό
406 2570 547 2672 Σωτήρ.
585 2567 696 2667 μόνον
718 2567 756 2648 δὲ
779 2567 894 2649 πάλιν
913 2570 1008 2674 φησὶ
1032 2567 1097 2648 τὸν
1115 2566 1212 2647 Θεὸν
1230 2572 1302 2650 τοῖς

99 2699 173 2774 τῶν
196 2696 308 2774 ἐθνῶν
335 2691 655 2789 ἀντιδιαστέλλων,
680 2697 739 2771 καὶ
766 2694 830 2772 οῦκ
858 2693 928 2800 ἔξω
956 2694 1062 2776 τιθεὶς
1089 2689 1215 2771 ἑαυτόν
1238 2694 1302 2789 τῆς

100 2819 156 2897 τοῦ
172 2819 268 2924 μόνον
286 2822 401 2916 τιμῆς.
442 2817 625 2912 ἀναβαίνει
643 2814 725 2918 γὰρ,
748 2815 908 2918 καθάπερ
927 2816 994 2916 ἤδη
1011 2813 1192 2899 πολλάκις
1208 2815 1299 2916 είρή-
1345 2806 1469 2937 {um

47 2970 223 3040 τοκαμεν,
244 2946 293 3024 είς
316 2943 402 3040 μίαν
425 2938 591 3040 θεότητος
618 2939 733 3046 φύσιν
754 2974 792 3020 τε
819 2944 876 3020 καὶ
904 2939 1015 3046 δόξαν
1041 2943 1103 3037 τῆς
1131 2939 1235 3040 ἁγίας
1263 2970 1300 3016 τε
1348 2937 1426 2998 ²³⁸⁰·

101 3067 161 3143 καὶ
179 3065 372 3163 ὀμοουσίου
390 3062 545 3166 Τριόδος
564 3062 606 3143 τό
624 3061 815 3166 πλήρωμα.
1348 3015 1460 3227 ²2³ng

1312 3186 1330 3225 8
1463 3209 1469 3224 ι

102 3285 158 3351 M&
187 3282 312 3353 δοκεῖτε
340 3289 390 3355 ὅτι
416 3287 482 3362 ἐγὼ
506 3288 719 3375 κατντορίιοω
743 3287 833 3362 ὑμῶν
858 3286 940 3374 πρὸς
967 3285 1023 3349 τὸν
1045 3285 1184 3374 Πατέρα
1214 3285 1299 3351 ἔστιν
1314 3296 1352 3356 45

205 3413 225 3478 ὁ
254 3411 443 3502 κατιιτορῶν
471 3411 560 3488 ὑμῶν
587 3412 744 3492 Μωυοῦο,
772 3409 818 3477 εἰς
844 3412 882 3481 ὃν
910 3410 999 3487 ὑμεῖς
1027 3409 1196 3477 ιἰλπίκατε.

158 3573 370 3682 Φιλοδόξως
393 3582 538 3674 μᾶλλον
557 3575 647 3677 ἤπερ
666 3576 825 3671 εὐσεβῶς
851 3573 977 3677 διαζῆν
995 3577 1200 3678 ἐπείγεσθαι
1221 3574 1303 3660 τοῦς

50 3722 90 3782 25
105 3699 323 3802 Φαρισαίους
355 3697 473 3794 εἰπὼν,
506 3697 565 3777 διά
601 3732 639 3778 τε
671 3706 777 3778 τοῦτο
809 3696 900 3801 πρὸς
938 3700 1092 3803 ἄμετρον
1123 3700 1302 3779 ἀπείθειαν

103 3823 294 3902 ἀποκλῖναι
326 3821 484 3927 διδάξας,
517 3824 575 3901 καὶ
609 3823 653 3929 ἐξ
682 3824 791 3903 αὐτοῦ
824 3829 919 3930 φησι
954 3820 1302 3929 κατηγορηθήσεσθαι

104 3943 286 4041 Μωυσέως,
308 3946 363 4050 ἐφ’
390 3941 489 4052 ᾧπερ
515 3942 560 4044 ἧν
584 3944 664 4030 έθος
691 3949 809 4032 αὐτοῖς
837 3947 895 4027 καὶ
923 3949 1007 4027 λίαν
1031 3944 1180 4029 εὐτόνως
1207 3946 1298 4025 ἀπο-

104 4067 357 4166 σεμνιίνεσθαι.
391 4071 449 4149 καὶ
467 4076 555 4172 γοῦν
568 4067 738 4171 λέγοντός
756 4104 843 4151 ποτε
862 4079 925 4150 τοῦ
942 4073 981 4150 ἐκ
999 4073 1142 4172 γενετῆς
1161 4076 1336 4174 τυφλοῦίτ

51 4352 53 4355 .
143 4324 166 4360 1.
186 4311 301 4376 Χριστοῦ
313 4316 482 4378 assumptum
495 4324 527 4361 ex
541 4305 573 4360 B.
719 4325 745 4372 4.
765 4306 833 4376 παρὰ
845 4306 985 4375 ἀνθρώπων
999 4306 1031 4361 Β.
1043 4305 1102 4374 παρ’
1115 4305 1237 4373 ἀλλήλων
1250 4305 1302 4360 Ed.

105 4378 130 4431 8.
145 4380 190 4445 τῆς
202 4377 294 4434 οἰκείας
306 4380 396 4450 ψυχῆς
407 4379 439 4432 τὰ
451 4377 583 4447 νοσήματα
595 4377 700 4431 inverso
713 4375 806 4430 ordine
820 4377 852 4432 B.
911 4393 951 4432 12.
964 4379 1059 4431 ίαυτῶν
1070 4395 1119 4448 pro
1131 4377 1167 4433 είς
1178 4377 1256 4430 αὐτόν
1269 4375 1301 4429 Β.

105 4446 263 4573 Ξηά-Πηὲπὲν]
277 4448 388 4516 ἡμῖνκαὶ
401 4451 414 4503 δ
427 4451 532 4506 Παῦλος
544 4449 647 4503 διειπῶν
659 4448 749 4517 ὁρᾶται
764 4447 796 4501 Β.
923 4463 963 4518 17.
982 4449 1103 4502 τὸνθεόν
1116 4449 1184 4518 φησι
1197 4447 1302 4501 inverso

662 4618 754 4684 3ου
