3038 5018
672 1109 915 1186 ΚΕΦΑΛΗ
961 1126 998 1188 5.

257 1402 329 1468 “On
350 1402 407 1483 ζωὴ
430 1403 504 1466 κατδ
525 1401 619 1483 φύσιν
640 1399 723 1465 ἐστὶν
744 1401 761 1462 ὀ
781 1399 863 1477 ms,
886 1400 933 1464 καὶ
955 1401 1003 1463 διὰ
1023 1402 1109 1462 τοῦτο
1132 1397 1167 1461 οὗ
1189 1393 1322 1478 γενητὸς,
1344 1390 1412 1458 ἀλλ’

209 1549 228 1592 ο
523 1531 556 1595 ἔκ
578 1533 628 1610 τῆς
650 1527 753 1596 οὐσίας
774 1533 826 1593 τοῦ
849 1532 931 1594 Θεοῦ
954 1529 1000 1594 καὶ
1023 1529 1151 1608 Πατρός.

207 1806 225 1859 4
558 1780 602 1847 'O
630 1783 767 1861 τέτανον,
793 1781 829 1847 ὲν
856 1781 946 1866 αὐτῷ
972 1779 1036 1872 «nst
1065 1775 1114 1844 ιἰν.

286 2009 392 2092 ἝΤΙ
416 2009 481 2096 πάς
503 2014 584 2115 περὶ
612 2020 676 2092 τοῦ
702 2016 797 2092 Θεοῦ
816 2009 940 2113 Λόγου
966 2008 1141 2116 διαλέξεις
1168 2012 1317 2088 ποιεῖται
1344 2003 1468 2108 πρδς5

237 2137 330 2236 ἡμᾶς
354 2139 374 2216 ὁ
399 2133 573 2239 μακοίριος
596 2133 884 2238 Εὐαγγελιστής·
918 2134 981 2214 καί
1001 2168 1064 2233 μοι
1089 2139 1187 2213 δοκεῖ
1207 2130 1266 2211 διὰ
1290 2127 1436 2210 πάντων

238 2258 326 2339 ἰέναι
350 2261 539 2363 χρησίμως
563 2262 635 2338 τῶν
654 2258 794 2361 ὅσαπέρ
819 2261 900 2339 ἐστι
925 2256 1016 2339 κατὰ
1039 2256 1154 2363 φύσιν
1172 2257 1277 2360 αὐτῷ,
1295 2254 1354 2332 ἵνα
1376 2256 1435 2332 καὶ

236 2381 301 2464 τὰς
319 2387 392 2460 τῶν
410 2379 712 2488 ἑτεροδοξοιίντων
731 2379 936 2488 δνσωπήσῃ
952 2381 1148 2485 παροινίας,
1167 2381 1226 2459 καὶ
1244 2376 1327 2461 τοὺς
1345 2379 1435 2480 ἀρθῇ

202 2503 442 2606 ᾶδιαπρέπειν
460 2505 650 2588 ἐθέλοντας
667 2505 800 2602 πίστει,
818 2512 892 2589 τοῖς
909 2510 958 2589 είς
977 2503 1089 2603 αὐτὴν
1106 2502 1276 2608 ὀχνρώση
1295 2500 1432 2603 θεωρή-

235 2660 363 2725 μασιν,
384 2627 448 2705 οὐκ
466 2627 505 2705 ἐκ
523 2624 644 2728 λόγων
662 2629 798 2735 σοφίας
821 2633 996 2728 κοσμικῆς
1020 2624 1062 2707 τδ
1083 2628 1259 2707 ἀπίθανον
1277 2626 1430 2727 ε’ρανιζο·
1452 2657 1489 2696 10

69 2749 189 2876 ἔω·
235 2748 371 2848 μένους,
407 2751 493 2829 ἀλλ’
532 2751 570 2830 ἐν
606 2750 784 2858 ἀποδείξει
821 2750 1032 2850 Πνεύμαπος
1074 2748 1116 2830 τὸ
1159 2753 1223 2849 τῆς
1265 2749 1434 2846 ἀληθείας

235 2870 553 2976 ἀποθανμάζοντας
581 2873 732 2958 κάλλος.
783 2872 872 2979 ὅπερ
902 2875 965 2955 οὖν
992 2874 1166 2967 βούλεται
1194 2875 1253 2952 καὶ
1282 2869 1340 2951 διὰ
1369 2878 1434 2950 τοῦ

234 2997 470 3107 προκειμένουι
499 2994 692 3094 διδάσκειν,
720 2995 830 3078 ε’κεῖνό
863 2998 956 3077 έστι.
1012 2993 1163 3096 ποιητὴν
1192 2997 1276 3095 ἡμῖν
1305 2996 1434 3095 ἀρτίως

235 3122 294 3198 καὶ
320 3118 412 3197 κατὰ
438 3119 552 3224 φύσιν
574 3117 662 3199 ὄντα
685 3118 901 3224 δημιουργὸν
922 3120 1084 3227 ἀπέδειξε
1109 3119 1172 3200 τὸν
1189 3118 1293 3214 Υίδν,
1314 3115 1434 3197 πάντα

236 3239 279 3318 δι’
318 3241 428 3321 αὐτοῦ
464 3245 682 3343 γεγενῆσθαι
716 3244 845 3345 λέγων,
883 3246 942 3323 καὶ
979 3248 1088 3348 χωρὶς
1124 3244 1234 3322 αὑτοῦ
1269 3239 1357 3340 μηδὲ
1395 3240 1434 3320 ἓν
1450 3273 1487 3333 15

236 3367 435 3462 κεκλῆσθαι
460 3363 551 3466 πρὸς
575 3366 729 3466 γένεσιν.
772 3366 892 3466 ἐπειδὴ
917 3366 955 3447 δὲ
981 3369 1023 3447 οὐ
1046 3366 1158 3462 μόνον
1180 3400 1225 3471 τῃ
1252 3364 1366 3443 κτίσει
1391 3364 1433 3444 τὸ

235 3483 326 3589 πρὸς
350 3485 392 3566 τὸ
418 3483 507 3565 εἶναι
532 3492 731 3587 κεκλῆσθαι
754 3490 944 3595 χαρίζεται,
966 3489 1108 3594 συνέχει
1133 3488 1170 3568 δὲ
1196 3490 1255 3567 καὶ
1280 3520 1429 3588 γεγενη-

205 3608 346 3709 ομένην
363 3609 407 3687 δι’
428 3612 567 3707 ἑαυτοῦ,
589 3618 663 3695 τοῖς
687 3611 729 3692 τὸ
753 3614 872 3697 ἀϊδίοις
897 3610 985 3694 εἶναι
1009 3612 1101 3693 κατὰ
1127 3613 1241 3720 φύσιν
1258 3610 1350 3690 ἰδίαν
1367 3609 1433 3689 οὐκ

234 3732 381 3838 ἔχουσιν
405 3731 531 3811 ἑαυτὸν
559 3735 739 3818 οἱονείπως
766 3735 1036 3838 ἐγκαταμιγνὺς,
1062 3738 1120 3816 καὶ
1149 3733 1219 3837 ζωὴ
1246 3741 1322 3818 τοῖς
1349 3735 1433 3813 οὖσι

232 3854 426 3957 γενόμενος,
445 3856 503 3936 ἵνα
526 3857 615 3962 μένη
642 3856 827 3959 γεγονότα,
847 3862 905 3938 καὶ
929 3859 1085 3963 σώζηται
1111 3857 1204 3938 κατὰ
1224 3857 1288 3939 τὸν
1305 3865 1433 3938 οἰκεῖον
1448 3897 1488 3938 οο

233 3978 386 4059 ἕκαστον
411 3982 475 4078 τῆς
503 3978 649 4085 φύσεως
677 3979 770 4082 ὅρον,
796 3983 997 4083 ἀναγκαίως
1025 3983 1141 4088 φησίν
1160 3980 1210 4062 Ὃ
1233 3981 1376 4086 γέγονεν,
1401 3983 1432 4063 ἐι

269 4209 295 4266 7.
313 4196 412 4266 ὅσαπέρ
425 4194 496 4267 ε’στι]
509 4195 561 4252 ὅσα
572 4199 702 4269 πρόσεστι
715 4197 749 4252 Β.
850 4199 876 4253 8.
894 4197 1040 4271 παροινίας]
1053 4200 1192 4267 παρανοίας
1205 4199 1239 4255 Β.
1359 4241 1366 4255 .
1384 4203 1430 4256 αὖ·

232 4264 278 4332 τὴν
291 4265 398 4320 Β.1).Ε.
411 4268 488 4321 αὔτὸν
500 4265 552 4322 Ed.
674 4283 715 4323 10.
733 4269 815 4339 λόγον
827 4268 861 4325 Β.
982 4286 1023 4324 12.
1041 4270 1267 4340 ἀπαθανμάζοντας
1281 4270 1312 4325 Β.
1332 4218 1429 4339 ἀσαρκί-

233 4335 321 4400 ζοντας
333 4333 385 4388 Ed.
433 4337 472 4389 καί
486 4354 578 4392 assum
597 4346 655 4392 tum
668 4356 700 4392 ex
714 4338 747 4392 Β.
880 4355 921 4406 ι4.
941 4339 981 4394 καὶ
994 4345 1165 4412 assumptum
1176 4358 1209 4397 ex
1222 4340 1255 4397 B.
1306 4340 1380 4413 ὄντα]
1396 4349 1426 4406 4-

232 4407 273 4458 καί
286 4404 338 4459 Ed.
349 4404 438 4459 invitis
452 4405 557 4462 B.D.E.
571 4355 640 4477 ἀίμαι
655 4428 661 4464 ι
675 4409 716 4463 καὶ
729 4408 756 4463 D
769 4425 824 4480 mg.
