3038 5018
252 302 317 366 592
554 298 593 364 Β.
617 297 828 363 OYRILLI
858 296 1145 363 ALEXANDR.
1294 292 1352 357 vii.
1366 312 1398 377 9,
1413 309 1458 355 10.

252 469 446 560 βεβοιοῦτο
465 461 600 567 καιρόν·
639 464 754 544 ἄνεισι
772 463 847 563 μετ’
869 461 1009 560 αὐτοῦς,
1028 463 1094 566 οὐχ
1113 461 1216 564 ἕτερα
1233 458 1304 557 μέν
1322 456 1455 558 λέγων,

251 585 477 690 πράττωνδέ
503 585 555 672 οἷς
582 584 627 669 ἀν
644 587 746 689 λέγοι
770 585 816 666 τά
840 584 994 668 ἐναντία·
1025 595 1132 666 τοῦτο
1156 582 1228 687 γὰρ
1247 580 1296 681 ἦν
1314 582 1387 682 ἤδη
1405 583 1458 658 καὶ

85 723 129 775 R·-
136 722 208 790 ¹¹1¹9
252 711 467 818 ψεύδεσθαι,
487 712 600 791 καίτοι
619 711 740 808 δόλου,
760 710 927 791 τουτέστι
945 709 1171 817 ψεύσματος,
1187 707 1258 811 οὐχ
1276 707 1459 808 ηὑρῆσθαι

253 834 451 938 λεγομένου
486 841 675 919 παντελῶς
705 837 743 913 έν
776 840 827 942 τῷ
864 831 1021 932 στόματι
1057 834 1179 914 αῦτοῦ·
1224 830 1313 910 ἀλλ’
1350 826 1460 911 ὅντως

253 960 364 1039 ἐκεῖνο
396 963 486 1064 δρῶν
515 958 605 1061 ὅπερ
636 958 814 1062 ῦπέσχετο
843 957 1146 1059 προθυμούμενος.
1192 955 1234 1035 οῦ
1266 950 1345 1056 γάρ
1378 954 1485 1036 &va-s

252 1082 370 1176 βαίνει
388 1082 656 1185 συνεορτάσων,
678 1078 906 1181 νουθετήσων
926 1080 966 1161 δέ
983 1087 1139 1180 μᾶλλον,
1156 1080 1216 1158 καὶ
1241 1076 1394 1179 ἐπείπερ
1416 1081 1462 1158 είς

252 1203 297 1286 τὸ
329 1203 456 1308 σώζειν
487 1203 723 1313 ἀφίκετο,τά
754 1209 803 1288 εἷς
836 1201 929 1308 ζωήν
956 1204 1182 1312 ἀναφέροντα
1215 1199 1284 1301 τὴν
1318 1199 1461 1278 αἰώνιον

224 1333 345 1434 οέρῶν
362 1364 401 1411 τε
425 1334 484 1410 καὶ
508 1328 802 1430 εῖσηγησόμενος.
842 1328 897 1409 ὅτι
922 1327 995 1430 γὰρ
1016 1327 1119 1411 οῦτος
1143 1323 1227 1424 ἧνὸ
1255 1323 1404 1406 σκοπὸς
1427 1325 1462 1402 ἐν

254 1454 362 1561 αὐτῷ,
404 1452 539 1560 διδάξει
578 1458 709 1558 σαφῶς
748 1451 790 1531 τὸ
834 1450 924 1551 μηδὲ
966 1458 1042 1534 τοῖς
1084 1451 1249 1529 ἀνιοῦσιν
1286 1450 1461 1545 ἐθελήσω

254 1576 488 1680 συμβαδίζειν
529 1575 648 1674 αὐτὸν,
694 1578 858 1656 ἀνελθεῖν
898 1573 938 1655 δέ
980 1573 1087 1673 μόλις
1132 1576 1192 1654 καὶ
1236 1570 1461 1672 λεληθότως,
1474 1607 1505 1647 ιο

254 1702 299 1780 οῦ
339 1701 526 1807 παρῤησίᾳ
571 1703 629 1780 καὶ
670 1696 856 1802 ἱλαρότητι
899 1698 1083 1805 χριόμενον
1118 1704 1192 1778 τῶν
1221 1694 1372 1778 ·ῖόντων
1408 1697 1462 1775 ἐπὶ

255 1823 468 1927 παιήγυριν.

314 1950 386 2027 Καὶ
413 1955 512 2050 γοῦν,
535 1947 595 2028 ὅτε
622 1946 753 2028 λοιπὸν
777 1950 835 2028 ἐπὶ
860 1943 902 2027 τδ
931 1946 1111 2050 σωτήριον
1133 1945 1299 2040 ἀνεβαινε
1326 1941 1460 2038 πόθος,

255 2074 412 2170 ἀνῆλθεν
437 2073 480 2152 οῦ
508 2069 762 2176 κεκρυμμένως,
784 2070 885 2153 ἀλλὰ
912 2071 1027 2179 πώλῳ
1054 2071 1119 2171 μὲν
1141 2067 1391 2174 ἐποχούμενος
1417 2073 1464 2150 εὶς

255 2194 370 2275 τύπον
399 2204 463 2276 τοῦ
492 2197 571 2276 νέου
599 2204 702 2294 λαοῦ,
728 2197 865 2296 νηπίων
892 2192 930 2273 δέ
956 2194 1224 2301 προελαύνοντα
1252 2196 1375 2291 δῆμον
1402 2192 1465 2271 οὐκ
1479 2221 1509 2281 ¹5

220 2319 493 2422 ᾶεῦαρίθμητον
517 2320 619 2425 έχων,
637 2324 767 2425 σχῆμα
788 2318 902 2400 πόλιν
925 2320 1206 2421 ἀποπληροῦντα
1230 2324 1297 2396 τοῦ
1326 2320 1464 2420 τεχθη-

87 2463 209 2529 Ριοίαο.
257 2441 413 2542 σομένου
435 2453 540 2535 λαοῦ,
559 2448 640 2547 περὶ
669 2445 712 2524 οῦ
735 2444 937 2547 γέγραπται
956 2454 977 2492 “
992 2446 1065 2525 Καὶ
1090 2441 1181 2525 λαός
1208 2442 1228 2520 ὁ
1257 2439 1467 2543 κτιζὸμενος

257 2575 279 2613 “
298 2566 432 2646 αἰνέσει
463 2566 527 2647 τὸν
557 2566 721 2670 Κύριον.”
760 2568 935 2676 ἀνεφῶνει
963 2566 1088 2647 δὲκαὶ
1117 2564 1163 2646 τά
1192 2564 1468 2670 προβαδίζουσα

88 2696 213 2828 ffi‘h·
257 2690 377 2794 βρέφη
388 2700 410 2738 “
423 2690 676 2792 Εὐλογημένος
694 2693 715 2770 ό
732 2692 921 2797 ἐρχόμενος
940 2694 978 2772 ἐν
992 2689 1140 2791 ὀνόματι
1152 2689 1297 2794 Κυρίου,
1312 2685 1469 2768 ῶσοιννά

258 2822 280 2859 “
298 2815 337 2891 ἐν
364 2820 438 2898 τοῖς
466 2816 666 2920 ῦψάττοις.”
710 2817 837 2896 οὐκοῦν
865 2815 924 2895 διὰ
950 2823 1015 2895 τοῦ
1042 2810 1249 2913 λεληθότως
1277 2813 1466 2908 ἀνελθεῖν,
1482 2847 1511 2888 τι

258 2937 477 3019 ἀποδεικνύει
505 2938 561 3019 ὅτι
588 2938 842 3044 συνεορτάσων
870 2938 936 3037 μέν
963 2941 1137 3036 οὐδαμῶς,
1164 2941 1469 3042 προσδιαλεχθη-

258 3061 410 3159 σόμενος
438 3062 476 3145 δέ
504 3069 650 3163 μᾶλλον
677 3066 796 3147 αὐτοῖς
823 3070 870 3148 είς
897 3061 1137 3166 Ἱεροσόλυμα
1163 3059 1421 3163 παραγέγονεν
1449 3063 1471 3141 ό

258 3185 434 3288 Χριστός·
467 3192 516 3271 ὡς
544 3186 615 3291 γάρ
643 3187 711 3287 ἤδη
738 3184 987 3290 προλαβόντες
1014 3185 1212 3289 εἰρήκαμεν,
1240 3187 1345 3264 οὔπω
1374 3219 1471 3265 παν-

257 3316 372 3392 τελῶς
390 3318 454 3390 τοῦ
473 3310 627 3414 Ἰσραὴλ
645 3313 898 3408 ἀπανίσταται,
910 3313 996 3414 πρὶν
1014 3307 1059 3390 ἀν
1072 3307 1216 3418 θανάτῳ
1232 3313 1470 3411 παραδοθεὶς,

229 3433 369 3539 οάξίως
387 3433 455 3533 ἤδη
474 3435 644 3538 φαίνηται
663 3443 770 3515 τοῦτο
787 3441 913 3514 ποιῶν.
1484 3472 1511 3528 ιε

315 3562 392 3637 Τοῦ
411 3555 449 3637 δέ
467 3563 576 3638 εἰπεῖν
593 3556 667 3658 μέν,
684 3563 733 3643 ῶς
756 3561 820 3639 οῦκ
844 3557 1078 3659 ἀναβήσεται,
1096 3555 1188 3656 μετὰ
1213 3553 1252 3635 δέ
1276 3563 1391 3636 τοῦτο
1418 3555 1471 3656 μή

257 3687 508 3783 παραιτεῖσθαι
541 3680 584 3761 τὸ
617 3686 790 3780 ἀνελθεῖν,
819 3682 981 3785 εὑρήσεις
1013 3685 1071 3762 καὶ
1103 3677 1220 3760 πάλαι
1253 3676 1320 3758 τόν
1350 3680 1471 3760 τύπον

257 3805 578 3907 ἀποπληρούμενον
592 3809 630 3885 ἐν
643 3809 779 3914 βιβλίῳ
797 3812 849 3915 τῷ
865 3807 1017 3907 ἐπίκλην
1028 3803 1183 3912 Ἐξόδερ.
1209 3808 1382 3905 Μωυσῆς
1402 3804 1472 3904 μέν

257 3928 329 4031 γὰρ
348 3931 368 4008 ό
387 3927 602 4013 θεοσπέσιός
626 3964 664 4008 τε
689 3934 745 4010 καὶ
766 3931 955 4034 ἱερώτατος
970 3927 1035 4014 τάς
1053 3932 1091 4009 ἐν
1109 3935 1162 4036 τῷ
1181 3927 1253 4030 ὄρει
1273 3928 1471 4030 διατριβὰς

257 4055 406 4131 ἐποιεῖτο
429 4050 520 4153 μετὰ
545 4059 653 4152 Θεοῦ,
672 4052 737 4133 τόν
756 4053 1003 4154 δοθησόμενον
1024 4051 1108 4155 παρ’
1128 4053 1238 4131 αῦτοῦ
1261 4052 1471 4153 περιμένων
1484 4081 1511 4139 3<

258 4173 376 4275 νόμον.
438 4178 668 4283 ἐμοσχοποίει
705 4176 742 4257 δέ
780 4176 872 4258 κατά
909 4177 976 4276 τήν
1012 4176 1143 4281 ἔρημον
1180 4179 1245 4274 τῆς
1281 4180 1332 4259 είς
1367 4176 1471 4258 Θεὸν

296 4413 319 4450 1.
339 4380 500 4521 θνεισιὲάνήι
509 4398 542 4453 Β.
696 4416 723 4539 ff.
740 4396 897 4480 λεγομένου]
910 4396 1022 4469 λέγομεν
1034 4419 1064 4451 ου
1079 4395 1111 4450 Β.
1173 4393 1253 4449 ὅντως
1267 4393 1299 4450 Β.
1313 4394 1400 4452 οὕτως
1415 4397 1468 4451 Ed.

261 4483 302 4520 10.
317 4466 412 4534 ἀνῆλθε
533 4486 574 4537 14.
587 4468 698 4537 ἀνῆλθεν
727 4470 815 4538 -1-μέν
827 4468 878 4523 Ed.
891 4470 975 4522 mvito
990 4467 1022 4522 Β.
1058 4465 1228 4536 κεκρυμμένος
1241 4465 1274 4519 Β.
1350 4482 1396 4522 21.
1412 4469 1468 4522 ἐπι·

258 4537 389 4593 δείκνυσιν
399 4538 431 4593 Β.
504 4554 546 4610 25.
565 4540 688 4610 φαίνηται
700 4543 778 4594 τοῦτο
790 4540 842 4594 hoc
855 4539 948 4594 ordine
962 4538 995 4593 B.
1067 4539 1110 4593 26.
1128 4541 1181 4590 Τοῦ
1194 4537 1230 4592 D.
1243 4539 1322 4590 τοῦτο
1336 4537 1392 4592 Ed.
