3038 5018
230 278 295 342 436
533 281 573 345 Β.
598 278 804 346 CYRILLI
834 278 1121 346 ALEXANDR.
1165 284 1167 289 ⁴
1323 271 1366 338 vi.
1381 273 1433 340 26.

230 444 289 520 καὶ
325 443 512 523 εἰσείνεται
548 442 590 525 τὸ
625 445 767 525 κωλύου
804 446 888 551 ἕχον
925 443 1037 524 οὐδέν·
1079 439 1246 548 φωραθὲν
1279 437 1320 519 δέ
1354 470 1434 519 πως

228 569 419 670 μονονουχὶ
460 572 519 646 καὶ
555 569 774 674 αἰσχύνεται,
812 572 871 649 καὶ
907 568 1070 674 σχοινίου
1107 566 1208 665 δίκην
1244 569 1292 647 είς
1326 558 1432 640 ἑαυτὸ

228 684 487 770 συστέλλεται.
539 695 678 797 ὠφελεῖ
710 699 900 797 τοιγαροῦν
934 694 993 771 καὶ
1029 689 1189 793 ε’λέγχων
1227 690 1249 767 ὁ
1287 684 1431 786 Κύριος,

229 812 289 891 καὶ
316 809 360 891 δι’
385 809 435 892 ὧν
460 813 505 894 ἀν
530 848 584 899 τις
612 813 720 895 αὐτὸν
751 815 806 896 ὅτι
833 813 989 916 πλήττοι
1018 815 1185 911 νομίσειε,
1211 810 1271 891 διά
1294 806 1432 888 τούτων

229 934 347 1016 αύτιῦν
379 938 627 1039 εὐεργετοῦντα
664 937 845 1020 θεάσαιτο.
901 939 1045 1039 νοητέον
1077 940 1246 1031 ἐντεῦθεν,
1279 932 1335 1013 ὅτι
1364 927 1464 1015 κάνὸ

229 1058 424 1139 θωπεύωσί
450 1095 551 1159 τινες,
579 1061 601 1160 ἢ
630 1067 689 1141 καὶ
722 1070 895 1166 χρηστοῖς
926 1061 1163 1164 περισαίνωσι
1195 1055 1319 1160 λόγοις
1350 1051 1433 1136 τοῦς

200 1187 302 1261 θτῶν
333 1184 535 1283 ἐκκλησιῶν
570 1185 795 1287 ἡγουμένους,
827 1183 877 1284 μὴ
899 1187 1140 1287 Ιἀρθοποδιῦσι
1177 1180 1214 1260 δὲ
1249 1180 1332 1283 περὶ
1365 1175 1433 1276 τὴν

228 1303 364 1404 πίστιν,
383 1308 425 1386 ού
443 1306 735 1413 συναρπάζεσθαι
758 1316 834 1392 ταῖς
857 1308 1056 1392 κολακείαις
1074 1305 1275 1387 ἀκόλουθον
1292 1299 1432 1396 αύτούς,

229 1428 309 1508 οῦδὲ
333 1426 460 1535 ὥσπερ
484 1431 566 1511 τινά
587 1430 722 1531 μισθὸν
746 1438 819 1512 τῶν
844 1433 998 1512 ἐπαίνων
1024 1433 1231 1534 ἀντικιχρᾶν
1248 1432 1323 1510 τοῖς
1346 1427 1434 1506 ε’πα·

188 1567 189 1570 ’
229 1551 439 1654 νορθιύσεως
467 1555 651 1654 δεομένοις,
678 1557 746 1656 τὴν
773 1559 828 1663 ἐφ’
859 1554 988 1660 οἷσπερ
1014 1552 1059 1635 ἀν
1086 1555 1245 1635 πταίωσι
1272 1547 1430 1667 σιωπήν
1449 1580 1488 1622 10

228 1675 388 1780 ἐλέγχεα
414 1677 453 1757 δὲ
479 1686 624 1779 μᾶλλον
652 1683 690 1760 ἐκ
714 1680 929 1785 παρῥησίας,
955 1680 1012 1758 καὶ
1037 1683 1255 1782 μεταχωρεῖν
1281 1673 1429 1755 ἀναπεί·

230 1804 306 1880 θειν
336 1801 393 1881 ἐπὶ
425 1800 467 1881 τὸ
500 1802 655 1901 ἀμεινον,
682 1804 794 1906 ἤγουν
824 1803 897 1882 διά.
913 1802 1041 1883 τούτου
1070 1799 1137 1879 κάν
1165 1798 1304 1901 ἕπε’ρους
1332 1799 1433 1902 ὠφε-

134 1945 151 2031 .·
231 1929 318 2021 λεῖν,
334 1924 426 2003 κατά
457 1925 499 2005 τὸ
531 1930 711 2028 εἰρημένον
738 1925 806 2006 ῦπδ
837 1934 901 2005 τοῦ
928 1925 1080 2005 Παύλου
1106 1933 1129 1970 “
1142 1922 1238 2006 Τοῦς
1265 1919 1434 2021 ἀμαρτά·

231 2057 253 2095 “
270 2080 396 2132 νοντας
422 2050 573 2130 ε’νάπιον
599 2048 745 2131 πάντων
772 2047 912 2154 ἔλεγχε,
930 2049 989 2128 ἵνα
1016 2051 1075 2129 καὶ
1102 2051 1135 2127 οῖ
1162 2046 1283 2126 λοιποὶ
1312 2041 1435 2151 φόβον

230 2180 252 2218 “
270 2169 417 2275 ἕχωσι.”
1450 2201 1487 2262 15

285 2292 345 2375 Τά
381 2295 447 2394 μὲν
481 2298 544 2375 οῦν
575 2299 613 2376 ἐν
644 2303 718 2380 τοῖς
755 2295 993 2398 προκειμένοις
1032 2294 1116 2395 ἡμῖν
1149 2292 1218 2372 ἀνά
1252 2291 1359 2394 με’ρος
1394 2291 1435 2370 ε’ν
1473 2369 1477 2375 .

61 2423 175 2485 ΒΘΗ·
200 2415 377 2515 ὓτούτοις,
405 2419 589 2499 ἀκόλουθα
615 2417 729 2521 γεμὴν
756 2422 815 2498 καὶ
845 2419 1046 2519 ἀναγκαίως
1074 2413 1331 2517 ἐπενηνεγμένα
1359 2420 1436 2498 τοῖς

238 2541 258 2572 2
589 2542 601 2571 Ι
715 2544 724 2568 2
818 2541 828 2570 Ι
1043 2547 1059 2564 Α
1107 2540 1117 2564 0
1288 2535 1300 2564 s
1421 2537 1435 2567 Β

229 2542 299 2642 ηδη
326 2546 679 2644 προτεθεωρημενοις,
703 2543 978 2621 αναδεικνυσθαι
1003 2545 1076 2620 δειυ
1099 2544 1350 2637 υπολαμβανω
1374 2569 1437 2616 και

61 2660 145 2726 ⁸³⁹¹*
230 2662 331 2746 αῦτά.
370 2666 496 2744 οὐκοῦν
523 2667 561 2745 ἐν
587 2664 729 2749 ε’κείνοις
756 2663 924 2766 ε’λέγομεν
951 2671 1016 2744 τοῦ
1044 2666 1210 2766 Σωτῆρος
1239 2662 1341 2761 ἡμῶν
1366 2656 1437 2758 τὴν

79 2738 114 2778 Α

59 2743 78 2795 p
115 2741 158 2796 ⁹³.
230 2788 269 2867 ἐκ
295 2795 359 2867 τοῦ
386 2786 491 2892 ἀρους
518 2785 671 2869 κάθοδον
693 2786 760 2888 τὴν
784 2789 950 2891 δευτέραν
969 2788 1053 2886 ἡμῖν
1072 2789 1130 2866 καῖ
1158 2788 1315 2868 εἰσαῦθις
1342 2784 1430 2863 ε’σο·
1450 2816 1489 2860 20

229 2909 340 3011 μείην
372 2913 411 2991 ε’κ
447 2917 521 2991 τῶν
553 2914 713 3016 οὐρανῶν
744 2912 932 3012 ἐπιδημίαν
968 2914 1181 3005 ἀνατυποῦν,
1214 2910 1273 2988 καὶ
1310 2909 1360 2990 ὡς
1396 2908 1437 2986 ἔν

156 3079 162 3095 ·
230 3036 434 3138 συναιρεῖτει
463 3045 527 3115 τοῦ
552 3033 687 3120 παντὸς
712 3034 937 3137 θεωρήματος
961 3032 1276 3137 προσεπετίθεμεν,
1293 3029 1350 3110 ὅτι
1375 3036 1437 3110 καὶ

229 3158 454 3259 ἀγρυπνοῦσι
482 3161 541 3238 καὶ
568 3163 606 3239 ἐν
633 3164 685 3266 τῷ
712 3165 834 3239 πονεῖν
865 3155 1089 3263 ὑπάρχουσιν
1116 3157 1167 3237 ἔτι
1200 3160 1274 3240 τοῖς
1306 3155 1436 3235 ἑαυτοῦ

228 3285 402 3381 μαθηταῖς
421 3281 651 3387 ἐπιφαίνεται,
671 3285 729 3362 καὶ
751 3281 885 3365 δειλίας
907 3278 1126 3387 ἀπαλλάξας
1150 3281 1374 3384 παραχρῆμα
1390 3277 1435 3358 τὸ

195 3401 373 3508 δσκάφος
392 3405 495 3484 ε’τίθει
517 3403 609 3507 πρὸς
633 3410 715 3507 γῆν.
756 3407 813 3484 καὶ
837 3408 875 3484 τί
896 3403 938 3485 τὸ
962 3408 1000 3484 ἐν
1017 3404 1156 3488 τούτοις
1182 3406 1230 3486 ὡς
1253 3404 1291 3481 ἐν
1308 3399 1435 3486 τύποις
1449 3435 1487 3498 ι5

229 3525 315 3624 ἡμῖν
346 3524 655 3632 ζωγραφούμενον,
685 3532 724 3608 ε’ν
756 3527 896 3612 ἐκείνοις
928 3527 1200 3632 ε’σαφηνίζομεν.
1240 3522 1327 3633 ἀλλ’
1358 3526 1435 3605 ἔπι-

229 3647 328 3751 τήρει
362 3651 421 3729 καὶ
458 3658 531 3749 νῦν,
562 3648 617 3730 ὅτι
651 3648 741 3748 μετά
772 3648 815 3731 τὸ
847 3656 1033 3731 κατελθεῖν
1064 3653 1102 3729 ἐκ
1136 3657 1200 3729 τοῦ
1232 3647 1337 3751 ὅρους
1369 3645 1437 3727 τὸν

229 3773 385 3873 Ἰησοῦν,
412 3774 610 3876 ῦστεροῦσί
634 3807 725 3858 τινες
752 3775 833 3875 περὶ
860 3770 926 3873 τὴν
950 3772 1207 3873 ἀκολούθησιν,
1228 3772 1287 3850 καὶ
1311 3782 1435 3850 τελευ-

231 3904 322 3977 ταῖοι
348 3895 557 4001 βαδίζουσα
583 3894 637 3978 ἐπ’
664 3894 785 3977 αι’πὸυ.
830 3897 993 4001 ε”ρχονται
1022 3896 1095 3999 γὰρ
1120 3901 1201 4001 “τῇ
1226 3892 1434 3998 ἐπαύριον,”

269 4089 292 4128 1.
311 4073 405 4144 ἔχοντα
417 4074 454 4130 D.
502 4075 533 4130 δι’
543 4073 610 4147 σος]
624 4075 710 4132 δύσιος
723 4076 734 4144 (
741 4098 765 4118 =
776 4074 798 4130 δ’
811 4074 892 4143 ὅπως)
907 4075 940 4130 Β.
1048 4091 1073 4130 2.
1091 4075 1128 4132 εἷς
1139 4076 1231 4130 ἑαυτοῦ
1243 4048 1435 4129 στάλλετοιῖΒ.

231 4143 256 4198 6.
270 4141 312 4197 καὶ
323 4154 494 4215 assumptum
506 4164 539 4201 ex
548 4147 580 4202 Β.
616 4147 786 4217 περιβαίνωσι
796 4145 829 4200 Β.
867 4146 964 4200 Statim
975 4147 1066 4218 λόγοις
1077 4163 1132 4201 om.
1143 4145 1176 4201 B.
1212 4143 1404 4202 τοῖςτῶνδκιιλ

230 4218 296 4268 σιῶν
307 4213 455 4285 ἡγουμένοις
469 4216 501 4269 Β.
643 4234 669 4287 9.
687 4217 733 4270 τάν
744 4217 847 4271 ἔπαινον
860 4216 894 4270 Β.
1046 4233 1087 4272 10.
1105 4239 1156 4288 περ
1169 4224 1386 4286 assumptum:
1427 4253 1436 4271 .

232 4299 274 4350 14.
293 4285 340 4338 ἕλε’
357 4306 413 4355 χειν
426 4286 459 4340 Β.
552 4328 555 4334 .
587 4300 628 4357 17.
647 4286 776 4341 ἀκόλουθα
789 4287 860 4341 Β.Ι).
872 4286 1013 4342 ἀκολουθία
1026 4287 1078 4343 Ed.
1206 4303 1249 4342 20.
1268 4285 1386 4342 εἰσαῦθις
1398 4283 1437 4340 Β.

229 4352 302 4410 αὖθις
316 4308 366 4408 ΕΞ.
475 4372 518 4410 22.
537 4357 699 4426 θεωρήματος
713 4358 744 4411 Β.
759 4357 908 4427 θεωρήματα
921 4357 973 4412 Ed.
1010 4358 1106 4413 Statim
1118 4355 1339 4427 προσεπσίθεμεν
1350 4354 1437 4411 edidi·

228 4425 445 4494 σμοσεπιτίθεμεν
454 4427 486 4480 Β.
499 4428 686 4498 προσετίθεμεν
705 4427 755 4482 Ed.
969 4443 1012 4499 25.
1031 4429 1059 4484 ἀν
1070 4426 1170 4484 τούτοις
1183 4427 1216 4482 Β.
1228 4425 1256 4481 εἰς
1268 4424 1369 4482 τούτου
1380 4424 1438 4483 Ed·

230 4506 274 4564 ²7.
293 4494 334 4546 καὶ
346 4508 516 4567 αοιυαιριαοι
528 4515 560 4551 ex
574 4498 607 4551 Β.
734 4499 776 4553 28.
796 4498 939 4569 ὖστεροῦσί
952 4498 984 4554 Β.
998 4499 1164 4571 ὑστερίζουσι
1176 4496 1228 4553 Ed.
