3038 5018
111 321 206 388 v.30.
293 302 351 368 IN
381 301 692 368 S.JOANNEM.
738 297 905 367 ΙιΙΒ.ΙΙ.
951 302 1051 367 cAP.
1068 299 1128 368 IX.
1246 303 1307 365 351

111 468 130 545 έ
174 468 277 552 υσίας
312 468 425 575 ἀξιον,
461 472 683 574 παραχρῆμα
717 464 856 570 κολάζει
891 467 956 547 τὸν
992 471 1203 549 ἀπαίδευτον
1239 473 1312 547 τῶν

111 591 344 692 ἀκροωμένων
362 591 485 692 θυμὸν,
503 591 697 696 έπαγαγύν
721 626 757 672 τι
782 594 840 672 καὶ
864 592 1097 696 ἀνθρώπινον,
1116 593 1175 670 καὶ
1199 587 1312 671 πόλιν

112 713 335 816 ἀνθρώπινόν
366 750 401 795 τι
437 713 496 796 διά
527 713 594 815 τήν
626 715 828 814 οῖκονομάιν
859 714 978 812 εἰπὼν,
1010 715 1074 794 ούκ
1107 716 1145 794 ἐν
1174 720 1313 817 μικροῖς

112 826 266 938 ὁρᾶσθαι
291 837 412 938 μόνοις
440 836 487 918 τά
514 839 597 918 καθ’
626 835 751 918 ἑαυτὸν
778 835 965 941 ἐπιτρέπει,
991 836 1086 917 θεὸν
1108 836 1194 918 ὄντα
1221 835 1313 917 κατά

80 958 227 1065 5φύσιν
258 961 480 1042 ἐπιδεικνύων
511 958 570 1040 διὰ
601 964 665 1060 τῆς
698 959 785 1063 ύπέρ
817 959 1008 1065 ἀνθρωπον
1034 958 1171 1065 ἰσχύος,
1198 959 1222 1061 ἢ
1253 963 1312 1040 καὶ

112 1081 234 1185 λόγων
266 1081 458 1169 πολλάκις.
512 1082 679 1184 τοιαύτην
714 1081 793 1164 τινά
824 1087 883 1164 καὶ
916 1092 979 1164 νῦν
1011 1086 1049 1163 έν
1079 1091 1153 1169 τοῖς
1184 1084 1313 1188 ἀρτίως

111 1206 196 1304 ἡμῖν
212 1208 452 1311 προκειμένοις
470 1207 630 1311 εὑρήσεις
648 1205 716 1307 τὴν
733 1207 873 1312 τέχνην·
903 1207 941 1287 τί
956 1206 1029 1310 γάρ
1046 1205 1117 1311 ἔφη
1135 1206 1309 1314 φθάσαςς

112 1340 134 1391 4⁴
147 1327 295 1435 Ὥσπερ
318 1330 390 1436 γάρ
415 1335 435 1413 ὁ
465 1328 595 1433 Πατήρ
624 1330 749 1434 ἐγείρει
775 1328 858 1415 τούς
886 1327 1029 1432 νεκρούς
1055 1335 1114 1409 καὶ
1142 1330 1310 1434 ζωοποιεῖ,
1323 1365 1341 1410 ο
1354 1343 1460 1460 {23³2

112 1463 134 1501 “
153 1457 265 1539 οὕτως
292 1458 351 1536 καὶ
378 1454 399 1535 ὁ
428 1451 516 1538 Υἱός
543 1453 603 1538 οὓς
624 1449 723 1533 θέλει
741 1451 930 1556 ζωοποιεῖ,”
949 1449 1025 1533 εἶτα
1051 1450 1165 1533 πάλιν
1188 1464 1210 1501 “
1222 1451 1311 1534 Ὅτι
1355 1476 1452 1591 ξξρτέὃ

62 1614 99 1653 ιο
113 1588 135 1626 “
153 1578 292 1685 ἔρχεται
319 1576 394 1681 ὥρα
421 1581 460 1658 ἐν
485 1575 509 1684 ᾗ
536 1575 667 1662 πάντες
694 1583 727 1658 οῖ
754 1580 792 1656 ἐν
819 1584 893 1661 τοῖς
918 1579 1098 1678 μνημείοις
1125 1577 1312 1658 ἀκούσωσι

113 1712 134 1750 “
152 1707 217 1802 τῆς
238 1706 361 1809 φωνῆς
386 1703 529 1783 αύτοῦ’”
559 1706 617 1781 καὶ
640 1700 730 1804 πρὸς
748 1700 896 1797 τούτοις,
916 1700 970 1782 ὅτι
989 1703 1047 1781 καὶ
1065 1700 1313 1808 ἐξελεύσονται

113 1825 375 1928 κριθησόμενοι,
413 1829 472 1905 καὶ
510 1823 697 1927 ἀναλόγως
734 1821 853 1926 ὧνπερ
891 1824 936 1904 ἀν
967 1821 1036 1904 εἷεν
1070 1826 1215 1928 ἐργάται
1248 1825 1314 1925 τὴν

113 1951 342 2047 ἀντιμισθίαν
370 1946 657 2054 ἀποληψόμενοι.
702 1950 722 2027 ὁ
751 1945 789 2026 δέ
819 1946 996 2028 δύνασθαι
1026 1948 1146 2051 λέγων
1176 1952 1314 2053 ούσπερ
1404 2002 1407 2007 ·

114 2075 158 2153 ἀν
181 2072 295 2152 ἐθέλει
318 2074 515 2176 ζωογονεῖν,
533 2078 590 2154 καὶ
620 2073 742 2168 οὕτως,
760 2075 808 2155 ὡς
839 2073 859 2151 ὁ
884 2068 1027 2175 Πατήρ·
1057 2078 1133 2155 πῶς
1163 2070 1207 2152 ἀν
1233 2074 1314 2178 ούχὶ

64 2220 101 2280 ¹5
114 2195 179 2296 τήν
197 2202 280 2304 Θεῷ
302 2195 514 2299 πρέπουσαν
532 2195 681 2295 δύναμιν
699 2195 814 2302 ἐαυτῷ
832 2201 949 2274 νοοῖτο
965 2194 1154 2299 περιτιθείς
1169 2229 1179 2293 3
1212 2191 1315 2277 ἐσται

114 2319 152 2400 δέ
180 2319 235 2400 ότι
263 2324 322 2400 καὶ
348 2318 493 2400 πάντων
522 2316 642 2422 κριτής
669 2320 689 2397 ό
718 2318 911 2422 διαρρήδην
938 2317 1055 2416 εῖπάιν,
1074 2325 1151 2404 πῶς
1179 2319 1243 2400 ούκ
1270 2319 1316 2400 ἀν

113 2441 304 2551 ἐκταράξαι
342 2446 483 2527 δικαίως
521 2441 605 2527 τοὺς
645 2441 836 2544 ἄνθρωπον
873 2441 925 2521 ἔτι
964 2439 1102 2544 γυμνόν
1136 2444 1316 2542 οἰομένους

116 2567 286 2673 ύπάρχειν
304 2566 435 2661 αύτόν;
464 2566 508 2667 ἦν
525 2565 597 2670 γάρ
622 2565 665 2665 δὴ
685 2564 776 2645 κατά
803 2563 846 2646 τὸ
873 2565 975 2663 εῖκὸς,
993 2566 1185 2669 Ἑβραίους
1209 2565 1345 2652 ἀνταςι
1366 2587 1482 2644 238Δ.

115 2689 253 2789 αύτούς,
282 2694 340 2771 καὶ
371 2698 445 2775 τοῖς
477 2696 582 2795 ἱεροῖς
611 2689 970 2791 παιδαγωγουμένους
998 2690 1219 2793 γράμμασιν,
1250 2693 1314 2771 ούκ
1394 2713 1398 2720 “

63 2845 101 2884 20
114 2815 293 2916 ἀγνοῆσαι
319 2821 504 2898 παντελῶς
530 2813 584 2894 ότι
606 2811 700 2897 θεὸς
727 2811 829 2893 ἕσται
857 2817 920 2911 τῆς
949 2814 1151 2914 οἰκουμένης
1181 2806 1312 2920 κριτής,
1359 2841 1484 2894 Ριιωι.

114 2939 187 3017 ἐπεὶ
212 2940 269 3017 καὶ
293 2938 377 3039 παρ’
396 2939 516 3022 αύτοῖς
539 2935 719 3019 πολλάκις
743 2935 929 3040 ἐψοίλλετο
948 2946 969 2982 “
982 2935 1147 3016 Ἀνάστα
1169 2938 1189 3016 ό
1208 2936 1328 3036 Θεὸς,
1358 2906 1482 3025 ἀπιών.

115 3068 137 3108 “
154 3068 274 3164 κρῖνον
292 3061 360 3160 τὴν
377 3062 477 3163 γῆν.”
517 3064 573 3140 καὶ
590 3059 703 3140 πάλιν
721 3071 742 3107 “
754 3056 844 3139 Ὀτι
862 3061 883 3139 ὁ
898 3059 990 3142 Θεὸς
1009 3057 1129 3162 κριτής
1148 3059 1283 3152 ἐστιν.,”
1359 3039 1383 3089 8·

168 3186 272 3264 Ἐπεὶ
300 3185 362 3265 οὖν
384 3183 522 3269 τούτοις
549 3182 807 3287 ἀσχάλλοντας
834 3180 910 3288 ᾔδει
937 3181 1019 3266 τούς
1047 3181 1218 3282 ἀνοήτους
1242 3190 1314 3263 τῶν

114 3309 295 3388 Ἰουδαίων
314 3306 433 3405 λαούς,
452 3312 516 3407 τῆς
541 3308 649 3406 αύτῆς
673 3306 852 3405 συνήθους
877 3308 988 3410 ὀργῆς
1009 3308 1176 3413 ἐξίστησι
1195 3307 1314 3411 λέγων
1391 3373 1392 3376 ,

63 3452 100 3511 25
115 3431 428 3533 ἀνθρωπινώτερον
456 3437 510 3512 Ού
537 3425 684 3536 δύναμαι
712 3435 815 3511 ποιεῖν
840 3429 909 3533 Gy&
936 3435 1000 3510 ἀπ’
1033 3433 1178 3532 ἐμαυτιύ
1212 3428 1348 3531 ούθέν,δ

117 3541 228 3629 καθεὶς
256 3543 368 3624 ἀκούω
397 3547 498 3652 κρίνω.
541 3541 631 3622 ὅσον
656 3538 721 3642 μέν
746 3542 809 3621 οὖν
835 3543 936 3621 ἐστιν
963 3543 1002 3621 ἐκ
1030 3549 1094 3622 τοῦ
1122 3544 1314 3647 προχείρου

115 3664 297 3762 λαβόντας
315 3673 437 3765 εἰπεῖν,
459 3669 608 3772 διαγελᾷ
630 3671 703 3746 τῶν
720 3664 902 3744 Ἰουδαίων
919 3661 983 3745 τόν
1002 3674 1096 3745 νοῦν·
1128 3666 1315 3749 ἀσθενείας

115 3788 186 3892 γάρ
213 3823 318 3885 τινος,
342 3792 399 3869 καὶ
428 3791 469 3868 ού
499 3795 685 3871 παντελῶς
714 3788 901 3890 ἐλευθέρας
930 3789 1105 3894 ἐξουσίας,
1126 3787 1313 3894 ἀπόληψιν

114 3911 310 3992 πλάττεται
342 3922 406 3991 τοῦ
441 3911 553 4014 λόγου
584 3909 628 3991 τὸ
660 3915 801 4017 σχῆμα,
838 3913 910 4018 ἔχει
941 3913 979 3993 δέ
1011 3914 1078 4017 οὐχ
1110 3915 1202 3992 οὕτω
1235 3914 1311 3993 κατ’

61 4074 101 4131 30
114 4035 294 4134 ἀλήθειαν,
317 4036 458 4137 ἐπείπερ
488 4034 568 4120 ’ίσος
596 4032 647 4113 ὧν
674 4038 695 4114 ὁ
720 4034 806 4120 Υἱὸς
836 4035 928 4116 κατά
954 4033 1074 4115 πάντα
1102 4039 1155 4142 τῷ
1183 4037 1312 4140 Πατρῖ,

150 4211 175 4257 4.
195 4192 324 4261 ἐπιτρέπει
336 4203 506 4264 assumptum
518 4212 549 4248 ex
564 4193 596 4248 Β.
668 4207 693 4260 5.
712 4192 727 4262 ἢ
741 4201 910 4263 assumptum
922 4212 954 4248 ex
968 4194 1040 4249 B.D.
1147 4192 1173 4246 6.
1192 4196 1264 4264 λόγῳ
1278 4193 1311 4248 Β.

114 4281 141 4333 9.
159 4261 392 4331 οὕτως-ζωοποιεῖ
403 4273 540 4335 assumpta
551 4282 583 4318 ex
598 4264 669 4318 B.D.
683 4263 780 4335 Georg.
792 4263 874 4334 Trap.
1073 4281 1114 4320 10.
1131 4260 1265 4318 ἀκούσωσι
1279 4263 1312 4318 Β.

212 4348 259 4374 ΠΜ

116 4383 258 4438 ἀκούσουσι
273 4385 307 4437 D.
321 4383 473 4438 ἀκούσονται
483 4383 534 4439 Ed.
608 4401 648 4439 ις.
667 4384 750 4452 ὧνπερ
765 4383 855 4457 [ὅνπερ
864 4382 945 4455 θοὰ]
959 4384 991 4438 ἀν
1002 4380 1052 4440 εῖιν
1062 4384 1094 4440 Β.
1106 4385 1180 4440 ὥσπε
1241 4381 1312 4439 EM.

118 4468 161 4524 25.
179 4458 261 4509 ποιεῖν
273 4455 323 4525 ἐγὼ
336 4454 387 4509 hoc
399 4453 491 4509 ordine
505 4454 536 4507 B.
666 4456 708 4509 28.
728 4459 858 4511 παντελῶς
872 4455 904 4509 Β.
916 4456 1013 4512 πάντας
1025 4454 1075 4510 Ed.
1088 4455 1135 4511 sed
1146 4477 1167 4510 π
1234 4475 1248 4511 ς
1259 4452 1311 4509 Ed.

117 4541 172 4595 mg.
211 4525 332 4580 Formam
345 4527 528 4596 utrumquem
540 4525 574 4579 D.
