3038 5018
90 294 131 360 vi.
146 296 262 374 60,61.
286 296 340 361 IN
370 296 404 363 S.
429 295 685 363 JOANNEM.
730 297 824 361 LIB.
847 295 907 361 IV.
954 294 1057 361 CAP.
1083 293 1150 358 III.
1223 295 1287 359 547

89 460 334 547 παιδευθέντες
360 460 571 566 μυστήριον,
593 464 745 564 εὔλογον
768 459 813 541 ἀν
836 459 1054 560 ἐποιήσαντο
1081 465 1145 538 τοῦ
1173 454 1284 537 κολά-

90 584 214 686 ζεσθαι
240 585 305 685 τὴν
322 589 552 690 παραίτησιν,
571 588 630 667 καὶ
655 585 696 666 τὸ
723 585 812 685 μηδὲ
839 583 933 668 ὅλως
958 583 1083 663 εἰδέναι
1106 578 1287 687 προὶσχά·

91 741 200 808 μενοι,
220 709 456 813 μετριωτέραν
479 708 609 812 ἀυτὴν
631 719 696 790 τοῦ
720 709 900 812 κρίνοντος
926 706 1115 807 ὑπέμειναν
1133 706 1287 807 κίνησιν.

91 832 283 934 ἐγνῶκοτες
319 833 357 914 δέ
399 837 458 914 καὶ
495 831 675 921 πολλάκις
710 831 1065 933 μυσταγωγοιίμενοι,
1101 826 1178 911 εἶτα
1214 834 1291 914 ταῖς

59 959 281 1041 5ἀπειθείαις
310 956 522 1061 ὑβρίζοντες,
549 965 627 1042 πῶς
654 958 719 1040 οὐκ
745 953 790 1037 ἀν
817 953 960 1039 εἰκότως
989 952 1123 1039 παντὸς
1153 956 1288 1059 ἀνηρη·

92 1082 200 1180 μένου
226 1080 356 1162 λοιπὸν
382 1082 484 1162 ἐλέου
512 1079 730 1184 κολάζοιντο,
754 1084 813 1162 καὶ
839 1079 1058 1183 πικροτάτην
1082 1079 1292 1159 ἀποτίσειαν

92 1210 145 1312 τῷ
176 1207 258 1308 παρ’
291 1206 409 1286 αι’ττῶν
436 1205 668 1314 ἠτιμασμένη)
705 1202 772 1305 τὴν
805 1205 928 1305 δίκην,
972 1203 1133 1285 τοιοῦτόν
1165 1237 1199 1282 τι
1233 1202 1292 1281 καὶ

93 1327 199 1412 αὐτὸς
217 1326 271 1409 ἐπ’
291 1330 412 1413 αὐτοῖς
429 1328 565 1432 ε’ίρηκεν
584 1331 603 1407 ὁ
623 1327 752 1431 Σωτήρ
770 1338 791 1377 “
807 1333 852 1408 Εἰ
870 1326 921 1428 μὴ
940 1326 1012 1430 γάρ
1030 1326 1159 1429 ἦλθον,
1180 1331 1288 1432 φησὶ,
1303 1345 1325 1410 b

94 1461 116 1499 “
132 1454 190 1531 καὶ
213 1451 383 1553 ἐλάλησα
409 1454 538 1551 αὐτοῖς,
557 1451 735 1556 ἁμαρτίαν
753 1452 817 1533 οὐκ
840 1451 1001 1556 εἴχοσαν·
1032 1454 1108 1534 νυνὶ
1133 1449 1171 1532 δέ
1195 1447 1289 1553 πρό·

43 1609 81 1649 10
94 1584 117 1621 “
135 1583 252 1681 φασιν
271 1578 335 1656 οὐκ
353 1575 479 1683 έχουσι
496 1579 577 1680 περὶ
596 1581 658 1677 τῆς
677 1577 852 1679 ἁμαρτίας
871 1576 1019 1658 αὖτῶν.”

152 1700 463 1807 Παραφυλακτέον
490 1709 692 1803 τοιγαροῦν,
719 1707 866 1800 μᾶλλον
899 1698 937 1780 δέ
969 1699 1216 1802 παραιτητέον,
1246 1701 1294 1783 ῶς

95 1821 252 1904 θανάτου
282 1821 459 1931 πρόξενον
486 1821 528 1903 τὸ
562 1822 749 1923 δυσήκοον,
779 1826 837 1904 καὶ
869 1823 958 1928 ζωῆς
985 1824 1200 1927 παρεκτικὴν
1228 1821 1294 1923 τὴν

95 1945 221 2025 πίστιν
241 1947 413 2050 ἡγώμεθα
437 1944 503 2047 τὴν
525 1948 582 2053 ἐφ’
603 1946 656 2032 οἷς
680 1946 724 2027 ἀν
750 1944 904 2052 διδάσκη
928 1946 1103 2049 Χριστός.
1143 1951 1290 2052 διαφευ·

96 2067 233 2174 ξάμεθα
259 2069 332 2174 γὰρ
359 2071 452 2151 οὕτω
475 2067 518 2150 τὸ
545 2071 620 2170 μετ’
643 2071 783 2150 ἐκείνων
806 2068 1032 2173 κολάζεσθαι.
1071 2072 1296 2173 προστίθησι

47 2209 83 2270 15
97 2191 134 2271 δὲ
162 2191 216 2272 ὅτι
244 2196 303 2272 καὶ
328 2194 422 2299 ἐντῇ
449 2192 685 2302 Καφαρναοὺμ
712 2201 825 2273 ταῦτα
852 2193 1056 2294 λελάληκεν
1080 2195 1099 2275 ὁ
1121 2192 1326 2300 Χριστὸς,ο

95 2316 155 2396 ἵνα
178 2318 348 2423 φαίνηται
371 2319 591 2418 μεμνημένος
614 2320 784 2421 ἀκριβῶς.
824 2317 844 2395 ὁ
872 2316 945 2421 γὰρ
971 2318 1071 2405 είδῶς
1098 2322 1157 2399 καὶ
1183 2315 1297 2400 τόπον

80 2442 156 2532 καὶ
194 2440 329 2541 κώμην,
361 2446 439 2526 πῶς
475 2439 520 2520 ἀν
550 2441 705 2544 ἁμάρτοι
740 2443 821 2544 περὶ
858 2438 924 2540 τὴν
957 2449 1028 2523 τῶν
1060 2443 1298 2547 διδαχθέντων

98 2560 273 2669 ἐξήγησιν
285 2597 296 2660 3

1336 1314 1409 1364 Infra

1337 1397 1377 1430 xv.
1392 1393 1430 1430 τι.

101 2817 223 2883 Πολλοὶ
250 2815 306 2884 οὖν
333 2819 533 2887 ἀκούσαντες
559 2820 596 2886 ὲκ
624 2822 691 2888 τῶν
718 2823 873 2898 μαθειτών
901 2823 1000 2887 αὑτοῦ
1028 2814 1120 2886 εἷπον
1147 2819 1297 2909 Σκλειρὸο
1311 2829 1350 2887 60

49 2971 87 3011 20
151 2945 237 3012 ἐστιν
265 2945 283 3010 ὁ
311 2945 407 3020 λότοο
434 2941 538 3011 οὗτος·
571 2944 618 3012 τίς
647 2947 781 3016 δύναται
810 2948 909 3014 αὐτοῦ
941 2947 1092 3028 ἀκούειν,
1132 2941 1229 3010 εἰδὼς
1260 2944 1347 3009 δὲοι

150 3071 169 3140 ὁ
194 3073 322 3138 Ἰιιοοῡο
352 3072 387 3137 ὲν
416 3073 525 3157 ἑαυτῷ
553 3075 602 3139 ὅτι
634 3076 812 3164 τοττύςουοι
843 3074 918 3162 περὶ
949 3075 1064 3139 τούτου
1096 3069 1130 3136 οἰ7
1157 3070 1300 3148 μαθηταί

152 3198 263 3278 αὐτοῦ,
289 3190 379 3269 εἶπεν
407 3194 527 3263 αὐτοῖς.

156 3366 276 3441 Τοῦτο
291 3368 365 3446 τοῖς
382 3360 545 3461 ἀνοήτοις
561 3362 652 3446 ἐθος·
684 3367 736 3444 ἀεὶ
755 3361 827 3466 γάρ
844 3369 917 3444 τῶν
934 3359 1155 3465 μαθημάτων
1172 3394 1296 3441 καται·

101 3490 245 3565 τιῶνται
273 3484 319 3564 τά
346 3484 554 3587 λεπτότερα,
580 3489 638 3565 καὶ
666 3485 732 3586 τὴν
760 3489 992 3595 ὑψηλοτέραν
1019 3484 1042 3586 ἢ
1071 3488 1146 3568 κατ’
1172 3483 1333 3570 αὐτοῶςά

50 3636 88 3695 25
102 3610 252 3711 θεωρίαν
271 3610 418 3706 ἀμαθῶς
436 3608 684 3713 διασύρουσιν,
701 3613 776 3691 ἐπεὶ
798 3609 848 3711 μὴ
873 3620 1019 3693 νοοῦσιν
1037 3613 1148 3692 αὐτοί·
1186 3611 1299 3691 καίτοι

101 3739 246 3829 μᾶλλον
273 3736 382 3839 ἐχρῆν
408 3733 601 3834 μανθάνειν
629 3735 845 3838 ἐπείγεσθαι,
872 3740 930 3817 καὶ
960 3745 1033 3821 τοῖς
1066 3738 1301 3833 λαλουμένοις

102 3858 487 3938 συναπολεπτιίνεσθαι
516 3866 646 3964 φιλεῖν,
671 3861 736 3940 οὐκ
762 3862 801 3940 ἐκ
829 3866 901 3940 τῶν
924 3862 1091 3940 ἐναντίων
1112 3866 1185 3938 τῶν
1207 3860 1300 3937 οὕτω

103 3985 234 4083 σοφῶν
259 3980 587 4086 κατεξανίστασθαι
613 3980 746 4085 λόγων,
770 3986 829 4062 καὶ
856 3983 1020 4086 σκληρὸν
1045 3986 1254 4080 ἀποκαλεῖν,
1280 3981 1301 4062 ὃ

103 4106 161 4182 καὶ
180 4100 424 4207 θαυμάζεσθαι
443 4104 578 4208 πρέπει.
616 4105 806 4212 πάσχουσι
830 4106 904 4212 γάρ
929 4143 964 4187 τι
989 4115 1158 4206 τοιοῦτον,
1178 4105 1301 4188 ὁποῖόν

140 4337 165 4394 7.
185 4325 253 4396 αὐτῷ
267 4324 300 4380 Β.
338 4323 434 4379 Statim
448 4323 611 4413 ι’γτιμασμέγιρ
625 4326 657 4381 Β.
672 4326 724 4382 Ed.
738 4345 793 4399 mg.
806 4326 987 4399 ἡτοιμασμένη
999 4327 1051 4381 Ed.
1130 4400 1141 4413 .
1159 4327 1185 4381 8.
1202 4324 1237 4394 μὴ
1273 4325 1302 4450 ’ρ

103 4395 154 4448 hoc
167 4395 260 4449 ordlne
274 4395 307 4451 B.
355 4397 425 4467 φησὶ
439 4406 499 4466 post
511 4397 597 4453 αὐτοις
610 4407 643 4453 tr.
659 4397 690 4452 B.
782 4416 822 4454 10.
842 4399 888 4453 οὐκ
900 4400 992 4469 ἔχουσι
1005 4406 1066 4468 post
1077 4397 1160 4450 αὐτων
1172 4404 1206 4450 tr.
1221 4396 1253 4451 B.
1266 4414 1302 4453 ο.

104 4484 186 4536 supra
198 4483 250 4537 309
263 4484 287 4520 ο.
363 4482 404 4538 15.
423 4469 454 4536 τῇ
467 4477 637 4539 assumptum
652 4486 683 4522 ex
698 4468 731 4524 B.
746 4468 817 4524 Catt.
842 4499 845 4507 ·
891 4470 931 4524 16.
951 4471 992 4523 καὶ
1004 4486 1058 4524 om.
1073 4468 1105 4524 B.
1118 4466 1217 4523 habent
1231 4466 1302 4523 catt.

105 4553 147 4607 23.
166 4538 217 4609 γὰρ
230 4553 283 4592 om.
298 4536 333 4593 B.
440 4552 484 4608 27.
505 4538 793 4612 συναπολετιτῦνεσθαι]
807 4539 851 4598 οὖν
863 4538 1087 4596 ἀπολεπτάνεσθαι
1101 4537 1134 4595 Β.

664 4642 756 4704 ιιι
