3038 5018
91 312 120 354 v.
137 310 187 359 ιο.
264 291 321 357 IN
352 291 386 357 S.
410 290 666 356 JOANNEM.
714 289 808 354 LIB.
833 289 880 354 11.
926 291 1027 355 CAP.
1044 289 1105 353 VI.
1225 290 1289 354 827

92 456 219 536 οὐσίαν
239 458 277 535 ἐν
299 459 439 564 ἐμαυτῷ
466 456 516 556 μὴ
540 455 741 556 δυνάμενος,
761 455 819 536 διὰ
846 465 911 536 τοῦ
938 492 981 552 με
1010 458 1203 560 φαίνεσθαι
1230 458 1289 534 καὶ

91 573 179 658 εἶναι
205 585 373 677 τοιοῦτος,
393 580 511 664 ὁποῖός
539 582 618 660 ἐστι
645 578 738 659 κατά
765 579 880 684 φύσιν
907 578 1024 663 αὑτός·
1064 580 1195 682 ἐνεργῶ
1217 575 1290 681 γάρ

91 701 235 787 πάντως
253 705 301 786 ὦς
318 702 362 807 ἐξ
377 704 497 800 αὐτοῦ,
515 702 561 783 τά
579 705 700 783 αὑτοῦ.

147 821 203 905 Τὸ
234 823 273 905 δέ
310 826 429 927 λέγειν
460 825 765 931 προκαταρκτικὸν
796 832 868 908 τῶν
901 825 1016 928 ἐργων
1045 825 1110 906 τὸν
1143 825 1289 928 Πατέρα

58 946 274 1053 εύπάρχειν,
291 951 445 1048 ἀμαθίας
469 955 532 1051 τῆς
557 951 713 1057 ἐσχάτης
732 952 795 1031 ούκ
814 949 1015 1053 ἀμοιρήσει.
1053 957 1130 1035 πῶς
1143 947 1222 1051 -γάρ
1245 947 1323 1029 ἀνὰ

90 1072 198 1157 αὐτὸς
235 1074 305 1179 ἰδίᾳ
337 1078 396 1154 καὶ
429 1075 537 1174 μόνος
569 1072 858 1179 προκατάρξαιτό
889 1108 987 1171 πστε,
1016 1072 1164 1172 δύναμιν
1198 1073 1290 1179 έχων

89 1192 157 1295 τὴν
184 1197 241 1304 ἐφ’
270 1193 408 1278 ἅπασιν
434 1197 658 1302 ἐνεργητικὴν
690 1196 754 1279 τὸν
786 1198 885 1296 Υίὸν,
914 1197 1193 1302 συνυπάρχοντα
1224 1197 1291 1298 μέν

90 1320 211 1405 ἀβίοις
228 1322 334 1430 αὐτῷ,
353 1322 537 1423 θελήσεως
562 1321 599 1403 δέ
624 1327 687 1422 τῆς
712 1323 773 1404 ε’πί
797 1358 832 1403 τι
859 1327 917 1402 καὶ
941 1321 1112 1423 κινήσεως
1130 1326 1194 1422 τῆς
1212 1323 1289 1402 κατ’

89 1441 267 1548 ἐνέργειαν
288 1442 355 1546 τὴν
378 1447 437 1527 ἐπί
460 1481 556 1527 τισιν
575 1444 799 1553 ἐκφαντικόν.
839 1449 897 1526 καὶ
916 1452 945 1527 εἰ
965 1446 1162 1550 περιμένειν
1180 1443 1289 1526 αὑτὸν

45 1604 77 1646 ιο
90 1565 158 1668 τὴν
188 1569 245 1676 ἐφ’
275 1570 417 1678 ἑκάστῳ
448 1578 520 1650 τῶν
554 1571 667 1676 ἐργων
699 1570 812 1670 ίδικὴν
843 1569 1021 1673 ἐνέργειαν
1049 1578 1113 1650 τοῦ
1143 1569 1289 1673 Πατρὸς

90 1695 308 1779 ἀπαιδεύτως
345 1694 629 1799 διισχυρίζονται,
662 1691 753 1798 πρὸς
788 1693 830 1774 τὸ
863 1693 946 1773 ἴσον
974 1693 1289 1795 ἀπομιμήσασθαι,

89 1817 330 1898 δεικνύτωσαν
348 1819 432 1917 ἡμῖν
456 1818 526 1924 ἰδίᾳ
554 1822 612 1898 καὶ
640 1818 724 1898 καθ’
743 1816 868 1898 ἑαυτὸν
893 1818 1140 1921 ἐργασόμενόν
1163 1853 1199 1898 τι
1226 1817 1290 1898 τὸν

92 1940 239 2044 Πατέρα
263 1941 420 2038 πώποτε,
445 1938 468 2040 ἢ
498 1945 555 2022 καὶ
582 1949 687 2023 ποῖον
711 1942 816 2027 αὐτὸς
842 1942 1139 2046 προθεραπεύσας
1165 1941 1318 2047 παρά-ο

90 2075 219 2163 λνπον,
238 2064 385 2145 δέδωκεν
403 2068 452 2150 ὡς
471 2068 509 2146 ἐν
527 2066 628 2174 τύπῳ
646 2064 687 2146 τὸ
706 2073 856 2169 πρᾶγμα
874 2071 927 2172 τῷ
945 2065 1149 2169 γεννήματι.

45 2293 77 2354 [5
398 2274 440 2340 ‘0
469 2276 528 2365 τὰρ
554 2275 668 2365 Πατήρ
695 2270 784 2363 φιλεῖ
811 2272 867 2341 τὸν
885 2271 971 2342 Υἰόν.
1302 2295 1340 2337 20

146 2463 351 2549 Ἀσυνέτως
379 2465 669 2572 ἐξαγριονμένονς
700 2471 748 2549 εἰς
777 2467 911 2544 εἰκαίαν
939 2460 1061 2566 ὀργὴν,
1079 2459 1161 2544 τούς
1189 2460 1289 2565 οἵπερ

89 2583 188 2686 ἦσαν
206 2591 468 2682 δυσσεβοῡντες
497 2594 545 2673 εἰς
573 2587 679 2669 αι’ττὸν
702 2588 919 2694 ἀφυλάκτως
944 2586 1002 2668 διά
1028 2583 1069 2665 τὸ
1097 2584 1291 2680 σάββατον

89 2709 271 2816 ἐξελέγχει
289 2711 461 2814 Χριστὸς,
478 2710 742 2816 ἐναργεστάτην
761 2721 824 2793 τοῦ
845 2711 1057 2814 πράγματος
1081 2707 1290 2810 ποιούμενος

89 2833 157 2934 τὴν
189 2835 370 2943 ἀπόδειξιν
402 2836 459 2915 διά
495 2844 559 2915 τοῦ
592 2842 777 2944 φιλεῖσθαι
815 2835 933 2937 λέγειν
964 2832 1064 2936 παρὰ
1100 2841 1164 2914 τοῦ
1200 2834 1319 2914 ῖδῖσυι
1342 2857 1456 2914 MA.

45 3004 77 3045 ιο
90 2958 312 3062 γεννήτορας.
343 2965 372 3041 εἰ
390 2958 462 3064 γὰρ
481 2961 576 3045 ὅλως
595 2965 694 3067 φιλεῖ
709 2962 759 3041 τίν
777 2966 848 3041 Υῖον
867 2970 882 3041 ὁ
903 2957 1026 3065 Πατὴρ,
1045 2959 1087 3038 ού
1105 2967 1290 3038 λυποῦντα

91 3086 205 3181 δῆλον
237 3084 291 3164 ὅτι
328 3091 440 3190 φιλεῖ,
474 3086 777 3190 κατενφραίνοντα
814 3084 851 3162 δέ
888 3089 1035 3181 μᾶλλον
1068 3083 1124 3186 ἐφ’
1156 3079 1209 3166 οἷς
1246 3079 1290 3160 ἀν

89 3213 176 3312 ποιῇ
211 3211 268 3288 καὶ
299 3207 499 3312 ἐργάζηται.
544 3208 662 3307 μάτην
693 3208 756 3285 οὖν
782 3207 852 3308 ἀρα
884 3208 1053 3285 διώκουσι
1085 3202 1150 3283 τὸν
1179 3208 1290 3285 ἐλεεῖν

91 3334 130 3411 ἐν
163 3332 344 3439 σαββάτῳ
381 3333 432 3432 μὴ
469 3332 761 3434 παραιτούμενον,
798 3334 856 3409 καὶ
892 3337 968 3413 ταῖς
1003 3337 1067 3408 τοῦ
1100 3333 1195 3408 Θεοῦ
1231 3332 1290 3409 καὶ

93 3455 239 3560 Πατρὸς
262 3457 511 3539 ἀντιτείνοντες
535 3454 676 3561 ψάφοις
700 3452 759 3533 διὰ
783 3452 911 3533 τούτου
934 3448 1047 3532 πάλιν
1066 3452 1289 3534 ἁλίσκονται.

45 3627 78 3688 ,5
93 3583 220 3682 χρῆναι
246 3578 318 3682 γὰρ
337 3579 468 3658 οἴονται
494 3585 623 3676 μισεῖν,
642 3575 683 3656 ὃν
701 3576 807 3661 αὐτὸς
825 3580 967 3684 ἀγαπᾷ,
989 3578 1102 3675 δῆλον
1121 3573 1158 3654 δέ
1176 3574 1290 3675 δήπου

91 3703 236 3789 πάντως
263 3707 373 3799 ἐστὶν,
398 3705 445 3788 ὡς
473 3703 536 3782 ούκ
565 3701 610 3781 ἀν
631 3699 805 3804 ἠγάπησέ
828 3737 917 3784 ποτε
947 3699 1012 3802 τὴν
1037 3709 1101 3782 τοῦ
1128 3699 1289 3783 τεκόντος

90 3827 201 3908 αὐτὸν
223 3827 493 3932 παροτρέχοντα
519 3825 711 3925 βούλησιν,
728 3831 787 3906 καὶ
816 3828 887 3934 ἰδία
914 3828 973 3906 καὶ
1001 3827 1110 3923 μόνον
1132 3825 1221 3927 ὅπερ
1245 3821 1322 3904 ἀνί)

91 3951 198 4037 αὐτὸς
215 3950 385 4050 ἐθελήσαι
410 3958 521 4032 ποιεῖν
543 3949 751 4048 εἰθισμένον.
790 3949 966 4051 ἐπειδὴδὲ
986 3947 1131 4034 ,δικαίως
1153 3951 1288 4054 ἀγαπᾷ,

91 4084 254 4157 συναινεῖ
267 4073 433 4175 δηλονότι
452 4078 510 4154 καὶ
524 4073 777 4174 συγκατανεύει
797 4083 860 4154 τοῦ
877 4070 1070 4168 σαββάτου
1089 4070 1154 4170 τὴν
1170 4072 1290 4170 λύσιν,

131 4399 154 4437 1.
173 4405 204 4450 με
216 4382 248 4437 Β.
260 4382 294 4450 μὴ
308 4381 358 4437 Ed.
439 4398 462 4435 2.
482 4380 577 4452 ἐνεργῶ
591 4380 661 4435 B.D.
673 4380 783 4450 ἐνεργῶν
796 4378 847 4433 Ed.
928 4391 955 4446 5.
972 4380 1017 4446 τῆς
1028 4384 1198 4504 aasumsstum
1210 4393 1242 4431 ex
1257 4376 1290 4432 B.

91 4453 228 4523 ἀμοιρήσει
242 4453 274 4507 Β.
285 4453 386 4523 ἀμοιρεῖ
399 4451 450 4506 Ed.
532 4469 572 4506 11.
589 4449 858 4520 πρὸςτὸέὸῖσονΙ).
943 4466 982 4522 19.
1001 4449 1070 4520 παρὰ
1083 4448 1116 4504 Β.
1148 4446 1291 4519 ,περὶΕά

93 4541 136 4580 21.
155 4524 187 4580 ἂν
196 4526 265 4579 ποιεῖ
277 4525 319 4578 καὶ
330 4523 463 4595 ἐργάζεται
475 4521 557 4578 Cord.
570 4521 653 4578 invito
665 4539 690 4577 a.
