3038 5018
103 312 265 378 αμα).
298 293 352 358 IN
387 295 420 360 s.
445 296 700 361 JOANNEM.
747 297 841 362 mn.
867 297 933 361 111.
979 295 1080 361 οκυ.
1106 297 1152 362 11.
1240 299 1303 361 383

103 457 321 557 ἁλώσονται,
350 458 415 560 τὴν
443 467 490 544 εἷς
518 459 627 542 αὐτόν
654 464 695 542 ού
725 462 1009 569 παραδεξάμενοι
1039 461 1174 558 πίστιν,
1202 462 1337 541 ἀλλάδ

102 583 167 662 τὸν
188 593 251 663 τοῦ
280 591 376 665 Θεοῦ
405 591 462 666 καὶ
493 584 638 689 Πατρός
666 587 906 684 ἀτιμάσαντες
932 590 1152 691 χαρακτῆρα,
1175 589 1232 665 καὶ
1260 585 1302 664 τὸ

100 707 352 807 ἀληθέστατον
370 709 495 815 ῶσπερ
515 709 599 798 αἶθος
619 714 728 809 αὑτοῦ,
744 710 802 791 διὰ
820 714 885 810 τῆς
902 716 1119 813 θεοπρεποῦς
1136 711 1316 817 ἐξουσίας.

101 865 140 910 τε
159 835 216 912 καὶ
235 833 415 933 δυνάμεως
433 839 614 937 θεωρῆσαι
631 833 962 937 παραιτησάμενοι;
992 833 1205 935 καταληπτι)
1231 835 1302 937 γὰρ

68 955 186 1053 5ἦμΐν
208 959 275 1061 ούχ
299 958 424 1061 ἑτέρως
448 956 539 1039 κατά
563 957 605 1039 τὸ
630 957 857 1063 ἐνδεχόμενον
881 959 902 1057 ἡ
928 960 1006 1038 θεία
1032 993 1070 1039 τε
1098 961 1157 1038 καὶ
1185 956 1298 1061 ἀπόρ·

102 1082 210 1183 ῥητος
237 1082 360 1188 φύσις,
383 1081 405 1184 ἢ
434 1087 476 1164 δι’
496 1080 547 1164 ῶν
568 1087 725 1164 ἐπιτελεῖ
748 1086 807 1163 καὶ
835 1082 1028 1186 ἐργάζεται·
1063 1081 1122 1162 διά
1149 1080 1220 1186 γάρ
1248 1117 1302 1162 τοι

103 1211 289 1303 ταῦτακαὶ
304 1207 376 1288 ἀπὸ
390 1207 590 1310 “μεγε’θους
604 1210 663 1286 καὶ
677 1211 857 1306 καλλονῆς
873 1204 1081 1304 κτισμάτων
1093 1205 1300 1309 ἀναλόγως”
1347 1206 1404 1271 ⁸⁵1³·
1416 1208 1468 1258 ἡ

102 1330 160 1408 ἐπὶ
176 1328 241 1429 την
259 1339 323 1411 τοῦ
347 1340 598 1434 γενεσιουργοῦ
624 1332 813 1432 θεωρίανὸ
839 1330 904 1427 μὲν
925 1337 1073 1414 Παῦλος
1099 1332 1191 1430 ἡμᾶς
1217 1330 1302 1410 ίέναι
1347 1285 1471 1453 ἐξέλθω·

101 1453 334 1555 προστάττει,
357 1456 501 1562 ξεναγεῖ
522 1453 559 1535 δὲ
585 1453 699 1535 πάλιν
721 1460 769 1539 εἰς
794 1454 858 1552 την
881 1454 937 1559 ἐφ’
958 1456 1071 1562 ἑαυτῷ
1093 1453 1331 1561 κατάληψινο
1358 1441 1364 1453 ’
1410 1442 1416 1453 ’

47 1579 123 1656 ιοὸ
143 1578 271 1681 Σωτήρ
291 1591 312 1627 “
327 1585 371 1660 El
391 1582 433 1659 ού
457 1586 549 1660 ποιῶ
575 1578 621 1658 τά
646 1580 734 1682 ε”ργα
759 1588 822 1659 τοῦ
844 1578 990 1680 Πατρός
1008 1612 1088 1678 μου,
1107 1578 1236 1679 λε’γων,
1252 1577 1302 1677 μὴ
1348 1580 1456 1710 {32⁸8ss

102 1714 123 1749 “
141 1704 329 1820 πιστεύετέ
353 1735 427 1801 μοι·
469 1709 499 1783 εἰ
526 1703 564 1783 δὲ
592 1711 693 1800 ποιῶ,
722 1702 790 1782 κάν
818 1707 895 1800 ἐμοὶ
922 1702 972 1802 μὴ
999 1704 1201 1802 πιστεύητε,
1229 1707 1303 1786 τοῖς

102 1839 124 1873 “
143 1827 257 1928 ἔργοις
275 1862 345 1926 μου
363 1828 582 1908 πιστεύετε.”
610 1834 801 1933 κατῃτιᾶτο
820 1827 862 1906 δέ
875 1861 946 1906 που
965 1833 1022 1905 καὶ
1042 1828 1126 1906 λίαν
1144 1824 1304 1927 εὐλόγως

102 1949 165 2029 τὸν
183 1956 309 2030 οίκεῖον
327 1951 501 2052 μαθητὴν,
519 1951 705 2035 Φίλιππος
723 1951 826 2037 οὗτος
844 1949 898 2051 ἦν,
918 1954 966 2034 ὡς
983 1950 1108 2051 ἑτέρως
1126 1949 1303 2029 δύνασθαι

101 2075 191 2175 πρὸς
219 2074 285 2174 τὴν
303 2079 360 2156 ἐπὶ
388 2078 439 2184 τῷ
465 2081 549 2183 Θεῷ
576 2080 634 2155 καὶ
660 2079 779 2177 Πατρὶ
807 2073 958 2176 θεωρίαν
979 2078 1097 2152 ἐλθεῖν
1122 2071 1302 2174 ἀζητὴτως

47 2226 85 2286 15
103 2197 396 2299 ύποτοπήσαντα,
415 2198 529 2278 καίτοι
552 2198 669 2300 παρὸν
687 2199 739 2277 ἐπ’
759 2198 926 2304 ἐξουσίας
950 2197 1047 2303 αύτῷ
1070 2195 1136 2297 τὴν
1154 2199 1299 2298 ἀπαρα-

101 2324 248 2422 ποίητον
286 2321 402 2403 εἰκόνα
439 2323 765 2419 κατασκάπτεσθαι,
804 2319 1034 2401 δεικνύουσαν
1071 2323 1227 2423 ἀκριβῶς
1264 2322 1303 2400 ε’ν

750 2444 760 2470 ἱ
848 2447 860 2474 Χ
904 2445 922 2471 ν

101 2448 208 2552 ἑαυτῇ
244 2448 307 2527 τὸν
342 2444 581 2548 γεννήσαντα·
631 2444 686 2525 διὸ
722 2450 765 2545 δη
802 2480 861 2525 και
898 2452 1036 2550 εφασκε
1070 2456 1092 2492 “
1112 2450 1332 2524 Τοσοῦτονο
1351 2463 1469 2518 260A.

101 2581 124 2617 ‘⁶
142 2571 271 2674 χρόνον
296 2573 376 2670 μεθ’
403 2574 503 2668 ὑμῶν
526 2574 606 2668 εἶμι,
626 2574 685 2648 καὶ
709 2572 774 2649 ούκ
802 2565 958 2670 ἔγνωκάς
985 2603 1039 2667 με,
1059 2570 1244 2667 Φίλιππε;
1279 2568 1302 2648 ό
1347 2536 1429 2668 {ff}

148 2696 157 2718 ε
262 2694 413 2722 καὶ(

102 2706 124 2740 “
139 2729 302 2796 εωρακως
319 2730 378 2794 εμε
396 2694 526 2797 εῶρακε
546 2692 608 2772 τόν
628 2693 807 2795 Πατερα.”

44 2975 274 3066 2οἚρευνᾱτε
292 2978 351 3043 τάα
371 2979 508 3066 τραφὰε,
527 2981 577 3047 ὄτι
602 2979 637 3043 ἐν
657 2975 770 3043 αὐταῖς
796 2977 921 3044 δοκεῖτε
945 2973 1036 3053 ὑμεῖς
1061 2977 1145 3066 ζωήν
1165 2974 1300 3042 αἰώνιον
1316 3004 1355 3061 39

150 3103 245 3190 ἔχειν,
264 3103 316 3168 καί
335 3099 430 3168 αὗταί
449 3101 528 3170 εἰσιν
547 3102 579 3168 αἱ
598 3109 820 3193 μαρτυροῦσαι
839 3105 913 3192 περὶ
939 3105 1028 3183 ἐμοῦ,
1048 3102 1100 3166 καὶ
1125 3103 1162 3168 οὐ
1189 3103 1301 3167 θέλετε
1316 3133 1356 3188 40

150 3224 256 3295 ἐλθεῖν
276 3230 358 3317 πρὸς
376 3230 426 3308 μὲ,
446 3232 499 3294 ἵνα
519 3231 603 3319 ςωεὶν
622 3231 727 3317 ἔχητε.

154 3421 205 3498 Ἡ
225 3418 291 3517 μὲν
309 3421 388 3499 λεία
414 3425 472 3500 καὶ
498 3421 703 3521 ἱππήλατος
729 3427 802 3505 τοῖς
826 3426 982 3504 πολλοῖς
1007 3422 1065 3499 καὶ
1090 3416 1302 3520 τετριμμένη

99 3541 236 3623 διάνοια
260 3552 324 3623 τοῦ
346 3547 455 3647 ῥητοῦ
477 3552 749 3648 προστακτικῶς
769 3548 933 3647 εἰρῆσθαι
952 3544 1101 3646 νομίζειν
1118 3539 1219 3645 παρὰ
1237 3551 1336 3635 τοῦδ

44 3672 267 3770 2,ῦ-Σωτῆρος
295 3669 396 3768 ἡμῶν
416 3667 507 3772 πρὸς
534 3666 616 3752 τοῦς
643 3670 864 3772 Φαρισαίους
889 3668 1079 3764 ἀναπείθει,
1105 3665 1146 3746 τό
1172 3668 1301 3769 χρῆναι

99 3791 164 3877 τοὶς
181 3794 275 3876 θείας
295 3795 489 3898 ἐρευνῶντας
506 3792 651 3901 γραφάς
672 3792 736 3876 τὰς
760 3795 841 3893 περὶ
867 3794 975 3872 αὐτοῦ
998 3792 1191 3892 μαρτυρίας
1209 3787 1316 3888 πρὸς,
1347 3873 1352 3886 ,

97 3912 189 4016 ζωὴν
214 3917 447 4019 ἐρανίζεσθαι.
487 3915 605 4014 ἐπειδὴ
632 3916 669 3995 δὲ
694 3904 901 4017 σύνδεσμον
920 3918 957 3994 ἐν
978 3918 1030 4021 τῶ
1054 3911 1189 4020 μεταξύ
1214 3914 1298 4007 θείς·

97 4043 191 4144 φημὶ
211 4041 247 4120 δὲ
267 4039 309 4119 τό
332 4048 411 4120 Καί·
443 4038 617 4119 συνάπτει
636 4039 677 4118 τό
696 4045 749 4119 Οῦ
769 4038 874 4119 θέλετε
894 4036 992 4119 ἐλθεῖν
1011 4038 1093 4146 πρὶς
1115 4039 1170 4142 με,
1190 4039 1301 4135 δῆλος

97 4161 143 4243 ἀν
167 4163 219 4261 είη
244 4161 374 4244 λοιπόν
396 4161 514 4264 ἕτερόν
536 4198 569 4242 τι
597 4166 794 4262 σημαίνων,
813 4159 987 4264 συγγενὲς
1016 4160 1082 4260 μὲν
1101 4167 1173 4246 τοῖς
1201 4165 1296 4261 είρη·

135 4417 160 4462 4.
181 4394 340 4466 κοταληπτη]
354 4397 520 4463 κατείληπται
535 4395 565 4448 B.
665 4412 689 4460 5.
710 4395 855 4468 ἀπόρρητος
872 4393 902 4446 Β.
916 4394 1026 4463 ἄρρητοι
1040 4393 1090 4447 Ed.
1192 4408 1231 4446 10.
1250 4413 1302 4460 μου

99 4485 152 4520 om.
167 4466 199 4520 B.
336 4485 375 4521 12.
395 4489 445 4521 που
457 4477 626 4535 assumptum
640 4484 671 4519 ex
688 4465 708 4518 Β
723 4482 778 4533 mg.
794 4464 829 4518 D.
959 4477 998 4535 ιγ.
1018 4467 1145 4520 τοσοῦτον
1157 4465 1253 4533 χρόνον
1267 4460 1299 4516 Β.

99 4537 217 4610 τοσούτῳ
230 4541 315 4610 χρόνῳ
330 4537 379 4590 Ed.
489 4553 531 4606 29.
551 4535 694 4606 σημαίνων]
712 4543 740 4599 -Ι-
757 4537 791 4589 ῶν
807 4534 838 4587 Β.
