3038 5018
93 297 267 384 iv.25‚26.
300 302 358 366 IN
388 300 701 367 S.JOANNEM.
748 300 842 366 LIB.
866 299 914 364 11.
960 299 1062 365 CAP.
1080 298 1120 362 V.
1226 302 1288 362 285

92 462 355 561 διαλάμποντα,
374 473 418 571 τῇ
437 465 474 545 δὲ
493 473 566 545 τῶν
583 468 687 545 θείων
706 464 894 566 δογμάτων
914 464 1077 565 ὀρθότητι
1096 462 1162 562 τήν
1180 463 1291 547 ὅντως

92 588 212 686 ἀληθῆ
231 598 440 691 πληροῦντα
457 589 716 690 προσκύνησιν.

106 799 251 879 Οἴδαμεν
278 807 327 870 ὅτι
355 805 468 881 μεσίαο
494 806 633 894 ἔρχεται,
661 808 679 872 ὸ
706 808 879 881 λετόμενοι
908 807 1052 891 Χριστός·
1093 809 1170 873 ὅταν
1197 806 1277 895 ἔλθη

405 928 539 1012 ἐκεῖνος,
567 927 736 1006 ἀναττελεῖ
763 927 839 1006 ἡμῖν
866 931 982 994 πάντα.

59 1100 78 1156 5
143 1086 262 1190 Ὥραν
289 1090 484 1196 ἀφίξεσθαι
519 1094 576 1170 καὶ
611 1090 744 1192 καιρὸν,
772 1097 917 1188 μᾶλλον
947 1088 985 1167 δὲ
1018 1090 1086 1189 ήδη
1118 1097 1291 1189 παρεῖναι,

92 1210 326 1298 διδάσκοντος
351 1223 414 1294 τοῦ
439 1220 614 1318 Χριστοῦ,
635 1217 717 1294 καθ’
739 1213 780 1294 δν
799 1220 832 1293 οἱ
857 1216 1020 1313 ἀληθινοὶ
1046 1216 1291 1314 προσκυνηταὶ

91 1335 158 1436 τήν
177 1340 214 1416 ἐν
231 1338 405 1437 πνεύματι
429 1340 597 1441 λατρείαν
618 1340 864 1441 προσοίσουσι
889 1344 941 1444 τῷ
965 1343 1048 1444 θεῷ
1074 1342 1132 1415 καὶ
1158 1340 1327 1439 Πατρὶ,ι1

91 1466 312 1566 παραχρῆμα
337 1461 379 1541 τὸ
404 1462 550 1563 γύναιον
572 1467 621 1546 είς
646 1461 711 1561 τήν
735 1453 959 1562 λάλουμένην
981 1461 1079 1564 παρὰ
1104 1469 1177 1543 τοῖς
1195 1464 1286 1540 Ἰου-

93 1588 203 1669 δαίοις
222 1587 352 1666 ε’λπίδα
369 1593 443 1670 τοῖς
463 1584 549 1687 ὑπὲρ
568 1587 644 1693 ἕξιν
661 1589 919 1687 ἀναπτεροῦται
938 1585 1129 1685 νοήμασιν.
1164 1585 1291 1665 εἰδέναι

45 1733 78 1773 ¹0
92 1708 131 1788 δὲ
158 1706 222 1787 τὸν
249 1714 377 1813 μισίιιν
406 1714 454 1793 ῶς
486 1709 564 1816 ἥξει
598 1708 689 1789 κατά
721 1709 843 1811 καιρὸν
872 1717 998 1789 οἰκεῖον
1026 1711 1206 1811 ὁμολογεῖ,
1234 1712 1292 1789 καὶ

92 1831 169 1937 ἥξει
196 1832 262 1929 μὲν
285 1836 343 1913 ἐπὶ
372 1835 477 1931 τίσιν,
503 1837 658 1936 ἀκριβῶς
686 1835 728 1911 ού
756 1836 881 1939 φησὶν,
906 1833 1218 1937 ἀπεριεργάστους,
1244 1839 1292 1918 ῶς
1399 1867 1411 1880 ‘

92 1954 192 2053 ἔοικε,
212 1956 292 2040 τοὺς
312 1960 364 2036 ἐπ’
384 1961 480 2064 αὐτῷ
501 1956 742 2055 λαμβάνουσα
761 1957 926 2058 θρύλους,
941 1955 1002 2035 ἇτε
1022 1955 1066 2055 δή
1085 1955 1291 2060 φιλόγελώς

92 2111 131 2155 τε
153 2083 211 2158 καὶ
234 2089 516 2184 φιλοσαρκοῦσα
541 2079 645 2182 γυνή·
679 2081 719 2158 ού
742 2079 813 2179 μήν
832 2077 990 2179 ήγνόησε
1015 2088 1215 2174 παντελῶς,
1243 2085 1291 2164 ὡς

92 2205 328 2305 ἀστειοτέρων
355 2203 576 2303 μαθημάτων
604 2204 795 2305 είσηγητής
828 2207 885 2283 ε’πὶ
918 2203 981 2283 τὸν
1013 2203 1166 2304 Ἰσραήλ
1201 2206 1287 2283 ἀνα·

45 2353 77 2411 15
92 2327 331 2432 δειχθήσεται,
349 2333 406 2407 καὶ
427 2337 531 2407 τοῖττο
551 2330 594 2426 δή
613 2327 755 2411 ποίντως
775 2331 812 2406 ἐν
830 2335 903 2410 τοῖς
927 2331 1008 2430 περὶ
1034 2330 1142 2411 αὐτοῦ
1167 2328 1321 2429 λόγοιςθ

87 2453 321 2553 ὀρίσκουσα.

252 2661 341 2733 Λὲτει
369 2661 450 2749 αὐτῇ
479 2659 647 2723 δἸιισοῦι
671 2658 760 2732 Ἐτὼ
786 2657 861 2739 εἰμι,
888 2661 906 2726 ὁ
934 2661 1046 2724 λαλῶν
1073 2682 1134 2729 σοι.
1305 2664 1342 2720 26

149 2824 208 2902 Ού
239 2830 316 2908 ταῖς
349 2822 571 2906 ἀπαιδεύτοις
603 2829 740 2928 ψυχαῖς
773 2824 795 2923 ή
829 2829 886 2903 καὶ
919 2826 1075 2921 ἀμαθέσι
1104 2829 1290 2907 παντελῶς

92 2945 218 3026 ἑαυτὸν
251 2947 494 3027 ἀνακαλύτττει
531 2945 706 3050 Χριστὸς,
740 2949 834 3038 ἀλλ’,
857 2948 1001 3031 ἐκείναις
1038 2954 1183 3044 μᾶλλον
1214 2949 1290 3026 ε’πι-

45 3105 79 3145 ιο
93 3067 227 3169 λάμπει
252 3074 309 3149 καὶ
335 3071 509 3176 φαίνεται,
529 3071 632 3171 αἵπερ
658 3068 702 3149 ἀν
725 3067 793 3148 εἶεν
816 3072 883 3171 ήδη
907 3071 998 3172 πρὸς
1024 3069 1064 3150 τὸ
1089 3072 1294 3166 βούλεσθαί

46 3256 58 3284 ,
92 3227 126 3271 τι
148 3200 274 3293 μαθεῖν
291 3194 517 3297 ἑτοιμότερον,
536 3196 594 3273 καὶ
619 3197 683 3292 τῆς
706 3196 863 3277 πίστεως
887 3192 953 3293 τήν
971 3194 1086 3301 ἀρχὴν
1104 3198 1142 3274 ἐν
1161 3198 1290 3279 ἁπλοῖς

91 3319 283 3397 ὠδίνουσαι
321 3316 454 3420 λόγοις,
489 3315 580 3420 πράς
617 3316 682 3416 τήν
719 3325 791 3396 τῶν
828 3318 1055 3421 τελειοτέραν
1092 3319 1320 3420 ἐπείγονταιο
1344 3336 1406 3390 1⁹2
1417 3335 1457 3390 A·

91 3446 241 3539 γνῶσιν.
282 3441 426 3541 τοιαύτη
445 3476 498 3525 τις
517 3443 600 3540 ἡμῖν
616 3443 675 3519 καὶ
698 3441 720 3538 ή
739 3445 950 3544 Σαμαρεῖτις
974 3443 1158 3548 ἀνεδείχθη
1181 3441 1288 3545 γυνή,

90 3565 292 3668 παχύτερον
314 3563 380 3663 μὲν
402 3566 493 3667 ήπερ
517 3567 626 3669 ἐχρῆν
651 3570 723 3648 τοῖς
750 3562 860 3649 ὅντως
889 3566 994 3649 θείοις
1018 3575 1290 3669 προσβαλοῦσα

45 3709 76 3769 25
91 3689 330 3790 θεωρήμασιν,
349 3691 390 3767 οὐ
412 3687 484 3787 μήν
502 3696 566 3767 τοῦ
590 3686 796 3781 βούλεσθαί
815 3723 850 3767 τι
875 3693 933 3768 καὶ
959 3699 1051 3769 νοεῖν
1068 3690 1290 3799 ε’ξτρκισμίνη

90 3819 294 3908 παντελῶς.
325 3819 470 3916 πρῶτον
486 3809 552 3911 μὲν
570 3810 641 3915 γάρ
660 3812 847 3912 αίτήσαντι
865 3819 916 3919 τῷ
935 3818 1088 3920 Χριστῷ
1106 3814 1148 3893 τὸ
1166 3812 1289 3911 ποτὸν,

89 3937 288 4041 προχείρως
306 3938 348 4015 ού
367 3938 503 4031 δίδωσι,
522 3935 755 4039 παραλύοντα
773 3936 816 4016 δέ
829 3971 917 4033 πως,
936 3937 1026 4016 ὅσον
1045 3936 1128 4036 ἧκεν
1146 3940 1284 4040 ἀνθρω-

89 4060 201 4144 πίνως
219 4067 339 4158 είπεῖν,
358 4059 422 4143 τάς
445 4061 653 4164 ἐπιχωρίους
678 4066 751 4137 τῶν
769 4060 950 4140 Ἰουδαίων
968 4062 1158 4161 συνηθείας
1177 4095 1287 4141 κατα·

90 4183 258 4284 θεωμένη,
278 4183 360 4267 τούς
384 4189 448 4282 τῆς
474 4181 716 4284 παραβάσεως
740 4182 966 4285 προανεζήτει
993 4183 1133 4286 λόγους,
1156 4201 1322 4283 μονον-1)

129 4412 170 4462 14·
189 4395 387 4467 ἷσηγητὴς(ιίο)
403 4394 438 4448 D.
538 4397 577 4448 18.
598 4394 725 4463 ἢοαιβ.
823 4411 863 4465 19.
883 4397 1039 4450 ἐουτὸνοια.
1053 4396 1085 4450 Β.
1178 4413 1220 4450 20.
1239 4393 1289 4453 εἶεν

90 4483 144 4520 om.
160 4465 191 4519 B.
301 4482 342 4519 υ.
361 4465 510 4534 ε’πείγωνται
525 4465 556 4517 B.
666 4482 707 4532 24.
726 4464 805 4522 ὅντως
817 4474 878 4520 ante
891 4465 969 4537 ε’χρήν
981 4475 1015 4520 tr.
1029 4466 1061 4522 B.
1163 4469 1205 4522 28.
1224 4467 1288 4523 Ἰαυ-

91 4536 183 4589 διιῖκῶν
197 4536 229 4589 Β.
338 4552 379 4605 29.
398 4535 582 4605 προσανεζήτει
597 4536 699 4606 Migne.
