3038 5018
95 306 213 388 vii.24
258 306 315 371 IN
345 308 379 372 S.
404 307 660 372 JOANNEM.
706 306 801 371 LIB.
825 305 884 369 IV.
931 302 1129 369 CARVII.
1228 302 1292 365 633

94 469 208 568 δόσις,
227 471 328 553 άλλά
343 476 416 571 μετ’
436 474 570 573 ἐκείνην
588 474 699 570 ἐστὶν,
718 472 796 571 ἤτοι
815 473 890 551 κατ’
911 468 1021 550 αὐτὸν
1039 474 1103 568 τῆς
1122 463 1288 548 ἀναστά-

94 628 189 680 σεως
216 593 280 675 τὸν
302 595 435 700 καιρόν,
460 596 519 676 ὅτε
546 598 605 676 καὶ
633 603 706 679 τοῖς
734 598 859 675 ἐαυτοῦ
887 600 1063 693 μαθηταῖς
1088 589 1292 699 ἐνεφύσησε

95 718 214 821 λέγων
232 729 254 766 “
270 719 410 814 Λάθετε
434 725 584 815 Πνεῦμα
596 718 764 819 Ἀγιον.”
801 720 985 802 Ἰουδαίοις
1008 716 1074 815 μέν
1097 717 1159 796 οὖν
1184 715 1207 814 ῆ
1233 712 1292 793 διὰ

94 842 246 947 σιδήρου
273 842 552 945 πρεπωδεστέρα
581 839 765 945 περιτομὴ,
795 846 919 922 δοῦλοι
950 838 1023 946 γάρ
1053 840 1103 920 ἔτι
1132 841 1190 918 καὶ
1221 835 1290 918 ύπδ

62 983 81 1044 5
96 965 206 1068 νόμον
224 965 288 1047 τὸν
306 965 506 1067 κολαστήν·
540 962 728 1050 κολάσεως
746 965 784 1046 δέ
802 972 952 1066 σημεῖον
969 967 990 1044 ὁ
1013 963 1171 1067 σίδηρος·
1208 962 1321 1061 ῆμῖνο

96 1090 133 1170 δέ
153 1095 201 1176 ὡς
219 1091 414 1194 ἐλευθέροις
433 1093 491 1170 καὶ
508 1096 756 1189 πνευματικοῖς
774 1091 797 1189 ἡ
811 1089 869 1169 διὰ
884 1095 921 1171 Π
924 1085 1093 1186 νεύματος
1107 1086 1292 1188 κάθαρσις,

93 1212 215 1295 πάντα
239 1212 305 1313 μέν
328 1221 400 1294 τῶν
419 1213 597 1317 ἡμετέρων
614 1218 747 1319 ψυχῶν
764 1214 996 1312 ἐκπέμπουσα
1021 1208 1230 1310 μολυσμὸν,
1251 1206 1292 1288 τδ

96 1339 133 1418 δέ
161 1338 298 1417 τέλειον
326 1341 363 1419 ἐν
395 1336 624 1440 λαμπρότητι
657 1341 702 1440 τῆ
734 1335 810 1416 κατ’
839 1334 1023 1432 εὐσέβειαν
1050 1333 1110 1414 διὰ
1135 1334 1293 1416 πίστεως

96 1462 358 1565 εἶσκομίζουσα.

45 1615 84 1657 10
147 1584 235 1665 Ὅτι
254 1585 326 1688 γὰρ
344 1584 402 1666 διὰ
420 1589 483 1684 τῆς
502 1585 746 1693 ἀληθεστέρας
764 1589 822 1666 καὶ
840 1588 1077 1683 πνευματικῆς
1090 1584 1292 1685 περιτομῆς,

96 1712 160 1808 τῆς
185 1710 260 1789 κατ’
281 1710 467 1803 εὐσέβειαν
490 1710 712 1810 τελειότητος
741 1712 1014 1813 άποπληροῦται
1041 1706 1083 1786 τδ
1111 1705 1291 1810 καύχημα,

96 1833 401 1940 περισκεψάμενοι
427 1831 541 1914 πάλιν
567 1833 613 1914 τά
640 1836 696 1914 ἐπὶ
724 1838 776 1942 τῷ
802 1830 1005 1937 πατριάρχη
1031 1828 1204 1932 Ἀβραὰμ
1230 1862 1291 1931 γε·

96 1957 295 2058 γραμμένα,
323 1956 564 2060 θεωρήσομεν.
615 1956 816 2060 γέγραπται
847 1958 966 2036 τοίνυν
998 1956 1078 2056 περὶ
1110 1961 1174 2032 τοῦ
1203 1986 1323 2055 προ-ο
1348 1975 1465 2034 433Δ.

97 2076 254 2183 πάτορος
271 2079 455 2184 Ἀβραὰμ,
474 2083 523 2165 ὡς
539 2078 585 2179 ῆν
603 2080 668 2179 μέν
686 2084 774 2161 ἐτῶν
791 2080 889 2160 ἐννέα
908 2082 966 2160 καὶ
984 2078 1213 2177 ἐννενήκοντα
1230 2074 1294 2156 τὸν
1339 2078 1452 2208 {³3:24

45 2219 83 2279 Ῑ5
98 2202 260 2304 ἀριθμὸν,
278 2204 476 2302 ἐνομοθέτει
495 2203 533 2283 δέ
552 2204 632 2284 τότε
650 2206 839 2310 χρησίμως
858 2205 954 2312 αὐτῷ
976 2201 1044 2302 τῆν
1060 2198 1293 2304 περιτομῆνὸ

99 2325 201 2423 Θεὸς,
220 2335 370 2427 σημεῖον
391 2326 516 2429 ὥσπερ
540 2362 575 2408 τι
600 2331 658 2408 καὶ
684 2337 792 2408 τοῦτο
816 2329 924 2411 τιθεὶς
948 2325 1102 2429 ἐναργές,
1120 2324 1174 2405 ὅτι
1199 2321 1291 2427 πρό·

98 2452 207 2551 θυρον
239 2449 363 2553 ὥσπερ
400 2453 459 2531 καὶ
495 2451 753 2555 προεισαγωγῆ
788 2485 842 2536 τις
879 2453 960 2530 ἐστὶ
991 2453 1055 2550 τῆς
1087 2453 1136 2533 εἱς
1166 2446 1296 2550 άρετῆν

96 2569 318 2674 τελειότητος
348 2575 370 2673 ἦ
400 2573 585 2677 περιτομὴ,
612 2583 759 2675 μᾶλλον
789 2573 827 2656 δέ
860 2573 940 2655 ούδέ
972 2574 1068 2658 ὅλως
1098 2572 1300 2680 ἀφίξεσθαί

96 2730 185 2777 ποτε
216 2697 309 2799 πρὸς
340 2696 446 2778 τοῦτό
480 2733 560 2778 τινα
589 2704 723 2804 σαφῶς
752 2701 955 2800 ὑποδηλῶν,
984 2696 1034 2797 μῆ
1065 2697 1132 2797 τὴν
1160 2700 1199 2777 ἐκ
1231 2701 1295 2797 τῆς

45 2856 86 2899 20
98 2825 290 2921 περιτομῆς
319 2816 660 2930 σκιαγραφονμένην
688 2822 819 2928 ἔχοντα
848 2821 1038 2927 κάθαρσιν·
1072 2819 1296 2921 τελειότητος

99 2942 171 3045 γάρ
188 2945 416 3044 σύμβολονὸ
434 2944 560 3025 ἑκατὸν
577 2945 738 3049 ἀριθμός.
765 2944 837 3050 πρὸ
856 2949 921 3045 τῆς
938 2944 1159 3046 τελειότητος
1176 2945 1296 3024 τοίνυν

99 3066 122 3165 ἡ
154 3071 337 3172 περιτομή.
386 3070 658 3173 προβαδίζουσα
689 3069 762 3173 γὰρ
794 3071 884 3171 αὕτη
917 3068 1008 3173 πρὸς
1040 3068 1175 3168 ε’κείνην
1203 3070 1330 3169 ῆμᾶςο

100 3192 297 3296 ἀνακομίζει
323 3197 466 3302 ῥηιδίως.
518 3196 603 3273 ἀλλ’
624 3193 666 3273 ού
691 3193 796 3298 μέχρι
821 3192 959 3273 τούτων
984 3193 1068 3291 ἡμῖν
1093 3190 1140 3271 τὰ
1168 3195 1207 3271 ἐκ
1233 3197 1298 3292 τῆς

99 3321 291 3417 περιτομῆς
314 3317 544 3420 περιορίζὲται
570 3315 745 3421 χρήσιμα,
763 3320 956 3418 περιτομῆς
981 3317 1024 3395 δέ
1048 3324 1141 3421 φημι
1169 3318 1233 3414 τῆς
1261 3318 1299 3395 έν

45 3461 87 3522 ²5
100 3438 285 3537 πνεύματι·
324 3443 410 3519 ἀλλ’
438 3440 507 3540 ἤδη
534 3443 593 3519 καὶ
620 3437 743 3539 μόνοις
775 3438 886 3540 αύτῆν
912 3447 986 3523 τοῖς
1013 3438 1106 3518 κατά
1132 3436 1298 3542 Χριστόν

99 3562 295 3666 ἐλευθέροις
323 3562 619 3668 χρεωστουμένην
645 3560 851 3666 εὑρήσομεν.
903 3563 1088 3666 ἐλεύθερος
1117 3562 1155 3642 δέ
1182 3562 1298 3663 δήπου

100 3683 243 3771 πάντως
260 3690 361 3767 ἐστὶν
378 3689 416 3766 ἐν
434 3692 597 3794 Χριστῷ,
616 3684 681 3786 τὴν
697 3687 764 3787 μέν
782 3686 851 3768 ύπδ
877 3692 928 3797 τῷ
953 3686 1114 3794 διαβόλῳ
1134 3688 1298 3767 δουλείαν

100 3811 159 3886 καὶ
183 3808 248 3888 τὸν
265 3815 327 3909 τῆς
346 3811 521 3913 ἁμαρτίας
539 3809 645 3912 ζυγὸν
664 3811 951 3911 ἀποσεισάμενος
976 3814 995 3891 ὁ
1019 3811 1218 3913 ἅνθρωπος,
1238 3814 1297 3891 καὶ

101 3933 294 4039 διαῤῥῆξας
315 3932 480 4031 μὲντοὺς
505 3935 645 4013 ἐκείνων
663 3932 826 4030 δεσμούς,
846 3932 940 4014 καθὰ
963 3934 1171 4035 γέγραπται,
1190 3932 1232 4013 τδ
1258 3933 1296 4013 δέ
1341 3975 1383 4025 Ρ,
1395 3974 1422 4026 ii.
1435 3987 1458 4036 ³·

47 4085 89 4144 30
103 4057 272 4161 λαμπρόν
288 4091 328 4137 τε
346 4061 404 4138 καὶ
423 4056 682 4158 ἀτυράννευτον
699 4061 764 4156 τῆς
782 4055 1009 4157 δικαιοσύνης
1026 4053 1326 4156 ἀναδησάμενοςο

102 4181 279 4284 καύχημα,
298 4184 524 4283 δικαιοσύνης
543 4181 586 4262 δέ
598 4188 692 4288 φημι
710 4185 774 4279 τῆς
789 4183 827 4260 ἐν
844 4182 966 4261 πίστει
984 4185 1160 4284 Χριστοῦ.

1336 712 1459 762 Infrm.

1339 792 1378 828 ιι.

138 4402 164 4458 5.
183 4392 198 4443 ό
210 4407 263 4443 om.
277 4391 310 4445 B.
475 4408 517 4447 ιο.
533 4390 652 4461 Ἀβρααμ
664 4401 832 4462 assumptum
846 4410 877 4446 ex
892 4391 926 4446 B.
1090 4391 1131 4446 16.
1149 4391 1251 4463 ι’νεργὲς
1264 4391 1297 4446 Β.

104 4464 210 4585 ιηΒτῐηη
221 4480 275 4515 om.
291 4461 322 4515 B.
426 4463 469 4517 28.
488 4466 568 4518 dom.
583 4462 615 4517 B.
719 4478 761 4533 ιη.
779 4462 940 4534 μὲν]δε“Β.·
1024 4462 1298 4534 31.0‹'mumptum

101 4550 132 4585 ex
174 4573 179 4586 .
213 4573 219 4585 .

144 4633 214 4677 von.
231 4634 254 4678 1.
663 4635 725 4698 4¹1
