3038 5018
75 295 119 361 vi.
131 314 184 384 55.
252 300 310 365 IN
340 303 373 366 S.
398 300 656 367 JOANNEM.
700 300 796 365 LIB.
820 300 882 365 IV.
927 300 1028 366 CAP.
1053 299 1101 366 11.
1211 297 1276 361 533

76 457 191 541 πάλαι
227 461 286 542 διὰ
321 462 387 563 τὴν
425 464 602 566 ἁμαρτίαν
638 464 845 568 ἰσχύσαντα
881 463 1047 548 θάνατον.
1099 463 1226 543 οὐκοῦν
1258 468 1274 541 ἰ

74 584 207 690 τράγων
224 584 277 679 τῆι
296 587 403 689 ἁγίαν
421 587 538 695 σάρκα
555 593 732 689 Χριστοῦ,
752 586 831 696 ζωὴν
849 587 971 668 αἰάιιιι
990 587 1073 686 ἔχει·
1105 585 1178 691 ἔχει
1202 582 1274 687 γὰρ

74 707 97 805 ἡ
127 704 228 814 σὰρξ
255 710 293 788 ἐν
321 709 429 815 ἑαυτῇ
456 708 519 790 τόν
537 708 662 813 Λόγον
690 709 782 790 κατὰ
810 709 926 817 φύσιν
952 709 1039 790 ὄντα
1067 707 1171 812 ζωήν.
1215 706 1275 788 διὰ

77 827 149 932 γὰρ
167 829 272 911 τοῦτό
291 841 418 936 φησιν,
433 832 487 913 ὅτι
505 832 574 936 ι’γιί
592 836 773 928 ἀναστήσω
792 833 889 914 αἰτίν
907 835 937 913 ἐν
954 835 994 942 τη”
1010 831 1140 945 ἐσχάτη
1159 828 1275 940 ἦμίρηιζ

41 954 156 1030 5οἰντί
182 951 220 1033 δὲ
244 963 308 1034 τοῦ
334 961 453 1053 εἰπεῖν,
472 955 596 1058 ότιπερ
619 954 738 1055 αὐτὸν,
756 956 820 1036 τόν
844 956 1013 1036 ἐσθίοντα
1038 952 1214 1054 δηλονότι,
1232 951 1275 1033 τὸ

77 1072 162 1173 ἐμόν
185 1076 387 1178 ἀναστήσει
409 1085 530 1179 σῶμα,
548 1078 591 1159 τό
613 1077 707 1182 Ἐγιί
731 1079 893 1176 τέθεικεν,
913 1081 962 1161 ὡς
986 1079 1054 1182 οὐχ
1079 1077 1197 1178 ἕτερος
1224 1073 1276 1155 ὧν

77 1197 177 1299 παρὰ
200 1199 267 1298 τὴν
286 1200 377 1281 ἰδίαν
395 1201 529 1306 σάρκα·
559 1208 617 1282 καὶ
643 1203 686 1282 οὐ
710 1199 854 1287 πάντως
878 1207 923 1305 τῇ
950 1200 1071 1309 φύσει,
1091 1196 1271 1297 διατέμνε-

79 1326 167 1400 σθαι
194 1321 266 1427 γὰρ
294 1323 390 1408 ὅλως
417 1330 466 1409 εἰς
494 1331 579 1405 νίὣν
600 1323 713 1406 δυάδα
739 1324 830 1423 μετὰ
856 1322 924 1424 τὴν
951 1324 1081 1404 ἕνωσιν
1105 1323 1169 1402 οὐκ
1197 1322 1275 1401 οἰνέ-

79 1477 189 1547 χεται.
231 1445 300 1548 ἐγῶ
329 1456 529 1550 τοιγαροῦν,
551 1449 679 1555 φησὶν,
702 1449 722 1527 ό
749 1449 786 1527 ἐν
811 1449 909 1555 αὐτῷ
935 1445 1102 1550 γεγονὼς,
1125 1443 1185 1525 διὰ
1211 1448 1311 1543 τῆςδ

19 1595 59 1636 10
77 1568 164 1666 ε’μῆς
195 1567 364 1667 δηλονότι
395 1570 542 1671 σαρκὸς,
570 1572 750 1665 ιἰναστιὶσω
781 1567 846 1650 τόν
875 1569 1043 1650 ἐσθίοντα
1074 1577 1113 1683 τῇ
1145 1564 1275 1679 ἐσχάτη

78 1688 194 1799 ημέρηι.
233 1689 279 1790 ἦν
304 1691 374 1794 γὰρ
403 1691 447 1791 δὴ
475 1697 532 1773 καί
560 1694 746 1798 ἀμήχανον
772 1691 824 1794 μὴ
852 1695 932 1800 οὐχὶ
958 1693 1103 1777 πάντως
1131 1695 1275 1788 νικῆσαι

74 1809 141 1909 τὴν
168 1813 311 1917 φθορὰν
338 1817 397 1894 καί
429 1819 607 1918 κρατῆσαι
640 1814 796 1896 θανάτου
828 1816 892 1896 τόν
919 1815 1011 1896 κατὰ
1042 1813 1158 1920 φύσιν
1185 1813 1273 1894 ὄντα

74 1932 178 2035 ζωήν.
217 1934 277 2015 διὰ
303 1945 410 2017 τοῦτο
437 1937 505 2017 κοίν
531 1938 695 2042 βιάζηται
721 1938 763 2018 τό
791 1939 1015 2042 ἀνθρώπινον
1043 1944 1153 2037 σῶμα
1179 1935 1271 2038 πρὸς

71 2054 113 2135 τὸ
138 2062 441 2164 καταφθείρεσθαι
464 2063 575 2141 δεῖνό
602 2061 660 2142 διὰ
684 2065 748 2161 τῆς
773 2058 1016 2164 παραβάσεως
1043 2057 1269 2159 ἐπιπηδήσας

18 2204 56 2263 15
72 2177 234 2279 θάνατος,
267 2185 352 2262 ἀλλ’
385 2185 528 2287 ἐπείπερ
558 2186 597 2264 ἐν
626 2185 711 2284 ἡμῖν
744 2186 765 2264 ό
796 2181 960 2286 Χριστός
991 2181 1050 2262 διὰ
1081 2185 1145 2281 τῆς
1177 2182 1267 2264 ἰδίας

69 2300 204 2402 γίνεται
247 2306 393 2406 σαρκός,
430 2305 711 2408 οἰναστησόμεθα
755 2305 911 2390 πάντως·
966 2307 1140 2386 ἀπίθανον
1176 2303 1263 2407 γὰρ,

71 2431 217 2521 μᾶλλον
235 2426 272 2508 δὲ
297 2432 355 2508 καί
380 2429 565 2529 ἀδύνατον,
582 2430 634 2530 μὴ
658 2430 839 2534 ζωοποιεῖν
856 2427 923 2528 τὴν
940 2427 1032 2533 ζωὴν
1049 2425 1132 2511 τοὺς
1156 2429 1195 2506 ε’ν
1212 2424 1295 2511 οἰςο

70 2545 117 2626 εἰν
145 2550 295 2652 γίνοιτο.
346 2552 471 2656 ὥσπερ
500 2552 571 2656 γὰρ
601 2552 636 2632 εἰ
664 2587 718 2637 τις
747 2555 933 2654 σπινθῆρα
963 2548 1093 2646 λαβὼν
1121 2554 1267 2656 ἀχύροις

71 2672 324 2779 ε’γκαταχιόσαι
355 2684 520 2775 πολλοῖς,
548 2675 607 2756 ἵνα
639 2672 845 2779 σωζόμενον
878 2675 953 2781 ἔχοι
983 2673 1026 2754 τό
1058 2683 1123 2755 τοῦ
1153 2671 1268 2778 πυρὸς

16 2829 58 2871 αο
71 2795 229 2896 σπέρμα·
280 2801 373 2878 οὕτω
410 2801 470 2878 καί
506 2801 544 2878 ἐν
579 2800 664 2898 ἡμῖν
700 2800 720 2878 ό
760 2799 892 2900 Κύριος
930 2799 1031 2897 ἡμῶν
1064 2800 1210 2897 Ἰησοῦς
1246 2798 1267 2876 ό

71 2917 234 3018 Χριστός
261 2920 319 2999 διὰ
345 2924 410 3019 τῆς
437 2923 527 3006 ἰδίας
550 2920 687 3024 σαρκός
712 2920 968 3023 ἐναποκριίπτει
992 2920 1058 3022 τὴν
1082 2918 1184 3024 ζωὴν,
1208 2923 1268 3001 καί

70 3038 196 3143 ὥσπερ
227 3076 262 3122 τι
291 3043 438 3145 σπέρμα
469 3041 535 3143 τὴν
567 3047 770 3126 ἀθανασίαν
797 3044 987 3144 ἐντίθησιν,
1015 3045 1107 3145 ὅλην
1133 3043 1199 3143 τὴν
1227 3046 1267 3124 ἐν

70 3163 154 3262 ἡμῖν
181 3164 354 3273 οἰφανίζον
381 3166 535 3274 φθοράν.
1319 3273 1437 3331 am.

1277 3287 1296 3328 Β

129 3372 171 3436 Ἠ
200 3375 259 3465 τὰρ
287 3379 367 3466 σάρξ
394 3399 455 3452 μου
483 3375 610 3442 ἀλιιθιίι
637 3377 705 3442 ἒοτι
733 3376 862 3463 βρῶαιο,
890 3376 943 3440 καί
969 3377 1007 3443 τὸ
1034 3371 1113 3454 αἷμά
1141 3399 1203 3454 μου
1280 3387 1320 3456 55

15 3505 56 3566 ²5
494 3501 620 3567 ἀλωθιίσ
647 3500 715 3566 ἐστι
742 3503 847 3567 πόσις.

126 3661 437 3743 Ἀντιδιαστὲλλει
455 3663 569 3744 πάλιν
587 3668 632 3768 τῇ
651 3670 713 3742 τοῦ
737 3663 854 3762 μάννα
874 3662 1028 3770 χορηγίᾳ
1049 3660 1115 3761 τὴν
1132 3695 1266 3761 μυστι·

72 3784 137 3883 κῆν
164 3786 341 3888 εὐλογίαν,
373 3790 431 3866 καί
461 3795 536 3871 τοῖς
568 3789 607 3866 ἐκ
636 3788 814 3888 πετραίων
844 3784 1011 3888 λαγόνων
1039 3782 1176 3884 νάμασι
1205 3792 1270 3863 τοῦ

71 3910 243 4012 ποτηρίου
274 3909 340 4010 τὴν
368 3917 507 4011 γεῦσιν.
562 3909 650 4013 όπερ
677 3907 715 3988 δὲ
743 3908 811 4008 ἤδη
839 3910 898 3988 καὶ
926 3908 970 3988 δι’
999 3907 1126 4008 ἑτέρων
1154 3905 1270 4008 είρηκε

108 4105 134 4154 4.
153 4084 249 4158 φησιν]
267 4091 296 4150 -Ι-
312 4085 517 4155 mmmm?
533 4109 556 4141 ει
570 4086 603 4142 Β.
733 4101 759 4154 5.
777 4086 823 4141 τὸν
834 4102 889 4140 om.
901 4083 933 4139 Β.
1064 4082 1091 4137 6.
1109 4083 1204 4154 ιίιςοῦχ
1216 4083 1269 4138 hoc

72 4157 165 4212 ordine
179 4156 210 4210 Β.
309 4169 334 4227 7.
353 4110 557 4213 διατίνεσθαιίίἰ.
649 4157 675 4211 8.
694 4155 941 4225 &oroesumptum
954 4171 987 4207 ex
1001 4153 1034 4209 Β.
1127 4171 1168 4220 14.
1186 4175 1271 4224 παρα·

73 4230 177 4292 βάσεως
189 4225 363 4298 ἐπιπηδήσας]
377 4226 553 4298 παραφόσεως
564 4226 759 4295 ἔπεισπηδίησας
773 4226 805 4281 Β.
1036 4237 1077 4294 17.
1095 4224 1155 4280 τοιίι·
1167 4241 1221 4278 om.
1235 4223 1269 4277 B.

78 4318 119 4370 19.
138 4300 306 4369 ε’γκαταχῶση
320 4297 402 4353 Cord.
416 4299 592 4369 ε’γιιαταχῶσει
605 4314 630 4351 a.
673 4294 831 4365 σωζόμενον]
846 4297 895 4363 ζῶν
906 4309 969 4349 cum
981 4311 1074 4348 rasura
1085 4312 1126 4365 sq.
1141 4293 1173 4347 B.
1187 4295 1270 4360 σωζό-

75 4391 152 4437 μενον
163 4369 242 4423 habet
255 4369 325 4449 (δαδὶ.
363 4368 459 4422 Statim
471 4369 591 4440 ἔχοιμί
607 4393 623 4438 η
637 4367 719 4423 cord.
733 4365 784 4420 Ed.
877 4381 921 4420 22.
940 4363 1140 4432 τηνόθανασίαν
1152 4363 1270 4450 (ἰὸῐῐέεί.

77 4439 572 4576 ἰρρτιιρηςηὲἆίιαξὲτῆςόθῧνασίας
584 4392 636 4494 δᾶ.
739 4453 781 4508 23.
799 4436 930 4508 ἀφανίζων
943 4433 1014 4490 catt.
1116 4434 1159 4489 28.
1177 4455 1271 4505 γινσιν

105 4531 221 4579 ,γνωσιν
278 4548 284 4562 .
369 4525 451 4577 ηοω.
492 4549 498 4563 .
