3038 5018
243 279 309 344 380
547 283 585 346 Β.
610 280 816 346 CYRILLI
846 279 1134 344 ALEXANDR.
1281 301 1313 343 v.
1325 295 1380 366 37,
1394 277 1452 365 38.

245 442 317 545 γάρ
335 449 384 528 είς
403 443 512 543 νόμον
530 447 613 545 ἡμῖν
633 444 845 545 νοηθήσεται
869 443 961 524 κατά
986 443 1028 525 τὸ
1053 444 1235 545 εἰρημένον
1255 445 1326 523 ἀπό
1350 476 1451 526 τινος

245 579 268 615 “
279 566 439 671 Ἔχουσι
468 568 631 649 Μωυσέα
658 573 716 649 καὶ
743 570 826 654 τοῦς
853 569 1080 674 προφητας.”
1122 569 1144 668 ἡ
1176 567 1220 646 δέ
1246 602 1289 669 γε
1321 564 1448 669 παρά·

244 725 378 774 στασις
398 693 419 790 ἡ
439 691 507 773 ῦπὸ
525 691 568 773 τό
586 693 669 796 ὅρος
686 692 974 792 καταβεβηκότος
992 692 1061 791 ἤδη
1088 694 1147 771 καὶ
1168 690 1272 776 ὄντος
1291 693 1330 771 ἐν
1348 690 1450 796 αὐτῷ

244 823 309 897 τοῦ
337 819 444 911 Θεοῦ,
473 816 539 914 τὴν
565 816 776 914 ἑτοιμότητα
802 820 866 914 τῆς
894 816 1039 918 γνώμης
1073 818 1132 896 καὶ
1163 811 1205 895 τό
1232 813 1371 917 γοργὸν
1398 818 1451 897 είς

245 940 410 1020 δουλείαν
426 946 500 1019 τῶν
518 941 746 1039 καλουμένων
765 942 948 1041 ύποδηλοῖ,
967 943 1032 1021 οῦκ
1050 938 1293 1021 ἀνανευόντων
1309 935 1483 1038 τρόπον5

245 1060 410 1142 τινὰκαὶ
438 1069 512 1146 τοῖς
544 1061 632 1166 ῦπέρ
665 1063 814 1160 δύναμιν
842 1065 902 1142 καὶ
933 1063 1170 1164 ῦψηλοτέροις
1203 1060 1227 1161 ἢ
1257 1060 1350 1142 κατά
1379 1061 1450 1158 τὴν

210 1187 360 1291 ιΙφύσιν
376 1193 616 1289 προσβαλεῖν,
635 1186 889 1289 συμπαρόντος
913 1189 1032 1271 αὐτοῖς
1059 1195 1125 1266 τοῦ
1147 1191 1255 1266 Θεοῦ.
1292 1193 1450 1266 τοιοῦτοι

246 1308 284 1389 δὲ
311 1310 454 1394 πάντως
481 1318 546 1390 τοῦ
569 1314 736 1412 Σωτῆρος
764 1315 797 1389 οί
824 1311 982 1416 μέτοχοι.
1027 1309 1081 1390 διὸ
1109 1309 1154 1409 δὴ
1181 1314 1240 1390 καὶ
1267 1308 1334 1407 την
1357 1307 1451 1409 ὑπὲρ

246 1435 437 1536 ἀνθρωπον
473 1441 690 1528 μελετῶντες
726 1436 890 1537 ἀνδρείαν
921 1446 944 1483 “
962 1435 1029 1518 Τίς
1063 1433 1111 1513 ἀν
1147 1435 1238 1532 ἡμᾶς
1275 1433 1449 1538 χωρίσαι,

246 1568 268 1604 “
287 1561 414 1663 φασὶν,
442 1556 515 1638 ἀπὸ
543 1562 608 1657 τῆς
634 1556 778 1658 ἀγάπης
805 1567 869 1637 τοῦ
897 1563 1086 1661 Χριστοῦ;
1122 1560 1252 1664 θλίψις
1275 1556 1299 1658 ἢ
1319 1591 1451 1637 στενο-
1467 1587 1508 1631 ιο

246 1695 268 1732 “
286 1686 400 1789 χωρία
427 1684 452 1785 ἢ
480 1686 636 1787 διωγμὸς
662 1683 685 1786 ἢ
711 1683 818 1784 λιμδς
843 1684 866 1785 ἢ
889 1686 1068 1788 γυμνότης
1091 1682 1114 1785 ἢ
1138 1687 1297 1768 κίνδυνος
1324 1682 1348 1784 ἢ
1377 1684 1452 1783 μα’-

246 1820 268 1856 “
286 1811 440 1916 χαιρα;”
469 1809 590 1890 πάντα
616 1808 689 1913 γάρ
716 1818 790 1895 τοῖς
817 1812 1032 1903 εὐσεβοῦσιν
1055 1807 1163 1890 οὶστά
1190 1808 1237 1889 τά
1263 1808 1361 1889 δεινά
1388 1807 1453 1889 διά

245 1932 312 2035 τὴν
330 1939 377 2019 εἱς
395 1932 560 2036 Χριστόν
576 1932 776 2039 ἀγάπησιν·
808 1933 876 2014 κάν
892 1936 940 2018 ὡς
964 1932 1046 2035 ὄρος
1065 1933 1088 2032 ἡ
1107 1934 1236 2040 θλίψις
1253 1933 1450 2037 ἐγειρηται,

245 2056 379 2142 παντὸς
411 2061 534 2139 ἐκεῖνοι
565 2058 728 2140 κινδύνου
761 2057 1126 2154 κατανεανιεύσονται,
1147 2060 1218 2136 ’καὶ
1254 2061 1318 2158 τῆς
1354 2055 1453 2161 πρός

77 2166 179 2282 ffi'g,
215 2181 344 2261 θΘεὸν
371 2183 497 2288 φιλίας
523 2182 590 2282 τὴν
617 2182 766 2284 γνιόμην
793 2183 857 2261 ούκ
885 2180 1154 2281 ἀποστήσουσι.
1195 2186 1382 2261 κατελθεῖν
1411 2180 1451 2262 δὲ
1467 2212 1505 2272 ¹⁵

247 2304 450 2407 λεγόμενος,
484 2307 549 2386 οῦκ
582 2313 631 2390 εἰς
661 2301 853 2410 χθαμαλόν
885 2339 965 2384 τινα
996 2312 1125 2415 χιῦρον,
1153 2307 1238 2383 ἀλλ’
1268 2305 1344 2384 ἀνω
1376 2338 1453 2384 που

245 2426 359 2510 πόλιν
376 2433 435 2509 καὶ
453 2434 491 2510 ἐν
509 2431 580 2533 ὅρει
600 2431 764 2536 φαίνεται
783 2429 886 2527 Θεὸς,
904 2430 963 2508 ἵνα
979 2427 1024 2529 δή
1043 2463 1077 2507 τι
1097 2435 1258 2508 τοιοῦτον
1274 2427 1452 2533 ἐννοήσῃς

245 2552 338 2632 κατά
354 2554 502 2651 σαυτὸν,
521 2555 576 2633 ότι
596 2552 663 2634 κάν
681 2561 758 2637 ταῖς
782 2553 965 2655 ἡμετέραις
989 2554 1159 2635 διανοίαις
1185 2552 1206 2652 ἦ
1232 2552 1309 2632 θεία
1335 2553 1452 2659 φύσις

245 2679 601 2779 συγκαταβαίνουσα,
626 2676 755 2776 ἑαυτὴν
779 2678 864 2777 ημῖν
890 2673 1063 2779 προσάγῃ
1090 2675 1181 2778 πρὸς
1210 2676 1450 2774 κατανόησιν,

245 2802 331 2880 ἀλλ’
358 2800 437 2880 ἔστι
465 2799 579 2882 πόλιν
605 2803 643 2881 ε’ν
666 2810 739 2885 τοῖς
767 2799 865 2882 πολύ
892 2802 976 2879 λίαν
999 2798 1087 2902 ῦπέρ
1115 2801 1208 2898 ἡμᾶς
1235 2801 1294 2879 καὶ
1321 2799 1452 2900 λόγοις
1466 2834 1507 2875 ιο

247 2927 305 3005 καὶ
327 2924 548 3027 θεωρήμασι.
586 2926 628 3007 τό
652 2923 724 3028 γάρ
752 2923 899 3029 ὑψηλόν
916 2959 954 3004 τε
980 2926 1038 3003 καὶ
1065 2921 1257 3027 ὑπέρτονον
1276 2930 1349 3003 τῶν
1366 2926 1453 3025 περὶ

246 3051 354 3149 αὐτῆς
382 3050 573 3151 δογμάτων
600 3047 659 3130 διά
685 3058 750 3130 τοῦ
776 3048 881 3151 ὅρους
908 3047 1131 3147 σημαίνεται,
1161 3045 1181 3126 δ
1208 3049 1269 3127 καὶ
1295 3046 1454 3143 σύμπαν

78 3194 196 3251 258A.
218 3173 332 3272 ιιὴμῖν
354 3181 406 3281 τῷ
430 3181 555 3282 καπνῲ
579 3172 903 3271 καταμελαίνεσθαι
928 3171 1038 3271 λέγει.
1082 3175 1215 3273 δριμεῖς
1239 3169 1312 3273 γάρ
1336 3169 1454 3255 ὅντως

246 3299 305 3376 καὶ
337 3299 379 3375 ού
410 3295 558 3402 σφόδρα
591 3301 750 3400 λαμπροὶ
786 3298 870 3399 παρ’
901 3297 985 3395 ημῖν
1012 3301 1045 3374 οἱ
1073 3299 1154 3396 περὶ
1187 3299 1252 3393 τῆς
1281 3292 1455 3395 θεότητος

247 3418 364 3520 λόγοι,
382 3419 446 3499 τὸν
464 3425 527 3519 τῆς
545 3422 700 3504 διανοίας
717 3418 912 3523 ὀφθαλμὸν
930 3427 1068 3499 καπνοῦ
1093 3421 1194 3518 δίκην
1212 3419 1446 3517 ἀμύττοντες.
1469 3453 1511 3513 25

152 3584 158 3597 ·
247 3542 307 3622 διά
345 3552 452 3623 τοῦτο
494 3550 643 3628 Παῦλος
680 3542 747 3642 μέν
782 3546 802 3624 ό
844 3543 1061 3650 σοφώτατος
1099 3545 1137 3621 ἐν
1175 3543 1343 3649 ἐσόπτρῳ
1389 3544 1455 3622 καὶ

247 3670 285 3748 ε’ν
325 3670 506 3769 αἰνίγματι
543 3669 693 3760 βλέπειν
734 3669 827 3766 ἡμᾶς
866 3666 1137 3767 διεμαρτύρατο·
1182 3666 1373 3746 τεθεικέναι
1410 3667 1455 3746 δὲ

162 3795 177 3807 ”
247 3803 269 3841 “
286 3790 418 3877 σκότος
445 3789 658 3898 ἀποκρυφὴν
685 3793 823 3889 αύτοῦ,”
843 3790 906 3872 τόν
929 3790 1025 3871 Θεὸν
1053 3790 1232 3891 δηλονότι,
1253 3790 1353 3896 φησί
1376 3825 1458 3871 που

245 3917 359 3998 πόλιν
377 3918 399 3996 ό
420 3913 592 4022 μελῳδὸς,
615 3921 667 4023 τῷ
693 3921 758 3995 τοῦ
784 3914 937 3999 σκότους
964 3915 1113 4015 ὀνόματι
1140 3914 1206 4013 τὴν
1229 3919 1312 4015 περὶ
1338 3909 1458 3994 αὐτὸν

246 4040 503 4145 ἀκαταληψίαν
521 4041 723 4138 ἀποδηλοῦν,
742 4038 861 4141 ἧσπερ
877 4039 921 4117 ἀν
941 4044 990 4124 εἶς
1014 4038 1128 4118 τύπον
1146 4039 1303 4144 ληφθείη
1327 4044 1458 4125 καλῶς
1471 4072 1511 4129 30

78 1423 201 1474 Ronviii.

77 1500 119 1552 ³⁵·

281 4251 307 4302 5.
325 4235 382 4304 οῦκ]
397 4237 438 4289 καὶ
450 4236 496 4288 οῦκ
511 4235 542 4288 B.
651 4235 677 4287 6.
696 4232 711 4300 ἢ
724 4251 778 4287 om.
793 4232 825 4285 Β.
933 4232 959 4286 8.
977 4232 1005 4286 δι’
1020 4231 1091 4286 B.D.
1104 4231 1135 4300 δὴ
1150 4231 1201 4285 Ed.
1312 4248 1353 4284 12.
1372 4233 1457 4288 ἔσται

245 4311 325 4360 ταῦτα
337 4323 385 4376 pro
397 4307 474 4361 οἶστά
489 4306 521 4360 Β.
605 4322 646 4372 14.
666 4302 897 4358 κατανειινιεύοντιιι
911 4302 944 4355 Β.
1026 4302 1067 4356 16.
1085 4325 1137 4357 που
1149 4305 1228 4356 πόλιν
1241 4301 1292 4355 hoc
1304 4301 1401 4356 ordine
1417 4302 1456 4360 B.

248 4377 289 4431 18.
308 4378 349 4430 καὶ
362 4394 410 4445 pro
422 4377 468 4429 κᾶν
482 4376 514 4430 B.
632 4393 674 4441 τι.
693 4376 738 4440 τῆς
750 4384 919 4443 assumptum
932 4392 963 4427 ex
978 4371 1011 4426 B.
1129 4388 1172 4444 25.
1191 4373 1263 4442 δίκην
1275 4384 1454 4443 assumptum

244 4465 279 4500 ex
292 4447 364 4501 B.D.
378 4444 510 4518 [λῆμα]
561 4447 657 4501 Statim
671 4444 931 4515 ἇμυτιδριμμόταπις
944 4444 977 4499 Β.
1122 4445 1163 4499 28.
1182 4446 1263 4499 πόλιν
1274 4465 1326 4500 που
1338 4445 1455 4501 inverso

244 4515 339 4572 ordine
352 4516 384 4571 B.
