3038 5018
112 286 133 350 i.
151 306 200 374 15.
297 293 354 358 IN
385 293 698 359 S.JOANNEM.
745 288 894 358 ΙιΙΒ.Ι.
938 292 1126 360 CARIX.
1248 296 1312 362 147

112 450 349 541 διδάσκοντος
373 457 638 566 ὑπεραναβαίνη
664 458 803 563 τέχνην,
822 459 880 538 καὶ
905 455 1056 538 κατόπιν
1073 454 1185 543 ἐάσας
1202 438 1313 558 αὑτήν

111 574 301 679 ἐργάζηται
328 579 371 660 τὸ
398 580 553 680 ἄμεινον,
581 583 646 665 οὑκ
671 581 849 687 ἀκόμψως
880 582 971 684 ἐρεῖν
997 579 1062 662 τὸν
1089 580 1313 682 νενικημένον

113 700 364 801 ὑπολαμβάνω
390 708 472 809 περὶ
498 715 562 786 τοῦ
590 705 802 807 νικήσαντος
829 711 992 805 μαθητοῦ
1017 706 1067 785 ‘O
1095 706 1215 786 όπίσω
1241 738 1311 802 μου

112 822 312 929 ἐρχόμενος,
349 828 553 931 ἔμπροσθέν
588 865 658 929 μου
703 830 839 934 γε’γονε.
904 826 995 909 κατά
1045 838 1150 909 τοῦτο
1192 828 1312 909 τοίνυν

78 950 355 1054 ὅμετακομίζων
373 952 415 1033 τὸ
439 957 568 1058 σχήμο
590 951 657 1053 τήν
674 962 739 1036 τοῦ
759 951 985 1056 θεωρήματος
1008 952 1170 1050 δυ’ναμιν,
1190 952 1253 1031 ἐπί
1272 984 1311 1031 τε

113 1081 179 1153 τοῦ
218 1078 385 1179 Σωτῆρος
424 1078 525 1177 ήμῶν
562 1083 727 1181 Χριστοῦ
753 1081 813 1159 καὶ
848 1086 912 1158 τοῦ
952 1077 1056 1178 ἁγίου
1094 1084 1311 1174 βαπτιστοῦ,

114 1195 256 1297 νοήσεις
279 1201 406 1304 ὀρθῶς·
437 1202 543 1307 δέχου
567 1201 606 1281 δέ
630 1200 677 1282 τά
701 1204 784 1282 καθ’
805 1201 960 1283 ἕκαστον
977 1201 1021 1308 ἐξ
1044 1203 1168 1305 ἀρχης.
1208 1201 1342 1279 ἔθου-ο

113 1319 243 1426 μάζετο
278 1323 378 1427 παρά
414 1322 560 1405 πάντων
591 1326 611 1404 ὁ
648 1323 864 1425 βαπτιστής,
895 1323 1057 1408 πολλοῦς
1089 1323 1195 1404 ἐποίει
1230 1320 1313 1407 τοῦς

114 1444 288 1547 μαθητὰς,
317 1445 428 1552 ὄχλος
459 1447 569 1529 αὑτὸν
597 1448 750 1553 περιέθει
781 1454 855 1529 τῶν
883 1446 1151 1549 βαπτιζομένων
1179 1443 1311 1543 πολὺς,

61 1601 103 1643 10
115 1570 277 1672 ἠγνοεῖτο
304 1571 342 1652 δέ
370 1573 484 1652 καίτοι
511 1574 680 1676 κρείττων
707 1571 758 1652 ἀν
785 1574 806 1652 ὁ
835 1573 1008 1677 Χριστὸς,
1036 1570 1230 1652 ἐλάνθανεν
1259 1568 1315 1650 ότι

115 1691 209 1778 θεὸς
237 1696 395 1800 ὑπῆρχεν
423 1695 605 1797 ἀληθινός·
639 1694 759 1796 ἐπειδὴ
787 1696 826 1776 δέ
853 1697 1024 1799 ἠγνοεῖτο,
1050 1690 1315 1796 θαυμαζομένον

114 1826 180 1897 τοῦ
205 1826 420 1917 βαπτιστοῦ,
449 1819 560 1901 ἐδόκει
586 1855 664 1904 πως
692 1824 749 1901 καὶ
778 1821 969 1925 ὑστερίζειν
996 1821 1116 1900 αὑτοῦ·
1157 1816 1315 1918 ἐβάδιζεν

115 1941 225 2022 ὀπίσω
251 1942 372 2049 βραχῦ
400 1941 442 2025 τὸ
469 1945 589 2047 μεῖζον
614 1942 759 2049 ἔχοντος
786 1942 838 2022 ἐτι
865 1942 958 2022 κατὰ
985 1939 1092 2042 τιμήν
1118 1946 1176 2022 καὶ
1205 1938 1316 2047 δόξαν

114 2062 182 2163 τήν
209 2067 247 2145 ἐν
274 2066 474 2170 ἀνθρώποις
500 2068 645 2148 ἐκείνου·
685 2067 770 2146 ἀλλ’
802 2075 817 2148 ό
846 2069 1017 2175 ἐρχόμενος
1046 2069 1153 2146 ὀπίσω
1181 2063 1315 2168 γίγονιν

63 2208 101 2269 15
116 2186 306 2295 ἔμπροσθεν,
327 2190 453 2294 μείζων
476 2188 645 2272 Ἰωάννου
673 2192 730 2271 καῖ
759 2191 926 2294 κρείττων
954 2188 1254 2286 ἀναδεικνύμενος.
1293 2189 1345 2267 ῦα
1380 2207 1426 2263 09
1441 2206 1484 2262 Δ.

114 2309 182 2411 μέν
199 2311 271 2417 γὰρ
296 2311 364 2416 ἤδη
383 2312 477 2400 Θεὸς
500 2314 671 2419 ὑπάρχων
690 2314 748 2394 διὰ
772 2320 845 2394 τοῖν
862 2312 977 2416 ἔργων
995 2311 1315 2411 ἀπεκαλύπτετο,ῦ

114 2432 153 2514 δέ
170 2440 235 2537 τῆς
252 2436 527 2541 ἀνθρωπότητος
546 2439 610 2518 οῦκ
628 2440 833 2534 ἀναβαίνων
845 2435 888 2518 τῦ
905 2436 1046 2541 μέτρον,
1059 2441 1168 2518 ὀπίσω
1185 2433 1317 2516 λοιπὸν

114 2558 270 2662 γεγονὼς
284 2562 495 2665 εὑρίσκεται.
523 2562 651 2643 οῦκοῦν
664 2568 932 2666 αἰνιγματωδῶς
952 2563 972 2642 ὁ
989 2558 1163 2665 μακάριος
1179 2557 1317 2665 ἔφασκε

114 2684 320 2785 βαπτιστής
337 2687 382 2767 ‘0
401 2688 510 2767 ὀπίσω
527 2722 593 2791 μου
613 2688 780 2793 ἐρχόμενος
801 2683 977 2795 ἔμπροσθέν
994 2722 1060 2790 μου
1078 2681 1219 2788 γε’γονεν,
1238 2686 1317 2763 ἀντὶ

63 2835 103 2875 20
115 2815 180 2887 τοῦ
198 2808 246 2888 ‘O
264 2808 351 2889 ποτέ
374 2808 526 2891 κατόπιν
543 2813 607 2909 τῆς
632 2812 719 2910 ἐμῆς
745 2809 917 2914 ὑπάρχων
938 2813 1053 2907 τιμῆς,
1071 2805 1317 2912 ἐπιδοξότερος

115 2928 235 3039 ὤφθη,
263 2935 321 3012 καῖ
353 2933 585 3035 ἀσυγκρίτοις
617 2935 808 3038 ὑπεροχαῖς
839 2931 881 3012 τὸ
914 2934 991 3030 ἐμοὶ
1022 2928 1161 3034 πρέπον
1188 2964 1226 3009 τε
1259 2932 1318 3010 καὶ

114 3053 258 3158 προσὸν
282 3055 525 3161 ὑπερεκτρέχει
552 3056 696 3160 μέτρον.
740 3059 833 3136 οὕτω
862 3063 1024 3138 νοοῦντες
1050 3051 1092 3133 τὸ
1120 3050 1316 3155 είρημένον,

116 3175 281 3281 μάρτυρα
306 3183 370 3277 τῆς
398 3178 506 3286 δόξης
533 3188 598 3260 τοῦ
628 3185 858 3283 Μονογενοῦς
885 3180 1085 3280 εὑρήσομεν
1113 3174 1232 3275 αὑτὸν,
1260 3178 1352 3259 καῖδ

117 3301 181 3380 οῦκ
206 3302 344 3382 εῖκαίων
367 3301 591 3406 πραγμάτων
613 3303 760 3408 ἀκαιρον
781 3300 971 3410 ἐξηγητήν.
1012 3299 1054 3382 τὸ
1082 3301 1154 3403 γάρ
1177 3301 1318 3403 μείζονα

65 3424 237 3527 25λέγειν
264 3426 390 3507 ἐαυτοῦ
418 3424 483 3506 τὸν
505 3425 681 3530 Χριστὸν,
709 3425 873 3529 μεγάλην
900 3424 1044 3532 ἔχοντος
1071 3428 1129 3507 ἐπὶ
1157 3422 1319 3527 ἁγιότητι

117 3547 183 3648 τήν
208 3549 407 3658 ὑπόληψιν,
432 3553 470 3630 τί
491 3549 536 3630 ἀν
561 3551 680 3655 ἕτερον
704 3551 756 3650 εἴη
784 3548 922 3648 λοιπὸν,
945 3546 968 3650 ή
995 3548 1107 3658 δόξαν
1131 3551 1229 3657 αὐτῷ
1253 3548 1319 3649 τήν

117 3673 297 3780 ἐξαίρετον
323 3676 598 3778 ἐπιμαρτυρεῖν,
634 3675 681 3756 ’ότι
710 3675 837 3781 πρῶτός
864 3710 930 3779 μου
957 3669 1003 3767 ήν.
1049 3669 1226 3778 ἔμπροσθέν
1253 3708 1318 3777 μου

116 3795 248 3900 γε’γοιεν
275 3797 394 3895 εἰπὼν,
422 3799 623 3899 ἀναγκαίως
655 3798 813 3903 ἐπιφέρει
840 3797 882 3878 τό
906 3795 990 3877 Ὅτι
1020 3796 1149 3903 πράτός
1177 3831 1242 3900 μου
1271 3789 1318 3892 ήν,

117 3918 374 4024 πρεσβυτάτην
405 3922 502 4029 αὑτῷ
537 3923 603 4022 τήν
631 3919 744 4029 δόξαν
773 3924 958 4018 ἀνατιθεὶς,
986 3924 1045 4000 καὶ
1077 3919 1120 3999 τὸ
1151 3919 1320 4024 προῦχειν

158 4121 201 4160 11.
218 4104 408 4175 θουμαζομένου
422 4104 455 4161 Β.
471 4108 502 4161 τὸ
520 4106 710 4176 θαυμαζόμενον
724 4105 776 4161 Ed.
824 4105 868 4160 Ad
881 4104 1006 4177 ήγνοεῖτο,
1021 4105 1047 4160 D
1062 4123 1118 4176 mg.
1130 4112 1206 4167 notat
1218 4089 1256 4174 σέ
1272 4102 1314 4171 (-

117 4175 242 4247 σχόλιον)
255 4179 312 4246 ήποι
324 4178 338 4230 δ
351 4176 440 4245 θεότης
447 4199 455 4241 3
474 4186 502 4232 et
513 4176 547 4232 ad
559 4178 646 4241 αὑτοῦ,
659 4181 739 4248 ήγουν
750 4180 796 4231 τοῦ
807 4179 955 4238 βαπτιστοῦ
967 4177 1056 4232 αὑτοῦ.
1141 4189 1183 4242 15.
1201 4173 1321 4229 Ἰωάννου

117 4249 211 4316 μείζων
222 4247 328 4301 inverso
340 4246 433 4301 ordine
445 4247 480 4305 B.
560 4247 772 4338 ιη.ολοιπδν]’ψ
788 4248 829 4301 καί
842 4246 896 4328 Εά..
906 4247 990 4301 invito
1004 4246 1038 4301 B.
1115 4246 1164 4328 ιδ..
1174 4245 1321 4337 εὑρίσκεται

118 4317 327 4458 ῗίῗρεξῖᾞῖ
339 4317 457 4464 Qu.
475 4315 1321 4471 ‹1101ssssKssffiffif⁰m¹¹2⁰ffidsspffihffiiffi

118 4458 444 4530 δπίσωμουὲρχόμενοςο
457 4476 507 4513 suo
522 4459 625 4531 ngne.
733 4460 776 4513 28.
795 4456 923 4529 δρτοὸτι
937 4457 970 4512 Β.
1079 4473 1122 4528 τη.
1139 4458 1212 4514 dvm
1251 4454 1322 4514 2213,

119 4528 332 4601 repugnantibus
345 4546 369 4584 a.
382 4526 467 4585 Cord.
479 4529 526 4602 qui
536 4529 673 4599 ἀνατίθησι
684 4529 821 4585 exhibent.
868 4526 991 4599 προέχειν
1001 4545 1027 4584 ιι.

697 4631 756 4676 112
