<?xml version="1.0" encoding="UTF-8"?>
<!DOCTYPE html PUBLIC "-//W3C//DTD XHTML 1.0 Transitional//EN"
    "http://www.w3.org/TR/xhtml1/DTD/xhtml1-transitional.dtd">
<html xmlns="http://www.w3.org/1999/xhtml" xml:lang="en" lang="en">
 <head>
  <title>
</title>
<meta http-equiv="Content-Type" content="text/html;charset=utf-8" />
  <meta name='ocr-system' content='tesseract 3.04.00' />
  <meta name='ocr-capabilities' content='ocr_page ocr_carea ocr_par ocr_line ocrx_word'/>
</head>
<body>
  <div class='ocr_page' id='page_1' title='image "./sanctipatrisnos00pusegoog_0610.png"; bbox 0 0 3038 5018; ppageno 0'>
   <div class='ocr_carea' id='block_1_1' title="bbox 95 296 1294 379">
    <p class='ocr_par' dir='ltr' id='par_1_1' title="bbox 95 296 1294 379">
     <span class='ocr_line' id='line_1_1' title="bbox 95 296 1294 379; baseline 0.001 -20"><span class='ocrx_word' id='word_1_1' title='bbox 95 296 149 360; x_wconf 87' lang='lat' dir='ltr'>vii.</span> <span class='ocrx_word' id='word_1_2' title='bbox 167 317 215 379; x_wconf 90' lang='lat'>14.</span> <span class='ocrx_word' id='word_1_3' title='bbox 276 297 333 363; x_wconf 94' lang='lat' dir='ltr'>IN</span> <span class='ocrx_word' id='word_1_4' title='bbox 364 300 397 365; x_wconf 87' lang='lat' dir='ltr'>S.</span> <span class='ocrx_word' id='word_1_5' title='bbox 422 300 676 366; x_wconf 85' lang='lat' dir='ltr'><strong>JOANNEM.</strong></span> <span class='ocrx_word' id='word_1_6' title='bbox 723 298 903 363; x_wconf 87' lang='lat' dir='ltr'>LIB.1V.</span> <span class='ocrx_word' id='word_1_7' title='bbox 949 297 1051 363; x_wconf 80' lang='lat' dir='ltr'><strong>cAP.</strong></span> <span class='ocrx_word' id='word_1_8' title='bbox 1067 298 1108 362; x_wconf 89' lang='lat' dir='ltr'>V.</span> <span class='ocrx_word' id='word_1_9' title='bbox 1230 296 1294 360; x_wconf 83' lang='lat'>599</span> 
     </span>
    </p>
   </div>
   <div class='ocr_carea' id='block_1_2' title="bbox 45 460 1460 4189">
    <p class='ocr_par' dir='ltr' id='par_1_2' title="bbox 45 460 1460 4189">
     <span class='ocr_line' id='line_1_2' title="bbox 96 460 1291 570; baseline 0.003 -30"><span class='ocrx_word' id='word_1_10' title='bbox 96 460 185 541; x_wconf 82' lang='grc' dir='ltr'>ὅσον</span> <span class='ocrx_word' id='word_1_11' title='bbox 213 461 252 542; x_wconf 91' lang='grc' dir='ltr'>δέ</span> <span class='ocrx_word' id='word_1_12' title='bbox 284 469 332 546; x_wconf 85' lang='grc' dir='ltr'>εἱς</span> <span class='ocrx_word' id='word_1_13' title='bbox 366 465 457 545; x_wconf 78' lang='grc' dir='ltr'>ἰδίαν</span> <span class='ocrx_word' id='word_1_14' title='bbox 484 466 609 570; x_wconf 82' lang='grc' dir='ltr'>φύσιν,</span> <span class='ocrx_word' id='word_1_15' title='bbox 637 470 824 548; x_wconf 76' lang='grc' dir='ltr'>παντελῶς</span> <span class='ocrx_word' id='word_1_16' title='bbox 854 469 929 548; x_wconf 88' lang='grc' dir='ltr'>τοῖς</span> <span class='ocrx_word' id='word_1_17' title='bbox 960 464 1064 542; x_wconf 85' lang='grc' dir='ltr'>οῦσιν</span> <span class='ocrx_word' id='word_1_18' title='bbox 1091 460 1291 567; x_wconf 81' lang='grc' dir='ltr'>ἀχώρητος·</span> 
     </span>
     <span class='ocr_line' id='line_1_3' title="bbox 95 585 1295 692; baseline -0.003 -28"><span class='ocrx_word' id='word_1_19' title='bbox 95 586 390 689; x_wconf 86' lang='grc' dir='ltr'>πρεπωδέστερόν</span> <span class='ocrx_word' id='word_1_20' title='bbox 409 622 486 670; x_wconf 91' lang='grc' dir='ltr'>πως</span> <span class='ocrx_word' id='word_1_21' title='bbox 514 589 643 692; x_wconf 87' lang='grc' dir='ltr'>χώραις</span> <span class='ocrx_word' id='word_1_22' title='bbox 671 585 779 667; x_wconf 79' lang='grc' dir='ltr'>αὐτὸν</span> <span class='ocrx_word' id='word_1_23' title='bbox 803 595 877 672; x_wconf 90' lang='grc' dir='ltr'>τοῖς</span> <span class='ocrx_word' id='word_1_24' title='bbox 905 587 1019 689; x_wconf 78' lang='grc' dir='ltr'>ἁγίοις</span> <span class='ocrx_word' id='word_1_25' title='bbox 1044 587 1189 664; x_wconf 78' lang='grc' dir='ltr'>ἐνοικεῖν</span> <span class='ocrx_word' id='word_1_26' title='bbox 1208 585 1295 662; x_wconf 83' lang='grc' dir='ltr'>ῦπο-</span> 
     </span>
     <span class='ocr_line' id='line_1_4' title="bbox 96 706 1296 819; baseline -0.003 -31"><span class='ocrx_word' id='word_1_27' title='bbox 96 706 313 810; x_wconf 86' lang='grc' dir='ltr'>τοπήσομεν,</span> <span class='ocrx_word' id='word_1_28' title='bbox 337 714 394 790; x_wconf 80' lang='grc' dir='ltr'>καὶ</span> <span class='ocrx_word' id='word_1_29' title='bbox 422 711 464 790; x_wconf 80' lang='grc' dir='ltr'>τὸ</span> <span class='ocrx_word' id='word_1_30' title='bbox 492 715 621 792; x_wconf 84' lang='grc' dir='ltr'>δοκοῦν</span> <span class='ocrx_word' id='word_1_31' title='bbox 643 715 688 818; x_wconf 77' lang='grc' dir='ltr'>τῇ</span> <span class='ocrx_word' id='word_1_32' title='bbox 714 711 790 819; x_wconf 75' lang='grc' dir='ltr'>θείᾳ</span> <span class='ocrx_word' id='word_1_33' title='bbox 816 711 925 817; x_wconf 80' lang='grc' dir='ltr'>φύσει</span> <span class='ocrx_word' id='word_1_34' title='bbox 950 706 1131 790; x_wconf 81' lang='grc' dir='ltr'>ἀκουστὸν</span> <span class='ocrx_word' id='word_1_35' title='bbox 1151 708 1236 808; x_wconf 84' lang='grc' dir='ltr'>ἡμῖν</span> <span class='ocrx_word' id='word_1_36' title='bbox 1259 708 1296 785; x_wconf 91' lang='grc' dir='ltr'>ἐν</span> 
     </span>
     <span class='ocr_line' id='line_1_5' title="bbox 97 831 1297 937; baseline -0.003 -24"><span class='ocrx_word' id='word_1_37' title='bbox 97 836 199 933; x_wconf 80' lang='grc' dir='ltr'>ἱεροῖς</span> <span class='ocrx_word' id='word_1_38' title='bbox 217 832 382 932; x_wconf 80' lang='grc' dir='ltr'>μάλιστα</span> <span class='ocrx_word' id='word_1_39' title='bbox 400 835 522 920; x_wconf 82' lang='grc' dir='ltr'>τόποις</span> <span class='ocrx_word' id='word_1_40' title='bbox 547 837 698 916; x_wconf 80' lang='grc' dir='ltr'>ἔσεσθαι</span> <span class='ocrx_word' id='word_1_41' title='bbox 724 842 913 934; x_wconf 80' lang='grc' dir='ltr'>νομιοῦμεν</span> <span class='ocrx_word' id='word_1_42' title='bbox 931 833 1174 937; x_wconf 82' lang='grc' dir='ltr'>εὐλογώτατα·</span> <span class='ocrx_word' id='word_1_43' title='bbox 1208 831 1297 934; x_wconf 80' lang='grc' dir='ltr'>ὅπερ</span> 
     </span>
     <span class='ocr_line' id='line_1_6' title="bbox 61 953 1292 1068; baseline -0.002 -32"><span class='ocrx_word' id='word_1_44' title='bbox 61 953 135 1036; x_wconf 80' lang='grc' dir='ltr'>5δέ</span> <span class='ocrx_word' id='word_1_45' title='bbox 166 957 280 1038; x_wconf 88' lang='grc' dir='ltr'>πάλιν</span> <span class='ocrx_word' id='word_1_46' title='bbox 311 961 349 1038; x_wconf 86' lang='grc' dir='ltr'>ἐν</span> <span class='ocrx_word' id='word_1_47' title='bbox 378 958 479 1066; x_wconf 79' lang='grc' dir='ltr'>τόπῳ</span> <span class='ocrx_word' id='word_1_48' title='bbox 513 963 572 1040; x_wconf 80' lang='grc' dir='ltr'>καὶ</span> <span class='ocrx_word' id='word_1_49' title='bbox 605 965 692 1068; x_wconf 78' lang='grc' dir='ltr'>σκιᾷ</span> <span class='ocrx_word' id='word_1_50' title='bbox 724 966 798 1044; x_wconf 92' lang='grc' dir='ltr'>τοῖς</span> <span class='ocrx_word' id='word_1_51' title='bbox 831 959 994 1061; x_wconf 87' lang='grc' dir='ltr'>άνωτέρω</span> <span class='ocrx_word' id='word_1_52' title='bbox 1029 953 1292 1063; x_wconf 75' lang='grc' dir='ltr'>κατεγράφετο,</span> 
     </span>
     <span class='ocr_line' id='line_1_7' title="bbox 95 1077 1295 1186; baseline -0.002 -28"><span class='ocrx_word' id='word_1_53' title='bbox 95 1089 200 1160; x_wconf 91' lang='grc' dir='ltr'>τοῦτο</span> <span class='ocrx_word' id='word_1_54' title='bbox 231 1089 293 1162; x_wconf 89' lang='grc' dir='ltr'>νῦν</span> <span class='ocrx_word' id='word_1_55' title='bbox 323 1088 371 1166; x_wconf 87' lang='grc' dir='ltr'>είς</span> <span class='ocrx_word' id='word_1_56' title='bbox 401 1081 573 1183; x_wconf 83' lang='grc' dir='ltr'>ἀλήθειαν</span> <span class='ocrx_word' id='word_1_57' title='bbox 602 1081 854 1186; x_wconf 73' lang='grc' dir='ltr'>μετασκευάζει</span> <span class='ocrx_word' id='word_1_58' title='bbox 882 1078 1059 1183; x_wconf 88' lang='grc' dir='ltr'>Χριστός·</span> <span class='ocrx_word' id='word_1_59' title='bbox 1097 1081 1193 1185; x_wconf 84' lang='grc' dir='ltr'>φησὶ</span> <span class='ocrx_word' id='word_1_60' title='bbox 1222 1077 1295 1182; x_wconf 80' lang='grc' dir='ltr'>γάρ</span> 
     </span>
     <span class='ocr_line' id='line_1_8' title="bbox 94 1189 1460 1314; baseline -0.002 -31"><span class='ocrx_word' id='word_1_61' title='bbox 94 1202 186 1306; x_wconf 83' lang='grc' dir='ltr'>πρὸς</span> <span class='ocrx_word' id='word_1_62' title='bbox 220 1205 385 1285; x_wconf 88' lang='grc' dir='ltr'>Μωυσέα</span> <span class='ocrx_word' id='word_1_63' title='bbox 416 1205 480 1285; x_wconf 82' lang='grc' dir='ltr'>τὸν</span> <span class='ocrx_word' id='word_1_64' title='bbox 513 1205 727 1312; x_wconf 79' lang='grc' dir='ltr'>ἱεροφάντην</span> <span class='ocrx_word' id='word_1_65' title='bbox 761 1205 854 1291; x_wconf 89' lang='grc' dir='ltr'>Θεός</span> <span class='ocrx_word' id='word_1_66' title='bbox 886 1217 907 1253; x_wconf 87' lang='grc'><strong>“</strong></span> <span class='ocrx_word' id='word_1_67' title='bbox 924 1208 996 1284; x_wconf 82' lang='grc' dir='ltr'>Καὶ</span> <span class='ocrx_word' id='word_1_68' title='bbox 1033 1203 1214 1303; x_wconf 84' lang='grc' dir='ltr'>ἐπιθήσεις</span> <span class='ocrx_word' id='word_1_69' title='bbox 1251 1189 1460 1314; x_wconf 41' lang='grc' dir='ltr'>τῦιξζζῇξο,’</span> 
     </span>
     <span class='ocr_line' id='line_1_9' title="bbox 96 1324 1379 1431; baseline -0.001 -26"><span class='ocrx_word' id='word_1_70' title='bbox 96 1335 118 1373; x_wconf 88' lang='grc'><strong>“</strong></span> <span class='ocrx_word' id='word_1_71' title='bbox 137 1328 349 1431; x_wconf 77' lang='grc' dir='ltr'>ἱλαστήριον</span> <span class='ocrx_word' id='word_1_72' title='bbox 373 1330 430 1410; x_wconf 82' lang='grc' dir='ltr'>ἐπὶ</span> <span class='ocrx_word' id='word_1_73' title='bbox 457 1327 522 1429; x_wconf 87' lang='grc' dir='ltr'>τὴν</span> <span class='ocrx_word' id='word_1_74' title='bbox 544 1330 700 1426; x_wconf 84' lang='grc' dir='ltr'>κιβωτὸν</span> <span class='ocrx_word' id='word_1_75' title='bbox 724 1329 870 1426; x_wconf 76' lang='grc' dir='ltr'>ἄνωθεν,</span> <span class='ocrx_word' id='word_1_76' title='bbox 889 1332 946 1408; x_wconf 78' lang='grc' dir='ltr'>καὶ</span> <span class='ocrx_word' id='word_1_77' title='bbox 974 1334 1022 1411; x_wconf 85' lang='grc' dir='ltr'>είς</span> <span class='ocrx_word' id='word_1_78' title='bbox 1049 1326 1116 1427; x_wconf 84' lang='grc' dir='ltr'>τὴν</span> <span class='ocrx_word' id='word_1_79' title='bbox 1138 1324 1294 1420; x_wconf 85' lang='grc' dir='ltr'>κιβωτὸν</span> <span class='ocrx_word' id='word_1_80' title='bbox 1339 1335 1379 1372; x_wconf 83' lang='lat'>²¹·</span> 
     </span>
     <span class='ocr_line' id='line_1_10' title="bbox 95 1448 1297 1556; baseline -0.001 -25"><span class='ocrx_word' id='word_1_81' title='bbox 95 1461 118 1497; x_wconf 91' lang='lat'>“</span> <span class='ocrx_word' id='word_1_82' title='bbox 136 1454 305 1549; x_wconf 81' lang='grc' dir='ltr'>ἐμβαλεῖς</span> <span class='ocrx_word' id='word_1_83' title='bbox 332 1451 379 1532; x_wconf 78' lang='grc' dir='ltr'>τὰ</span> <span class='ocrx_word' id='word_1_84' title='bbox 405 1453 582 1556; x_wconf 79' lang='grc' dir='ltr'>μαρτύρια</span> <span class='ocrx_word' id='word_1_85' title='bbox 609 1452 634 1533; x_wconf 81' lang='grc' dir='ltr'><em>ἃ</em></span> <span class='ocrx_word' id='word_1_86' title='bbox 660 1454 722 1533; x_wconf 84' lang='grc' dir='ltr'>ἐὰν</span> <span class='ocrx_word' id='word_1_87' title='bbox 750 1456 801 1532; x_wconf 84' lang='grc' dir='ltr'>δῶ</span> <span class='ocrx_word' id='word_1_88' title='bbox 830 1478 902 1532; x_wconf 92' lang='grc' dir='ltr'>σοι·</span> <span class='ocrx_word' id='word_1_89' title='bbox 942 1455 1001 1531; x_wconf 81' lang='grc' dir='ltr'>καὶ</span> <span class='ocrx_word' id='word_1_90' title='bbox 1028 1448 1297 1552; x_wconf 87' lang='grc' dir='ltr'>γνωσθήσομαί</span> 
     </span>
     <span class='ocr_line' id='line_1_11' title="bbox 45 1572 1295 1678; baseline 0.001 -25"><span class='ocrx_word' id='word_1_91' title='bbox 45 1583 118 1643; x_wconf 84' lang='lat'>¹0“</span> <span class='ocrx_word' id='word_1_92' title='bbox 137 1609 198 1654; x_wconf 94' lang='grc' dir='ltr'>σοι</span> <span class='ocrx_word' id='word_1_93' title='bbox 224 1579 363 1676; x_wconf 88' lang='grc' dir='ltr'>ἐκεῖθεν,</span> <span class='ocrx_word' id='word_1_94' title='bbox 382 1581 440 1656; x_wconf 77' lang='grc' dir='ltr'>καὶ</span> <span class='ocrx_word' id='word_1_95' title='bbox 464 1575 623 1677; x_wconf 80' lang='grc' dir='ltr'>λαλήσω</span> <span class='ocrx_word' id='word_1_96' title='bbox 649 1612 710 1657; x_wconf 92' lang='grc' dir='ltr'>σοι</span> <span class='ocrx_word' id='word_1_97' title='bbox 736 1578 872 1656; x_wconf 76' lang='grc' dir='ltr'>ἄνωθεν</span> <span class='ocrx_word' id='word_1_98' title='bbox 893 1585 957 1657; x_wconf 90' lang='grc' dir='ltr'>τοῦ</span> <span class='ocrx_word' id='word_1_99' title='bbox 984 1576 1199 1678; x_wconf 85' lang='grc' dir='ltr'>ῖλαστηρίου</span> <span class='ocrx_word' id='word_1_100' title='bbox 1226 1572 1295 1654; x_wconf 78' lang='grc' dir='ltr'>ἀνὰ</span> 
     </span>
     <span class='ocr_line' id='line_1_12' title="bbox 97 1700 1295 1803; baseline 0 -25"><span class='ocrx_word' id='word_1_101' title='bbox 97 1708 118 1745; x_wconf 95' lang='lat'>“</span> <span class='ocrx_word' id='word_1_102' title='bbox 136 1701 250 1795; x_wconf 75' lang='grc' dir='ltr'>με’σον</span> <span class='ocrx_word' id='word_1_103' title='bbox 267 1707 339 1780; x_wconf 84' lang='grc' dir='ltr'>τῶν</span> <span class='ocrx_word' id='word_1_104' title='bbox 357 1700 422 1781; x_wconf 82' lang='grc' dir='ltr'>δύο</span> <span class='ocrx_word' id='word_1_105' title='bbox 444 1703 630 1803; x_wconf 78' lang='grc' dir='ltr'>Χερουβὶμ</span> <span class='ocrx_word' id='word_1_106' title='bbox 655 1708 728 1780; x_wconf 83' lang='grc' dir='ltr'>τῶν</span> <span class='ocrx_word' id='word_1_107' title='bbox 747 1700 861 1781; x_wconf 87' lang='grc' dir='ltr'>ὅντων</span> <span class='ocrx_word' id='word_1_108' title='bbox 878 1702 936 1781; x_wconf 82' lang='grc' dir='ltr'>ἐπὶ</span> <span class='ocrx_word' id='word_1_109' title='bbox 961 1704 1025 1798; x_wconf 80' lang='grc' dir='ltr'>τῆς</span> <span class='ocrx_word' id='word_1_110' title='bbox 1051 1707 1206 1794; x_wconf 83' lang='grc' dir='ltr'>κιβωτοῦ</span> <span class='ocrx_word' id='word_1_111' title='bbox 1229 1706 1295 1778; x_wconf 90' lang='grc' dir='ltr'>τοῦ</span> 
     </span>
     <span class='ocr_line' id='line_1_13' title="bbox 96 1821 1295 1928; baseline 0.003 -26"><span class='ocrx_word' id='word_1_112' title='bbox 96 1829 118 1868; x_wconf 85' lang='grc'><strong>“</strong></span> <span class='ocrx_word' id='word_1_113' title='bbox 137 1825 341 1926; x_wconf 84' lang='grc' dir='ltr'>μαρτυρίου,</span> <span class='ocrx_word' id='word_1_114' title='bbox 361 1824 451 1906; x_wconf 81' lang='grc' dir='ltr'>κατὰ</span> <span class='ocrx_word' id='word_1_115' title='bbox 467 1824 586 1907; x_wconf 87' lang='grc' dir='ltr'>πάντα</span> <span class='ocrx_word' id='word_1_116' title='bbox 605 1824 678 1903; x_wconf 82' lang='grc' dir='ltr'>ὅσα</span> <span class='ocrx_word' id='word_1_117' title='bbox 697 1824 758 1904; x_wconf 79' lang='grc' dir='ltr'>ἐὰν</span> <span class='ocrx_word' id='word_1_118' title='bbox 776 1825 989 1922; x_wconf 83' lang='grc' dir='ltr'>ἐντείλωμαί</span> <span class='ocrx_word' id='word_1_119' title='bbox 1008 1859 1070 1904; x_wconf 93' lang='grc' dir='ltr'>σοι</span> <span class='ocrx_word' id='word_1_120' title='bbox 1094 1821 1186 1928; x_wconf 75' lang='grc' dir='ltr'>πρὸς</span> <span class='ocrx_word' id='word_1_121' title='bbox 1211 1821 1295 1906; x_wconf 85' lang='grc' dir='ltr'>τοῦς</span> 
     </span>
     <span class='ocr_line' id='line_1_14' title="bbox 97 1944 1292 2050; baseline 0.005 -26"><span class='ocrx_word' id='word_1_122' title='bbox 97 1955 118 1993; x_wconf 86' lang='grc'><strong>“</strong></span> <span class='ocrx_word' id='word_1_123' title='bbox 138 1944 231 2030; x_wconf 82' lang='grc' dir='ltr'>υίοῦς</span> <span class='ocrx_word' id='word_1_124' title='bbox 257 1947 444 2048; x_wconf 87' lang='grc' dir='ltr'>Ἰσραήλ.”</span> <span class='ocrx_word' id='word_1_125' title='bbox 484 1950 504 2028; x_wconf 87' lang='grc' dir='ltr'>ὁ</span> <span class='ocrx_word' id='word_1_126' title='bbox 537 1947 575 2028; x_wconf 90' lang='grc' dir='ltr'>δέ</span> <span class='ocrx_word' id='word_1_127' title='bbox 607 1947 740 2050; x_wconf 77' lang='grc' dir='ltr'>Κύριος</span> <span class='ocrx_word' id='word_1_128' title='bbox 766 1949 868 2047; x_wconf 82' lang='grc' dir='ltr'>ἡμῶν</span> <span class='ocrx_word' id='word_1_129' title='bbox 895 1950 1037 2049; x_wconf 86' lang='grc' dir='ltr'>Ἰησοῦς</span> <span class='ocrx_word' id='word_1_130' title='bbox 1065 1950 1085 2028; x_wconf 86' lang='grc' dir='ltr'>ὁ</span> <span class='ocrx_word' id='word_1_131' title='bbox 1113 1945 1292 2050; x_wconf 77' lang='grc' dir='ltr'>Χριστὸς,</span> 
     </span>
     <span class='ocr_line' id='line_1_15' title="bbox 95 2067 1295 2179; baseline -0.001 -29"><span class='ocrx_word' id='word_1_132' title='bbox 95 2069 260 2174; x_wconf 73' lang='grc' dir='ltr'>μεσούσης</span> <span class='ocrx_word' id='word_1_133' title='bbox 279 2067 335 2165; x_wconf 74' lang='grc' dir='ltr'>ήδη</span> <span class='ocrx_word' id='word_1_134' title='bbox 353 2069 411 2164; x_wconf 60' lang='grc' dir='ltr'>τῆς</span> <span class='ocrx_word' id='word_1_135' title='bbox 430 2070 544 2179; x_wconf 67' lang='grc' dir='ltr'>ῖορτῆς,</span> <span class='ocrx_word' id='word_1_136' title='bbox 563 2072 658 2152; x_wconf 83' lang='grc' dir='ltr'>καθὰ</span> <span class='ocrx_word' id='word_1_137' title='bbox 676 2071 885 2174; x_wconf 78' lang='grc' dir='ltr'>γέγραπται,</span> <span class='ocrx_word' id='word_1_138' title='bbox 903 2074 941 2150; x_wconf 89' lang='grc' dir='ltr'>ἐν</span> <span class='ocrx_word' id='word_1_139' title='bbox 959 2079 1033 2155; x_wconf 92' lang='grc' dir='ltr'>τοῖς</span> <span class='ocrx_word' id='word_1_140' title='bbox 1052 2077 1154 2173; x_wconf 79' lang='grc' dir='ltr'>ἱεροῖς</span> <span class='ocrx_word' id='word_1_141' title='bbox 1177 2105 1215 2150; x_wconf 92' lang='grc' dir='ltr'>τε</span> <span class='ocrx_word' id='word_1_142' title='bbox 1235 2072 1295 2150; x_wconf 85' lang='grc' dir='ltr'>καὶ</span> 
     </span>
     <span class='ocr_line' id='line_1_16' title="bbox 46 2193 1293 2302; baseline 0.001 -27"><span class='ocrx_word' id='word_1_143' title='bbox 46 2213 83 2275; x_wconf 87' lang='lat'>15</span> <span class='ocrx_word' id='word_1_144' title='bbox 96 2195 332 2291; x_wconf 72' lang='grc' dir='ltr'>ἀνακειμένοις</span> <span class='ocrx_word' id='word_1_145' title='bbox 359 2201 410 2302; x_wconf 77' lang='grc' dir='ltr'>τῷ</span> <span class='ocrx_word' id='word_1_146' title='bbox 438 2200 521 2302; x_wconf 73' lang='grc' dir='ltr'>Θεῷ</span> <span class='ocrx_word' id='word_1_147' title='bbox 548 2193 673 2281; x_wconf 87' lang='grc' dir='ltr'>τόποις</span> <span class='ocrx_word' id='word_1_148' title='bbox 699 2197 892 2298; x_wconf 86' lang='grc' dir='ltr'>παρελθὼν</span> <span class='ocrx_word' id='word_1_149' title='bbox 918 2198 966 2279; x_wconf 83' lang='grc' dir='ltr'>ὡς</span> <span class='ocrx_word' id='word_1_150' title='bbox 994 2193 1097 2291; x_wconf 84' lang='grc' dir='ltr'>Θεὸς,</span> <span class='ocrx_word' id='word_1_151' title='bbox 1123 2198 1195 2274; x_wconf 91' lang='grc' dir='ltr'>ἐκεῖ</span> <span class='ocrx_word' id='word_1_152' title='bbox 1218 2199 1293 2276; x_wconf 92' lang='grc' dir='ltr'>τοῖς</span> 
     </span>
     <span class='ocr_line' id='line_1_17' title="bbox 96 2316 1326 2423; baseline 0.005 -26"><span class='ocrx_word' id='word_1_153' title='bbox 96 2317 221 2422; x_wconf 87' lang='grc' dir='ltr'>ὄχλοις</span> <span class='ocrx_word' id='word_1_154' title='bbox 250 2326 467 2421; x_wconf 88' lang='grc' dir='ltr'>προσλαλεῖ,</span> <span class='ocrx_word' id='word_1_155' title='bbox 499 2317 614 2398; x_wconf 88' lang='grc' dir='ltr'>καίτοι</span> <span class='ocrx_word' id='word_1_156' title='bbox 651 2316 858 2419; x_wconf 82' lang='grc' dir='ltr'>λεληθότως</span> <span class='ocrx_word' id='word_1_157' title='bbox 891 2318 1135 2420; x_wconf 82' lang='grc' dir='ltr'>ἀναβεβηκὼς,</span> <span class='ocrx_word' id='word_1_158' title='bbox 1167 2317 1326 2423; x_wconf 78' lang='grc' dir='ltr'>θσπερδ</span> 
     </span>
     <span class='ocr_line' id='line_1_18' title="bbox 97 2441 1293 2547; baseline 0.004 -26"><span class='ocrx_word' id='word_1_159' title='bbox 97 2442 160 2521; x_wconf 81' lang='grc' dir='ltr'>οῦν</span> <span class='ocrx_word' id='word_1_160' title='bbox 187 2446 245 2521; x_wconf 77' lang='grc' dir='ltr'>καὶ</span> <span class='ocrx_word' id='word_1_161' title='bbox 273 2446 330 2524; x_wconf 81' lang='grc' dir='ltr'>ἐπὶ</span> <span class='ocrx_word' id='word_1_162' title='bbox 357 2453 421 2523; x_wconf 90' lang='grc' dir='ltr'>τοῦ</span> <span class='ocrx_word' id='word_1_163' title='bbox 451 2441 542 2523; x_wconf 81' lang='grc' dir='ltr'>κατὰ</span> <span class='ocrx_word' id='word_1_164' title='bbox 573 2443 641 2543; x_wconf 78' lang='grc' dir='ltr'>τήν</span> <span class='ocrx_word' id='word_1_165' title='bbox 669 2442 807 2543; x_wconf 76' lang='grc' dir='ltr'>σκηνὴν</span> <span class='ocrx_word' id='word_1_166' title='bbox 835 2443 1059 2547; x_wconf 80' lang='grc' dir='ltr'>ἱλαστηρίου,</span> <span class='ocrx_word' id='word_1_167' title='bbox 1087 2443 1293 2543; x_wconf 88' lang='grc' dir='ltr'>λεληθότως</span> 
     </span>
     <span class='ocr_line' id='line_1_19' title="bbox 97 2564 1295 2666; baseline 0.001 -21"><span class='ocrx_word' id='word_1_168' title='bbox 97 2565 162 2663; x_wconf 87' lang='grc' dir='ltr'>μέν</span> <span class='ocrx_word' id='word_1_169' title='bbox 189 2564 233 2666; x_wconf 78' lang='grc' dir='ltr'>ἦν</span> <span class='ocrx_word' id='word_1_170' title='bbox 262 2567 283 2666; x_wconf 78' lang='grc' dir='ltr'><strong><em>ἡ</em></strong></span> <span class='ocrx_word' id='word_1_171' title='bbox 314 2572 409 2646; x_wconf 86' lang='grc' dir='ltr'>Θεοῦ</span> <span class='ocrx_word' id='word_1_172' title='bbox 437 2565 600 2659; x_wconf 87' lang='grc' dir='ltr'>κάθοδος,</span> <span class='ocrx_word' id='word_1_173' title='bbox 627 2566 797 2666; x_wconf 86' lang='grc' dir='ltr'>νοουμένη</span> <span class='ocrx_word' id='word_1_174' title='bbox 825 2566 863 2647; x_wconf 89' lang='grc' dir='ltr'>δέ</span> <span class='ocrx_word' id='word_1_175' title='bbox 891 2566 971 2647; x_wconf 89' lang='grc' dir='ltr'>τότε</span> <span class='ocrx_word' id='word_1_176' title='bbox 998 2565 1114 2666; x_wconf 88' lang='grc' dir='ltr'>μόλις,</span> <span class='ocrx_word' id='word_1_177' title='bbox 1144 2566 1203 2646; x_wconf 79' lang='grc' dir='ltr'>ὅτε</span> <span class='ocrx_word' id='word_1_178' title='bbox 1230 2575 1295 2646; x_wconf 92' lang='grc' dir='ltr'>τοῦ</span> 
     </span>
     <span class='ocr_line' id='line_1_20' title="bbox 97 2689 1295 2798; baseline 0 -30"><span class='ocrx_word' id='word_1_179' title='bbox 97 2697 224 2768; x_wconf 83' lang='grc' dir='ltr'>λαλεῖν</span> <span class='ocrx_word' id='word_1_180' title='bbox 262 2689 451 2791; x_wconf 83' lang='grc' dir='ltr'>ἐνειστήκει</span> <span class='ocrx_word' id='word_1_181' title='bbox 488 2689 620 2797; x_wconf 86' lang='grc' dir='ltr'>καιρός·</span> <span class='ocrx_word' id='word_1_182' title='bbox 671 2694 722 2772; x_wconf 84' lang='grc' dir='ltr'>ἐνὶ</span> <span class='ocrx_word' id='word_1_183' title='bbox 756 2690 794 2770; x_wconf 88' lang='grc' dir='ltr'>δέ</span> <span class='ocrx_word' id='word_1_184' title='bbox 832 2694 890 2770; x_wconf 82' lang='grc' dir='ltr'>καὶ</span> <span class='ocrx_word' id='word_1_185' title='bbox 928 2689 1008 2769; x_wconf 90' lang='grc' dir='ltr'>τότε</span> <span class='ocrx_word' id='word_1_186' title='bbox 1045 2696 1097 2798; x_wconf 78' lang='grc' dir='ltr'>τῷ</span> <span class='ocrx_word' id='word_1_187' title='bbox 1133 2690 1295 2797; x_wconf 82' lang='grc' dir='ltr'>μακαρίῳ</span> 
     </span>
     <span class='ocr_line' id='line_1_21' title="bbox 46 2813 1295 2922; baseline 0.001 -30"><span class='ocrx_word' id='word_1_188' title='bbox 46 2838 85 2881; x_wconf 80' lang='lat'>²0</span> <span class='ocrx_word' id='word_1_189' title='bbox 100 2818 257 2894; x_wconf 89' lang='grc' dir='ltr'>Μωυσεῖ</span> <span class='ocrx_word' id='word_1_190' title='bbox 272 2814 449 2916; x_wconf 92' lang='grc' dir='ltr'>διελέγετο</span> <span class='ocrx_word' id='word_1_191' title='bbox 469 2813 573 2913; x_wconf 83' lang='grc' dir='ltr'>Θεὸς,</span> <span class='ocrx_word' id='word_1_192' title='bbox 593 2815 700 2922; x_wconf 79' lang='grc' dir='ltr'>ε’τέρῳ</span> <span class='ocrx_word' id='word_1_193' title='bbox 725 2813 775 2913; x_wconf 86' lang='grc' dir='ltr'>μὴ</span> <span class='ocrx_word' id='word_1_194' title='bbox 800 2821 1041 2917; x_wconf 84' lang='grc' dir='ltr'>προσλαλῶν·</span> <span class='ocrx_word' id='word_1_195' title='bbox 1072 2815 1165 2893; x_wconf 79' lang='grc' dir='ltr'>οὕτω</span> <span class='ocrx_word' id='word_1_196' title='bbox 1191 2816 1247 2893; x_wconf 77' lang='grc' dir='ltr'>καὶ</span> <span class='ocrx_word' id='word_1_197' title='bbox 1275 2814 1295 2892; x_wconf 85' lang='grc' dir='ltr'>ὁ</span> 
     </span>
     <span class='ocr_line' id='line_1_22' title="bbox 98 2935 1296 3043; baseline -0.003 -27"><span class='ocrx_word' id='word_1_198' title='bbox 98 2936 271 3039; x_wconf 83' lang='grc' dir='ltr'>Χριστὸς,</span> <span class='ocrx_word' id='word_1_199' title='bbox 290 2935 328 3016; x_wconf 82' lang='grc' dir='ltr'>ἐν</span> <span class='ocrx_word' id='word_1_200' title='bbox 346 2937 397 3015; x_wconf 87' lang='grc' dir='ltr'>ἐτι</span> <span class='ocrx_word' id='word_1_201' title='bbox 413 2935 455 3016; x_wconf 83' lang='grc' dir='ltr'>τὸ</span> <span class='ocrx_word' id='word_1_202' title='bbox 476 2944 548 3017; x_wconf 86' lang='grc' dir='ltr'>τῶν</span> <span class='ocrx_word' id='word_1_203' title='bbox 566 2936 747 3017; x_wconf 87' lang='grc' dir='ltr'>Ἰουδαίων</span> <span class='ocrx_word' id='word_1_204' title='bbox 765 2939 923 3018; x_wconf 85' lang='grc' dir='ltr'>ἐπαίδευε</span> <span class='ocrx_word' id='word_1_205' title='bbox 946 2936 1060 3039; x_wconf 85' lang='grc' dir='ltr'>γε’νος,</span> <span class='ocrx_word' id='word_1_206' title='bbox 1077 2937 1132 3016; x_wconf 88' lang='grc' dir='ltr'>ἐνί</span> <span class='ocrx_word' id='word_1_207' title='bbox 1153 2971 1192 3016; x_wconf 90' lang='grc' dir='ltr'>τε</span> <span class='ocrx_word' id='word_1_208' title='bbox 1217 2939 1296 3043; x_wconf 75' lang='grc' dir='ltr'>λαῷ</span> 
     </span>
     <span class='ocr_line' id='line_1_23' title="bbox 97 3058 1296 3164; baseline -0.003 -23"><span class='ocrx_word' id='word_1_209' title='bbox 97 3059 409 3164; x_wconf 77' lang='grc' dir='ltr'>προσδιαλεγεται,</span> <span class='ocrx_word' id='word_1_210' title='bbox 442 3059 562 3161; x_wconf 83' lang='grc' dir='ltr'>κοινὴν</span> <span class='ocrx_word' id='word_1_211' title='bbox 595 3063 695 3142; x_wconf 77' lang='grc' dir='ltr'>οὔπω</span> <span class='ocrx_word' id='word_1_212' title='bbox 732 3069 807 3144; x_wconf 90' lang='grc' dir='ltr'>τοῖς</span> <span class='ocrx_word' id='word_1_213' title='bbox 844 3060 986 3140; x_wconf 83' lang='grc' dir='ltr'>ἐθνεσιν</span> <span class='ocrx_word' id='word_1_214' title='bbox 1017 3060 1197 3143; x_wconf 73' lang='grc' dir='ltr'>ἁπλοῖσας</span> <span class='ocrx_word' id='word_1_215' title='bbox 1229 3058 1296 3158; x_wconf 84' lang='grc' dir='ltr'>τὴν</span> 
     </span>
     <span class='ocr_line' id='line_1_24' title="bbox 97 3181 1324 3289; baseline 0.003 -27"><span class='ocrx_word' id='word_1_216' title='bbox 97 3183 214 3289; x_wconf 89' lang='grc' dir='ltr'>χάριν,</span> <span class='ocrx_word' id='word_1_217' title='bbox 246 3185 285 3264; x_wconf 83' lang='grc' dir='ltr'>εὖ</span> <span class='ocrx_word' id='word_1_218' title='bbox 310 3182 348 3264; x_wconf 89' lang='grc' dir='ltr'>δέ</span> <span class='ocrx_word' id='word_1_219' title='bbox 373 3182 418 3284; x_wconf 82' lang='grc' dir='ltr'>δή</span> <span class='ocrx_word' id='word_1_220' title='bbox 437 3186 521 3264; x_wconf 94' lang='grc' dir='ltr'>λίαν</span> <span class='ocrx_word' id='word_1_221' title='bbox 539 3186 559 3264; x_wconf 85' lang='grc' dir='ltr'>ὁ</span> <span class='ocrx_word' id='word_1_222' title='bbox 578 3181 750 3286; x_wconf 87' lang='grc' dir='ltr'>μακάριος</span> <span class='ocrx_word' id='word_1_223' title='bbox 771 3181 1062 3286; x_wconf 80' lang='grc' dir='ltr'>Εὐαγγελιστής,</span> <span class='ocrx_word' id='word_1_224' title='bbox 1083 3185 1150 3288; x_wconf 84' lang='grc' dir='ltr'>οὐχ</span> <span class='ocrx_word' id='word_1_225' title='bbox 1167 3185 1324 3266; x_wconf 80' lang='grc' dir='ltr'>ἁπλῶςθ</span> 
     </span>
     <span class='ocr_line' id='line_1_25' title="bbox 98 3305 1295 3415; baseline 0.001 -29"><span class='ocrx_word' id='word_1_226' title='bbox 98 3313 293 3406; x_wconf 77' lang='grc' dir='ltr'>Εἰσῆλθεν,</span> <span class='ocrx_word' id='word_1_227' title='bbox 321 3310 405 3388; x_wconf 83' lang='grc' dir='ltr'>ἀλλ’</span> <span class='ocrx_word' id='word_1_228' title='bbox 435 3307 535 3403; x_wconf 80' lang='grc' dir='ltr'>ιἰνέβη</span> <span class='ocrx_word' id='word_1_229' title='bbox 564 3312 681 3414; x_wconf 80' lang='grc' dir='ltr'>φησὶν</span> <span class='ocrx_word' id='word_1_230' title='bbox 710 3316 755 3393; x_wconf 76' lang='grc' dir='ltr'>εἰς</span> <span class='ocrx_word' id='word_1_231' title='bbox 783 3305 819 3388; x_wconf 78' lang='grc' dir='ltr'>τλ</span> <span class='ocrx_word' id='word_1_232' title='bbox 849 3310 937 3415; x_wconf 80' lang='grc' dir='ltr'>ἱερόν·</span> <span class='ocrx_word' id='word_1_233' title='bbox 984 3305 1132 3414; x_wconf 73' lang='grc' dir='ltr'>ὑψηλὸν</span> <span class='ocrx_word' id='word_1_234' title='bbox 1160 3306 1232 3409; x_wconf 86' lang='grc' dir='ltr'>γάρ</span> <span class='ocrx_word' id='word_1_235' title='bbox 1260 3341 1295 3387; x_wconf 94' lang='grc' dir='ltr'>τι</span> 
     </span>
     <span class='ocr_line' id='line_1_26' title="bbox 45 3429 1291 3539; baseline 0.005 -36"><span class='ocrx_word' id='word_1_236' title='bbox 45 3458 83 3519; x_wconf 83' lang='lat'>25</span> <span class='ocrx_word' id='word_1_237' title='bbox 96 3436 219 3536; x_wconf 77' lang='grc' dir='ltr'>χρῆμα</span> <span class='ocrx_word' id='word_1_238' title='bbox 249 3434 307 3512; x_wconf 83' lang='grc' dir='ltr'>καὶ</span> <span class='ocrx_word' id='word_1_239' title='bbox 339 3436 402 3532; x_wconf 78' lang='grc' dir='ltr'>τῆς</span> <span class='ocrx_word' id='word_1_240' title='bbox 434 3429 656 3537; x_wconf 80' lang='grc' dir='ltr'>χαμαιζήλου</span> <span class='ocrx_word' id='word_1_241' title='bbox 687 3431 916 3539; x_wconf 87' lang='grc' dir='ltr'>φαυλότητος</span> <span class='ocrx_word' id='word_1_242' title='bbox 945 3430 1042 3511; x_wconf 79' lang='grc' dir='ltr'>πολὺ</span> <span class='ocrx_word' id='word_1_243' title='bbox 1070 3432 1155 3510; x_wconf 88' lang='grc' dir='ltr'>λίαν</span> <span class='ocrx_word' id='word_1_244' title='bbox 1183 3433 1291 3535; x_wconf 78' lang='grc' dir='ltr'>ὑπερ·</span> 
     </span>
     <span class='ocr_line' id='line_1_27' title="bbox 96 3552 1296 3660; baseline 0.004 -27"><span class='ocrx_word' id='word_1_245' title='bbox 96 3563 221 3656; x_wconf 91' lang='grc' dir='ltr'>τεροῦν</span> <span class='ocrx_word' id='word_1_246' title='bbox 242 3555 284 3636; x_wconf 81' lang='grc' dir='ltr'>τὸ</span> <span class='ocrx_word' id='word_1_247' title='bbox 304 3562 351 3642; x_wconf 81' lang='grc' dir='ltr'>εἷς</span> <span class='ocrx_word' id='word_1_248' title='bbox 370 3563 464 3636; x_wconf 92' lang='grc' dir='ltr'>θεῖον</span> <span class='ocrx_word' id='word_1_249' title='bbox 482 3552 708 3660; x_wconf 84' lang='grc' dir='ltr'>είσέρχεσθαι</span> <span class='ocrx_word' id='word_1_250' title='bbox 724 3554 985 3658; x_wconf 88' lang='grc' dir='ltr'>παιδευτήριον,</span> <span class='ocrx_word' id='word_1_251' title='bbox 1005 3557 1064 3634; x_wconf 77' lang='grc' dir='ltr'>καὶ</span> <span class='ocrx_word' id='word_1_252' title='bbox 1086 3561 1161 3638; x_wconf 92' lang='grc' dir='ltr'>τοῖς</span> <span class='ocrx_word' id='word_1_253' title='bbox 1182 3556 1296 3657; x_wconf 83' lang='grc' dir='ltr'>ἁγίοις</span> 
     </span>
     <span class='ocr_line' id='line_1_28' title="bbox 96 3677 1294 3783; baseline 0 -26"><span class='ocrx_word' id='word_1_254' title='bbox 96 3681 337 3760; x_wconf 84' lang='grc' dir='ltr'>ἐνδιαιτᾶσθαι</span> <span class='ocrx_word' id='word_1_255' title='bbox 356 3679 487 3765; x_wconf 89' lang='grc' dir='ltr'>τόποις·</span> <span class='ocrx_word' id='word_1_256' title='bbox 519 3681 540 3759; x_wconf 88' lang='grc' dir='ltr'>ὁ</span> <span class='ocrx_word' id='word_1_257' title='bbox 560 3680 597 3759; x_wconf 84' lang='grc' dir='ltr'>δέ</span> <span class='ocrx_word' id='word_1_258' title='bbox 615 3688 677 3760; x_wconf 90' lang='grc' dir='ltr'>τοῦ</span> <span class='ocrx_word' id='word_1_259' title='bbox 701 3678 915 3783; x_wconf 85' lang='grc' dir='ltr'>πράγματος</span> <span class='ocrx_word' id='word_1_260' title='bbox 940 3679 1051 3763; x_wconf 84' lang='grc' dir='ltr'>τόπος</span> <span class='ocrx_word' id='word_1_261' title='bbox 1077 3677 1216 3778; x_wconf 77' lang='grc' dir='ltr'>ἀληθὴς</span> <span class='ocrx_word' id='word_1_262' title='bbox 1238 3680 1294 3783; x_wconf 89' lang='grc' dir='ltr'>ἐφ’</span> 
     </span>
     <span class='ocr_line' id='line_1_29' title="bbox 97 3799 1296 3909; baseline -0.002 -26"><span class='ocrx_word' id='word_1_263' title='bbox 97 3802 210 3901; x_wconf 83' lang='grc' dir='ltr'>ἡμῶν.</span> <span class='ocrx_word' id='word_1_264' title='bbox 252 3801 414 3907; x_wconf 79' lang='grc' dir='ltr'>Χριστὸς</span> <span class='ocrx_word' id='word_1_265' title='bbox 442 3803 512 3909; x_wconf 80' lang='grc' dir='ltr'>γὰρ</span> <span class='ocrx_word' id='word_1_266' title='bbox 540 3802 584 3904; x_wconf 82' lang='grc' dir='ltr'>ἦν</span> <span class='ocrx_word' id='word_1_267' title='bbox 610 3804 630 3881; x_wconf 85' lang='grc' dir='ltr'>ὁ</span> <span class='ocrx_word' id='word_1_268' title='bbox 658 3800 811 3906; x_wconf 82' lang='grc' dir='ltr'>ἁγιάζων</span> <span class='ocrx_word' id='word_1_269' title='bbox 836 3801 878 3885; x_wconf 81' lang='grc' dir='ltr'>τῦ</span> <span class='ocrx_word' id='word_1_270' title='bbox 903 3800 1006 3905; x_wconf 76' lang='grc' dir='ltr'>ἱερὸν,</span> <span class='ocrx_word' id='word_1_271' title='bbox 1026 3806 1084 3881; x_wconf 77' lang='grc' dir='ltr'>καὶ</span> <span class='ocrx_word' id='word_1_272' title='bbox 1112 3802 1223 3885; x_wconf 79' lang='grc' dir='ltr'>τόπος</span> <span class='ocrx_word' id='word_1_273' title='bbox 1251 3799 1296 3900; x_wconf 82' lang='grc' dir='ltr'>ἦν</span> 
     </span>
     <span class='ocr_line' id='line_1_30' title="bbox 136 4027 1294 4103; baseline -0.001 -17"><span class='ocrx_word' id='word_1_274' title='bbox 136 4049 160 4087; x_wconf 87' lang='grc' dir='ltr'>ι.</span> <span class='ocrx_word' id='word_1_275' title='bbox 178 4031 340 4102; x_wconf 78' lang='grc' dir='ltr'>ἅναχῶρητος</span> <span class='ocrx_word' id='word_1_276' title='bbox 354 4031 385 4086; x_wconf 87' lang='grc' dir='ltr'>Β.</span> <span class='ocrx_word' id='word_1_277' title='bbox 485 4047 509 4085; x_wconf 82' lang='lat'>2.</span> <span class='ocrx_word' id='word_1_278' title='bbox 529 4053 583 4088; x_wconf 87' lang='grc' dir='ltr'>πως</span> <span class='ocrx_word' id='word_1_279' title='bbox 594 4035 690 4102; x_wconf 81' lang='grc' dir='ltr'>χώραις</span> <span class='ocrx_word' id='word_1_280' title='bbox 704 4030 736 4085; x_wconf 86' lang='grc' dir='ltr'>Β.</span> <span class='ocrx_word' id='word_1_281' title='bbox 749 4031 772 4085; x_wconf 80' lang='grc' dir='ltr'>δ’</span> <span class='ocrx_word' id='word_1_282' title='bbox 785 4031 854 4088; x_wconf 85' lang='grc' dir='ltr'>ὅπως</span> <span class='ocrx_word' id='word_1_283' title='bbox 865 4034 953 4103; x_wconf 74' lang='grc' dir='ltr'>χώραν</span> <span class='ocrx_word' id='word_1_284' title='bbox 965 4028 1018 4083; x_wconf 80' lang='lat' dir='ltr'>Ed.</span> <span class='ocrx_word' id='word_1_285' title='bbox 1120 4027 1146 4083; x_wconf 90' lang='lat'>6.</span> <span class='ocrx_word' id='word_1_286' title='bbox 1165 4027 1294 4101; x_wconf 84' lang='grc' dir='ltr'>Χριστός]</span> 
     </span>
     <span class='ocr_line' id='line_1_31' title="bbox 98 4099 1295 4189; baseline -0.002 -32"><span class='ocrx_word' id='word_1_287' title='bbox 98 4105 163 4159; x_wconf 85' lang='grc' dir='ltr'>θεός</span> <span class='ocrx_word' id='word_1_288' title='bbox 178 4102 209 4156; x_wconf 87' lang='grc' dir='ltr'>Β.</span> <span class='ocrx_word' id='word_1_289' title='bbox 327 4120 353 4173; x_wconf 88' lang='grc'>9.</span> <span class='ocrx_word' id='word_1_290' title='bbox 371 4103 408 4156; x_wconf 77' lang='grc' dir='ltr'>δῶ</span> <span class='ocrx_word' id='word_1_291' title='bbox 421 4099 479 4173; x_wconf 92' lang='grc' dir='ltr'>σοι]</span> <span class='ocrx_word' id='word_1_292' title='bbox 493 4103 571 4157; x_wconf 77' lang='grc' dir='ltr'>δώσω</span> <span class='ocrx_word' id='word_1_293' title='bbox 585 4102 616 4155; x_wconf 88' lang='grc' dir='ltr'>Β.</span> <span class='ocrx_word' id='word_1_294' title='bbox 632 4102 667 4157; x_wconf 81' lang='lat' dir='ltr'>cs.</span> <span class='ocrx_word' id='word_1_295' title='bbox 681 4103 738 4189; x_wconf 60' lang='lat'>(53,</span> <span class='ocrx_word' id='word_1_296' title='bbox 751 4101 795 4171; x_wconf 89' lang='lat'>56,</span> <span class='ocrx_word' id='word_1_297' title='bbox 809 4101 865 4172; x_wconf 84' lang='lat'><strong>76.)</strong></span> <span class='ocrx_word' id='word_1_298' title='bbox 986 4114 1029 4154; x_wconf 79' lang='grc' dir='ltr'>ιο.</span> <span class='ocrx_word' id='word_1_299' title='bbox 1049 4121 1093 4154; x_wconf 90' lang='grc' dir='ltr'>σοι</span> <span class='ocrx_word' id='word_1_300' title='bbox 1105 4099 1179 4170; x_wconf 74' lang='lat' dir='ltr'>prius</span> <span class='ocrx_word' id='word_1_301' title='bbox 1192 4117 1247 4154; x_wconf 89' lang='lat' dir='ltr'>om.</span> <span class='ocrx_word' id='word_1_302' title='bbox 1262 4099 1295 4156; x_wconf 88' lang='grc' dir='ltr'>Β.</span> 
     </span>
    </p>
   </div>
   <div class='ocr_carea' id='block_1_3' title="bbox 97 4169 1295 4352">
    <p class='ocr_par' dir='ltr' id='par_1_3' title="bbox 97 4169 1295 4352">
     <span class='ocr_line' id='line_1_32' title="bbox 97 4169 1294 4294; baseline -0.002 -67"><span class='ocrx_word' id='word_1_303' title='bbox 97 4175 217 4240; x_wconf 84' lang='grc' dir='ltr'>ἇναμέσω</span> <span class='ocrx_word' id='word_1_304' title='bbox 232 4171 264 4226; x_wconf 87' lang='grc' dir='ltr'>Β.</span> <span class='ocrx_word' id='word_1_305' title='bbox 375 4188 416 4228; x_wconf 82' lang='lat'>12.</span> <span class='ocrx_word' id='word_1_306' title='bbox 434 4173 479 4227; x_wconf 77' lang='grc' dir='ltr'>ἐὰν</span> <span class='ocrx_word' id='word_1_307' title='bbox 490 4171 652 4243; x_wconf 80' lang='grc' dir='ltr'>ἐντείλωμαι]</span> <span class='ocrx_word' id='word_1_308' title='bbox 667 4173 819 4240; x_wconf 84' lang='grc' dir='ltr'>ἐντελλομαι</span> <span class='ocrx_word' id='word_1_309' title='bbox 834 4172 866 4227; x_wconf 88' lang='grc' dir='ltr'>Β.</span> <span class='ocrx_word' id='word_1_310' title='bbox 878 4171 911 4226; x_wconf 76' lang='lat' dir='ltr'>cf.</span> <span class='ocrx_word' id='word_1_311' title='bbox 926 4171 982 4257; x_wconf 46' lang='lat'>(72‘</span> <span class='ocrx_word' id='word_1_312' title='bbox 997 4169 1067 4294; x_wconf 65' lang='grc' dir='ltr'>0οὲ</span> <span class='ocrx_word' id='word_1_313' title='bbox 1162 4186 1203 4258; x_wconf 54' lang='grc'>13.</span> <span class='ocrx_word' id='word_1_314' title='bbox 1222 4171 1294 4225; x_wconf 68' lang='grc' dir='ltr'>όᾶῙῐ.</span> 
     </span>
     <span class='ocr_line' id='line_1_33' title="bbox 97 4240 1295 4322; baseline 0.003 -26"><span class='ocrx_word' id='word_1_315' title='bbox 97 4262 152 4297; x_wconf 88' lang='lat' dir='ltr'>om.</span> <span class='ocrx_word' id='word_1_316' title='bbox 166 4244 198 4297; x_wconf 88' lang='grc' dir='ltr'>Β.</span> <span class='ocrx_word' id='word_1_317' title='bbox 308 4258 349 4310; x_wconf 86' lang='lat'>14.</span> <span class='ocrx_word' id='word_1_318' title='bbox 368 4244 482 4312; x_wconf 70' lang='grc' dir='ltr'>ἤδηοῐυ.</span> <span class='ocrx_word' id='word_1_319' title='bbox 496 4243 530 4299; x_wconf 83' lang='grc' dir='ltr'>Β.</span> <span class='ocrx_word' id='word_1_320' title='bbox 639 4259 680 4309; x_wconf 87' lang='lat'>15.</span> <span class='ocrx_word' id='word_1_321' title='bbox 697 4240 847 4312; x_wconf 77' lang='grc' dir='ltr'>παρελθὼν]</span> <span class='ocrx_word' id='word_1_322' title='bbox 864 4244 1030 4322; x_wconf 55' lang='grc' dir='ltr'>ᾒ-δΚυριος</span> <span class='ocrx_word' id='word_1_323' title='bbox 1070 4280 1076 4294; x_wconf 93' lang='grc'><strong>.</strong></span> <span class='ocrx_word' id='word_1_324' title='bbox 1137 4263 1191 4299; x_wconf 83' lang='grc' dir='ltr'>τοις</span> <span class='ocrx_word' id='word_1_325' title='bbox 1203 4240 1295 4312; x_wconf 82' lang='grc' dir='ltr'>ὄχλοις</span> 
     </span>
     <span class='ocr_line' id='line_1_34' title="bbox 837 4327 849 4352; baseline 0 0"><span class='ocrx_word' id='word_1_326' title='bbox 837 4327 849 4352; x_wconf 74' lang='lat' dir='ltr'>&#39;f</span> 
     </span>
    </p>
   </div>
   <div class='ocr_carea' id='block_1_4' title="bbox 97 4326 1295 4503">
    <p class='ocr_par' dir='ltr' id='par_1_4' title="bbox 97 4326 1295 4503">
     <span class='ocr_line' id='line_1_35' title="bbox 97 4326 1295 4489; baseline 0.001 -72"><span class='ocrx_word' id='word_1_327' title='bbox 97 4364 150 4417; x_wconf 73' lang='grc' dir='ltr'>ἐκεῖ</span> <span class='ocrx_word' id='word_1_328' title='bbox 162 4363 268 4417; x_wconf 75' lang='lat' dir='ltr'>inverso</span> <span class='ocrx_word' id='word_1_329' title='bbox 280 4363 374 4417; x_wconf 78' lang='lat' dir='ltr'>ordino</span> <span class='ocrx_word' id='word_1_330' title='bbox 388 4363 420 4417; x_wconf 89' lang='lat' dir='ltr'>B.</span> <span class='ocrx_word' id='word_1_331' title='bbox 530 4377 571 4433; x_wconf 84' lang='lat'>17.</span> <span class='ocrx_word' id='word_1_332' title='bbox 591 4365 632 4418; x_wconf 82' lang='grc' dir='ltr'>καὶ</span> <span class='ocrx_word' id='word_1_333' title='bbox 644 4381 698 4418; x_wconf 89' lang='lat' dir='ltr'>om.</span> <span class='ocrx_word' id='word_1_334' title='bbox 714 4360 746 4415; x_wconf 88' lang='grc' dir='ltr'>Β.</span> <span class='ocrx_word' id='word_1_335' title='bbox 801 4326 961 4432; x_wconf 57' lang='grc' dir='ltr'>ε’πλοάῇβίο)</span> <span class='ocrx_word' id='word_1_336' title='bbox 976 4361 1011 4417; x_wconf 87' lang='grc' dir='ltr'>Β.</span> <span class='ocrx_word' id='word_1_337' title='bbox 1082 4380 1162 4489; x_wconf 47' lang='lat'><strong>&amp;¹1³⁸</strong></span> <span class='ocrx_word' id='word_1_338' title='bbox 1181 4364 1295 4418; x_wconf 75' lang='grc' dir='ltr'>τότειιαλ</span> 
     </span>
     <span class='ocr_line' id='line_1_36' title="bbox 1020 4449 1157 4503; baseline 0.015 -16"><span class='ocrx_word' id='word_1_339' title='bbox 1020 4449 1063 4503; x_wconf 84' lang='lat'>23.</span> <span class='ocrx_word' id='word_1_340' title='bbox 1149 4473 1157 4489; x_wconf 91' lang='lat'><strong>.</strong></span> 
     </span>
    </p>
   </div>
   <div class='ocr_carea' id='block_1_5' title="bbox 98 4431 1294 4506">
    <p class='ocr_par' dir='ltr' id='par_1_5' title="bbox 98 4431 1294 4506">
     <span class='ocr_line' id='line_1_37' title="bbox 98 4431 1294 4506; baseline 0 -18"><span class='ocrx_word' id='word_1_341' title='bbox 98 4434 204 4488; x_wconf 82' lang='lat' dir='ltr'>inverso</span> <span class='ocrx_word' id='word_1_342' title='bbox 216 4432 308 4488; x_wconf 84' lang='lat' dir='ltr'>ordine</span> <span class='ocrx_word' id='word_1_343' title='bbox 322 4433 354 4487; x_wconf 91' lang='lat' dir='ltr'>B.</span> <span class='ocrx_word' id='word_1_344' title='bbox 505 4450 548 4488; x_wconf 74' lang='grc' dir='ltr'>οι.</span> <span class='ocrx_word' id='word_1_345' title='bbox 567 4432 594 4488; x_wconf 73' lang='grc' dir='ltr'>ἓν</span> <span class='ocrx_word' id='word_1_346' title='bbox 605 4431 657 4505; x_wconf 72' lang='grc' dir='ltr'>ἔτι]</span> <span class='ocrx_word' id='word_1_347' title='bbox 671 4433 699 4487; x_wconf 85' lang='grc' dir='ltr'>ἐν</span> <span class='ocrx_word' id='word_1_348' title='bbox 710 4432 747 4486; x_wconf 69' lang='grc' dir='ltr'>ἑνὶ</span> <span class='ocrx_word' id='word_1_349' title='bbox 759 4434 830 4506; x_wconf 77' lang='grc' dir='ltr'>τόπῳ</span> <span class='ocrx_word' id='word_1_350' title='bbox 844 4432 876 4486; x_wconf 89' lang='grc' dir='ltr'>Β.</span> <span class='ocrx_word' id='word_1_351' title='bbox 1169 4434 1231 4490; x_wconf 77' lang='grc' dir='ltr'>εὐθὺ</span> <span class='ocrx_word' id='word_1_352' title='bbox 1242 4433 1294 4488; x_wconf 78' lang='lat' dir='ltr'>Ed.</span> 
     </span>
    </p>
   </div>
   <div class='ocr_carea' id='block_1_6' title="bbox 99 4514 1111 4601">
    <p class='ocr_par' dir='ltr' id='par_1_6' title="bbox 99 4514 1111 4601">
     <span class='ocr_line' id='line_1_38' title="bbox 99 4514 1111 4601; baseline -0.001 -17"><span class='ocrx_word' id='word_1_353' title='bbox 99 4546 141 4597; x_wconf 68' lang='grc' dir='ltr'>ιι.</span> <span class='ocrx_word' id='word_1_354' title='bbox 160 4529 247 4600; x_wconf 67' lang='grc' dir='ltr'>χρῆμα</span> <span class='ocrx_word' id='word_1_355' title='bbox 259 4552 283 4584; x_wconf 67' lang='grc' dir='ltr'>ε.</span> <span class='ocrx_word' id='word_1_356' title='bbox 297 4529 401 4586; x_wconf 74' lang='lat' dir='ltr'>inverso</span> <span class='ocrx_word' id='word_1_357' title='bbox 413 4526 507 4583; x_wconf 71' lang='lat' dir='ltr'>ordine</span> <span class='ocrx_word' id='word_1_358' title='bbox 520 4528 553 4584; x_wconf 81' lang='grc' dir='ltr'>ο.</span> <span class='ocrx_word' id='word_1_359' title='bbox 660 4541 703 4600; x_wconf 72' lang='grc' dir='ltr'>η.</span> <span class='ocrx_word' id='word_1_360' title='bbox 722 4527 889 4600; x_wconf 49' lang='lat' dir='ltr'>amomo]</span> <span class='ocrx_word' id='word_1_361' title='bbox 902 4514 1063 4601; x_wconf 64' lang='grc' dir='ltr'>υηιᾶὲιφ·</span> <span class='ocrx_word' id='word_1_362' title='bbox 1077 4528 1111 4584; x_wconf 82' lang='grc' dir='ltr'>υ.</span> 
     </span>
    </p>
   </div>
   <div class='ocr_carea' id='block_1_7' title="bbox 0 0 1537 5018">
    <p class='ocr_par' dir='ltr' id='par_1_7' title="bbox 0 0 1537 5018">
     <span class='ocr_line' id='line_1_39' title="bbox 0 0 1537 5018; baseline 0 0"><span class='ocrx_word' id='word_1_363' title='bbox 0 0 1537 5018; x_wconf 95' lang='lat' dir='ltr'> </span> 
     </span>
    </p>
   </div>
  </div>
 </body>
</html>
