3038 5018
88 299 130 361 iv.
144 317 263 386 31‚32.
302 300 359 364 IN
390 301 423 365 S.
447 299 702 366 JOANNEM.
749 299 915 363 LIB.II.
961 300 1120 364 CARV.
1222 302 1283 363 291

88 469 175 559 ναῖς,
194 464 238 543 ού
258 468 492 549 Μωυσαίκοῖς
513 464 742 568 κηρύγμασιν
760 464 839 543 οῦδὲ
865 471 941 547 ταῖς
962 460 1130 544 Ἰωάννου
1156 469 1282 543 δακτυ-

89 586 290 694 λοδειξίαις,
308 587 409 668 ἀλλὰ
433 594 516 688 μιᾶς
541 590 659 672 αὐτοῖς
688 587 936 694 ἐξηγουμένης,
955 590 1014 667 καί
1037 594 1143 666 τοῦτο
1168 589 1283 689 ἁμαρ·
1312 603 1315 610 ’

87 718 218 807 τωλοῦ,
246 709 424 812 γυναικός.
479 712 637 815 εὐλόγως
668 718 856 813 τοιγαροῦν
886 710 952 810 τὴν
982 713 1033 791 ἐπ’
1068 710 1195 822 αὐτοῦς
1225 717 1288 790 τοῦ

89 837 258 936 Σωτῆρος
279 833 589 938 ἆτοθαυμᾶζοντες
611 839 752 942 φῖγφον,
771 837 829 913 καί
854 834 953 933 ἡμεῖς
977 829 1287 941 ἀναφθεγξῶμεθα

56 984 75 1044 5
90 967 111 1003 “
127 956 275 1041 Δίκαιος
293 954 326 1037 εἰ
343 957 464 1062 Κύριε,
483 963 543 1039 καί
560 958 664 1058 εύθὴς
682 959 704 1057 ἡ
724 958 840 1059 κρίσις
859 958 965 1036 σου.”
1332 944 1375 994 ¹³⁸·

1332 1009 1416 1058 cxviii.

1336 1085 1390 1138 1³7·

136 1171 196 1237 Ἐν
223 1175 271 1257 τῷ
297 1175 418 1251 μεταξὺ
447 1174 587 1263 ιίρὼτων
614 1174 714 1242 αὐτὸν
741 1173 771 1240 οἰ
798 1174 937 1252 μαθηταὶ
965 1174 1064 1238 αὐτοῦ
1089 1174 1237 1247 λὲτοντεο
1302 1189 1336 1244 31

371 1299 495 1381 Ῥαββί,
523 1303 618 1388 φάτε.
655 1303 673 1368 ὁ
700 1301 736 1365 δὲ
764 1295 855 1366 εἶπεν
883 1295 1003 1364 αὐτοῖς..
1302 1313 1338 1369 32

147 1465 343 1559 Οἰκονομεῖ
369 1461 436 1561 μὲν
467 1464 600 1567 ἄριστα
634 1473 697 1543 τοῦ
732 1464 881 1559 βιβλίου
917 1461 983 1561 τὴν
1015 1460 1236 1567 συγγραφὴν
1269 1462 1324 1540 δυ·
1343 1480 1406 1533 196
1417 1478 1457 1531 Δ·

91 1584 286 1670 θεσπέσιος
316 1585 608 1689 Εύαγγελιστὴς,
634 1585 900 1691 παραλιμποίνει
930 1583 966 1664 δέ
995 1584 1095 1665 οὐδὲν
1119 1591 1190 1664 τῶν
1219 1584 1292 1664 ὅσα

45 1738 78 1778 10
92 1705 137 1806 δὴ
163 1705 307 1793 πάντως
334 1717 408 1795 τοῖς
437 1710 694 1817 έντευξομεῦοις
729 1710 879 1790 έσεσθαι
910 1709 1069 1792 πιστεύει
1101 1711 1288 1806 λυσιτελῆ.

92 1829 197 1910 ἄκουε
215 1834 335 1912 τοίνυν
352 1834 448 1918 ὅπως
466 1835 551 1934 ἡμῖν
569 1832 860 1942 ἀξιολογωτάτου
881 1831 1094 1938 πράγματος
1118 1829 1292 1935 γεγονότα

91 1951 205 2033 πάλιν
234 1956 470 2059 ὑπογραμμὸν
498 1958 654 2063 εἰσφέρει
681 1955 744 2036 τδν
769 1958 924 2056 Ἰησοῦν.
968 1956 1070 2036 οῦδὲν
1098 1954 1169 2058 γὰρ
1197 1950 1294 2052 οἶμαι

92 2081 273 2158 τεθεῖσθαι
301 2080 418 2180 μάτην
442 2084 480 2161 έν
503 2088 580 2165 ταῖς
607 2087 679 2160 τῶν
702 2081 814 2182 ἁγίων
838 2086 1081 2187 συγγραφαῖς,
1108 2078 1207 2158 ἀλλὰ
1236 2079 1294 2155 καί

93 2198 183 2303 ὅπερ
209 2201 254 2281 ἅν
276 2237 329 2288 τις
354 2204 468 2304 οἰηται
493 2203 629 2308 μικρὸν,
649 2206 712 2283 οῦκ
737 2202 1048 2308 εὐκαταφρόνητον
1067 2206 1193 2282 ὠδῖνον
1212 2199 1292 2316 ἔσθ’

45 2353 78 2414 ι5
93 2323 153 2403 ὅτε
191 2322 257 2423 τὴν
294 2324 473 2431 ὠφέλειαν
505 2327 715 2430 εὑρίσκεται.
769 2327 969 2433 ἀρξαμένης
1005 2333 1193 2428 τοιγαροῦν
1230 2327 1293 2423 τῆς

94 2452 326 2550 Σαμαρειτῶν
350 2453 582 2556 ἐπιστροφῆς,
610 2454 668 2530 καί
696 2451 786 2531 ὅσον
811 2450 947 2530 οῦδέπω
974 2447 1326 2553 προσδδικωμένωνο

93 2572 225 2651 αὐτῶν·
254 2569 329 2676 ᾔδει
357 2572 428 2676 γὰρ
453 2573 605 2680 ἥξοντας
631 2579 678 2658 ὡς
697 2574 803 2660 θεός·
836 2574 921 2659 ὅλος
939 2572 1003 2672 μέν
1021 2574 1065 2682 ἐξ
1089 2572 1178 2651 ὅλου
1202 2569 1292 2673 πρὸς

94 2693 161 2792 τὴν
178 2702 251 2775 τεῦν
269 2695 493 2796 κεκλημένων
510 2699 694 2801 σωτηρίαν
712 2701 940 2795 συντείνεται,
957 2704 1105 2776 ποιεῖται
1124 2695 1162 2774 δὲ
1180 2695 1294 2797 λόγον

95 2816 221 2898 οὐδένα
248 2824 311 2920 τῆς
339 2828 403 2900 τοῦ
429 2820 600 2917 σώματος
628 2825 777 2927 τροφῆς,
795 2824 908 2902 καίτοι
936 2826 993 2900 καί
1019 2819 1201 2919 κεκμηκὼς
1220 2829 1242 2865 “
1255 2820 1293 2896 ἐκ
1340 2821 1429 2936 ξξξὲ

45 2979 81 3019 ιο
96 2950 117 2986 “
136 2947 200 3040 τῆς
218 2943 453 3044 ὁδοιπορίας,”
476 2947 524 3027 ὡς
543 2944 751 3047 γέγραπται,
772 2945 829 3024 ἵνα
847 2943 959 3023 πάλιν
978 2942 1036 3023 διὰ
1061 2943 1188 3022 τούτου
1212 2937 1294 3022 τοῦς

95 3065 133 3142 έν
157 3071 235 3149 ταῖς
257 3068 464 3165 ἐκκλησίαις
491 3067 668 3173 ὠφελήσῃ
693 3068 944 3163 διδασκάλους,
961 3069 1019 3146 καί
1045 3065 1204 3165 καμάτου
1230 3061 1295 3161 μέν

93 3188 228 3273 παντὸς
254 3192 431 3296 ἀναπείσῃ
458 3197 635 3293 περιορᾶν,
655 3191 838 3294 κρείττονα
861 3189 900 3270 δὲ
924 3194 986 3288 τῆς
1012 3191 1092 3292 περὶ
1117 3187 1159 3266 τὸ
1186 3193 1294 3280 σῶμα

96 3314 284 3416 φροντίδος
321 3312 387 3412 τὴν
424 3314 483 3393 ε’πί
520 3321 594 3396 τοῖς
635 3313 850 3415 σωζομένοις
892 3318 1070 3394 ποιεῖσθαι
1113 3308 1292 3409 σπουδήν·

96 3443 119 3480 “
137 3435 232 3513 0ύαί
269 3433 350 3538 γὰρ,
386 3439 501 3538 φησὶν
536 3437 556 3513 ὁ
592 3437 793 3545 προφήτης,
825 3442 858 3516 οἱ
891 3445 1073 3520 ποιοῦντες
1109 3433 1152 3515 τὸ
1191 3426 1460 3544 ἔργονοὲζῇᾈο,

45 3582 81 3642 25
96 3565 119 3602 “
139 3559 273 3660 Κυρίου
292 3561 468 3659 ἀμελῶς.”
506 3560 564 3639 ἵνα
582 3562 699 3639 τοίνυν
716 3559 953 3659 μανθάνωμεν
971 3563 1009 3640 έν
1027 3567 1099 3644 τοῖς
1125 3557 1295 3641 τοιούτοις

95 3679 259 3776 μάλιστα
296 3690 428 3785 καιροῖς
463 3685 600 3789 ἀσιτεῖν
632 3681 781 3763 εἰωθότα
817 3682 880 3764 τὸν
914 3684 1059 3785 Κύριον,
1092 3685 1296 3784 ἐρωτῶντας

96 3804 254 3908 εἰσφέρει
272 3805 355 3888 τοῦς
370 3804 544 3905 μαθηταῖς)
560 3810 621 3885 καί
645 3811 836 3912 μονονουχὶ
860 3800 1217 3912 προκυλινδουμένφς,
1238 3803 1296 3881 ’ίνοι

96 3924 141 4026 δὴ
173 3927 294 4031 βραχύ
325 3963 360 4008 τι
394 3935 466 4009 τῶν
498 3930 782 4031 πεπορισμένων,
812 3934 859 4014 ὡς
892 3928 1135 4034 ἀπαραίτητόν
1167 3962 1204 4006 τε
1238 3929 1296 4004 καί

136 4189 160 4226 1.
178 4172 237 4226 σου
252 4173 283 4227 ο.
298 4172 312 4242 η
326 4174 378 4229 Ed.
469 4193 496 4245 5.
515 4175 590 4244 ειη,
605 4174 676 4229 οο.
691 4176 765 4299 (ιγρ.
780 4176 851 4245 τοι.)
865 4176 950 4230 ,νοω
964 4175 1015 4229 Ed.
1105 4173 1131 4229 ο.
1149 4170 1207 4242 ὀη
1225 4179 1252 4236 ÷
1268 4172 1296 4225 ιε

98 4241 150 4297 Ed.
160 4242 244 4297 invito
258 4244 290 4298 B.
366 4261 406 4299 10.
424 4243 564 4309 πιστεύειν,
576 4248 709 4299 λυσιτελεῖ
750 4287 756 4299 .
831 4260 872 4313 15.
891 4244 1034 4315 ἀρξαμένης
1045 4244 1106 4298 Β.ιί
1123 4246 1229 4312 ξάμενος
1244 4242 1296 4296 Ed.

99 4328 140 4383 ιγ.
161 4313 229 4369 ὅλως
242 4314 274 4369 Β.
287 4315 376 4369 invitis
389 4316 507 4369 Catenis.
625 4331 668 4369 20.
686 4317 765 4370 πάλιν
777 4317 819 4369 διὸ
831 4314 924 4371 τούτου
936 4316 987 4369 hoc
999 4315 1092 4369 ordine
1106 4266 1138 4368 ἰλ.
1152 4313 1234 4369 Cord.
1249 4313 1295 4366 Cr.

95 4385 176 4438 πάλιν
187 4401 241 4438 om.
254 4403 278 4439 a.
415 4401 457 4451 24.
478 4385 558 4439 Hanc
571 4385 704 4448 citationis
717 4386 830 4440 formam
843 4386 942 4441 videsis
956 4385 989 4440 de
1001 4384 1054 4439 Ad.
1068 4399 1100 4454 27
1115 4403 1129 4439 c
1142 4402 1157 4438 a
1170 4385 1295 4438 Parsons.

96 4453 141 4507 cit.
154 4455 201 4525 qui
217 4454 291 4508 addit
304 4460 357 4509 “et
373 4455 465 4522 alibi,”
478 4454 560 4509 addas
577 4455 605 4509 in
622 4455 658 4508 xii
676 4455 728 4510 Pro
747 4456 775 4510 h.
787 4455 839 4511 826
852 4457 897 4512 fin.
912 4456 995 4511 Hom.
1010 4455 1104 4513 Pasch.
1117 4456 1189 4511 xxiii.
1203 4470 1256 4525 290
1269 4453 1296 4508 b.

97 4539 141 4590 ²5·
160 4527 215 4581 τοῖς
225 4542 279 4578 om.
294 4525 326 4580 B.
435 4526 477 4580 28.
496 4523 583 4597 βραχύ
594 4547 619 4579 τι
632 4525 683 4579 hoc
695 4475 788 4580 οτδὶηε
803 4527 834 4582 Β.
1066 4539 1072 4543 ’

654 4628 742 4691 νητ
