3038 5018
220 275 264 338 38
290 262 293 269 ’
524 276 563 340 Β.
587 275 798 340 CYRILLI
828 275 1115 341 ALEXANDR.
1355 272 1377 337 i.
1393 294 1420 337 1.

223 434 263 517 δὲ
289 436 384 523 Θεὸς
412 438 455 518 τὸ
487 438 634 519 πάντων
659 441 738 519 ἐστὶ
770 439 1034 544 πρεσβύτατον,
1061 439 1153 520 κατά
1179 439 1333 540 μίμησιν
1360 441 1423 538 δη-

193 560 347 642 ολονότι
375 561 524 660 πατέρες
555 564 664 663 ἡμεῖς,
693 569 726 643 οῖ
759 563 850 668 πρὸς
882 563 925 646 τῦ
957 565 1089 645 ἐκείνου
1116 567 1245 669 σχῆμα
1273 561 1331 642 διά
1358 571 1423 643 τοῦ

222 690 443 788 πεποιῆσθαι
476 689 551 767 κατ’
584 685 702 768 εῖκόνα
734 688 955 790 κεκλημένοι.
1008 684 1086 769 εἶτα
1117 695 1204 784 πῶς,
1237 686 1319 768 είπέ
1348 720 1422 784 μοι,

223 810 353 894 λοιπὸν
372 817 406 893 οῖ
429 813 511 893 καθ’
532 813 705 911 ὁμοίωσιν
722 813 909 916 γεγονότες
934 814 1042 921 αῦτφ,
1060 811 1152 893 κατά
1177 812 1291 919 φύσιν
1312 809 1424 907 ε’σμέν

221 943 295 1017 τῶν
313 935 449 1016 οἰκείων
468 935 602 1017 τέκνων
617 936 777 1040 πατέρες,
788 942 824 1033 ,εί
843 934 892 1036 μὴ
910 935 1091 1041 πρόσεστι
1109 943 1215 1016 τοῦτο
1239 939 1285 1039 τῆ
1310 936 1418 1038 ἀρχε·
1436 962 1456 1022 5

222 1060 324 1166 τύπιρ
343 1056 459 1157 εἰκόνι,
477 1057 568 1161 πρὸς
585 1057 630 1160 ἡν
649 1062 707 1140 καὶ
725 1060 1016 1166 μεμορφιόμεθα;
1047 1066 1124 1143 πῶς
1145 1060 1179 1139 δ’
1199 1057 1244 1138 ἀν
1263 1056 1358 1141 ὅλως
1380 1055 1423 1137 τῦ

147 1276 152 1284 .
223 1186 288 1280 τῆς
313 1189 466 1286 πατριᾶς
493 1183 572 1282 ἡτοι
599 1182 822 1288 πατρόπητος
852 1182 969 1283 ὄνομα
999 1187 1059 1264 καὶ
1088 1187 1137 1267 είς
1172 1182 1254 1266 τοῦς
1284 1180 1424 1265 ἀλλους

223 1307 370 1403 ἐκβῆναι
387 1305 487 1407 παρά
506 1311 602 1387 Θεοῦ
620 1308 699 1407 δοίη
717 1342 770 1392 τις
788 1305 843 1404 ἀν,
857 1307 892 1386 εί
905 1341 947 1410 γε
966 1305 1077 1390 ὅντως
1096 1306 1160 1385 οῦκ
1178 1304 1257 1384 ἔστι
1274 1301 1420 1406 πατὴρ;

225 1428 387 1535 φαίνεται
414 1428 496 1532 γὰρ,
524 1429 569 1509 ἀν
596 1432 708 1515 οὕτως
738 1428 812 1536 ἔχῃ,
840 1436 1025 1514 παντελῶς
1056 1427 1329 1532 ἀνεστραμμένα
1358 1435 1424 1508 τοῦ

190 1551 437 1653 ᾱπράγματος
463 1553 486 1652 ἡ
514 1552 636 1660 φύσις,
661 1553 759 1653 ἡμεῖς
787 1552 825 1634 δὲ
851 1561 999 1653 μᾶλλον
1022 1554 1119 1660 αύτφ
1145 1553 1226 1631 καθ’
1250 1550 1424 1650 ὁμοίωσιν
1440 1586 1475 1628 ιο

224 1670 292 1773 τῆν
317 1671 409 1778 πρὸς
436 1676 528 1777 ἡμᾶς
552 1674 595 1756 τό
619 1675 749 1780 Πατὴρ
776 1683 968 1757 καλεῖσθαι
996 1675 1176 1775 δώσομεν,
1196 1673 1291 1778 ῆπερ
1317 1672 1425 1758 αὐτὸς

223 1797 319 1896 ἡμῖν.
375 1807 480 1879 τοῦτο
517 1797 589 1903 γὰρ
625 1802 645 1879 ὁ
683 1798 794 1902 λόγος
831 1805 1094 1901 συνομολογεῖν
1129 1796 1330 1900 ἀναγκάσει
1365 1800 1425 1878 καὶ

225 1921 359 2002 ἀκοντα
390 1921 454 2003 τὸν
485 1921 671 2026 αἱρετικόν.
726 1924 854 2005 οὐκοῦν
889 1921 1061 2030 ψεύδεται
1098 1925 1162 2020 τῆς
1197 1920 1368 2022 ἀληθείας
1404 1923 1425 2000 ὁ

225 2045 372 2150 μάρτυς,
391 2046 435 2154 ἐξ
457 2046 565 2126 αύτοῦ
590 2046 709 2150 λε’γων
730 2054 856 2127 πᾶσαν
879 2042 967 2126 εῖναι
990 2043 1146 2149 πατριὰν
1165 2045 1203 2125 ἔν
1221 2079 1260 2124 τε
1284 2044 1425 2152 οῦρανφ

226 2174 285 2249 καὶ
320 2171 378 2251 ἐπὶ
413 2174 492 2272 γῆς.
545 2171 629 2250 ἀλλ’
665 2170 743 2250 ἔστι
775 2178 881 2251 τοῦτο
918 2167 1031 2276 φάναι
1062 2175 1136 2249 τιῦν
1168 2164 1422 2249 ἀτοπωτάτων·
1441 2199 1475 2261 15

59 2301 149 2429 {13⁰}
226 2292 392 2392 ἀληθεύει
405 2291 477 2397 γάρ
496 2296 516 2373 ὁ
535 2292 727 2397 θαρσήσας
745 2299 854 2374 είπεῖν
873 2305 894 2342 “
910 2299 956 2374 Ei
980 2290 1130 2392 δοκιμὴν
1147 2290 1278 2394 ζητεῖτε
1302 2300 1367 2372 τοῦ
1387 2295 1427 2373 ε’ν

227 2427 250 2465 “
268 2419 344 2514 ἐμοὶ
368 2425 568 2500 λαλοῦντος
591 2421 757 2520 Χριστοῦ
769 2419 802 2514 ;”
842 2421 901 2497 καὶ
925 2419 965 2496 ἐκ
990 2421 1086 2498 Θεοῦ
1112 2414 1154 2496 τὸ
1183 2419 1246 2516 τῆς
1273 2421 1427 2518 πατριᾶς

196 2538 340 2637 οὸνομα
367 2542 425 2618 καὶ
453 2543 503 2623 είς
526 2539 617 2639 ἡμᾶς
642 2543 817 2644 καταρῤεῖ.
856 2540 984 2620 ούκοῦν
1004 2541 1084 2620 ε’στι
1108 2536 1200 2619 κατά
1225 2538 1340 2644 φύσιν
1362 2543 1427 2617 τοῦ

227 2662 351 2763 Λόγου
374 2660 515 2766 Πατήρ·
556 2662 674 2743 τέτοκε
702 2662 740 2744 δὲ
766 2660 912 2749 πάντως
940 2663 1005 2743 οῦκ
1031 2660 1199 2760 ἀνόμοιον
1220 2662 1344 2768 ἑαυτῷ,
1367 2657 1428 2740 διὰ

226 2793 291 2864 τοῦ
309 2783 351 2864 τῦ
370 2782 523 2865 ἔλαττον
539 2784 646 2890 ἔχειν,
667 2784 691 2887 ἡ
710 2789 747 2866 ε’ν
764 2785 895 2890 οἵαπέρ
913 2787 1014 2866 ε’στιν
1032 2782 1149 2870 αῦτός·
1180 2789 1213 2865 οῖ
1238 2783 1311 2888 γάρ
1334 2782 1427 2887 πρὸς
1440 2820 1475 2863 ιο

226 2910 379 3008 μίμησιν
397 2906 583 3011 γεγονότες
601 2909 699 3009 ἡμεῖς
716 2908 783 3009 τῆν
802 2911 932 2991 ἐκείνου
954 2910 1082 3015 ἔχομεν
1100 2911 1168 3015 ούχ
1191 2911 1285 2989 ούτω
1311 2907 1358 2988 τά
1383 2909 1430 3016 ἐξ

227 3035 361 3112 ἑαυτῶν
377 3033 591 3134 γεννώμενα,
602 3033 668 3113 ’ίσα
686 3031 724 3113 δὲ
741 3040 929 3117 παντελῶς
946 3031 1038 3114 κατά
1055 3066 1097 3135 γε
1115 3030 1180 3113 τὸν
1197 3035 1261 3132 τῆς
1279 3029 1429 3140 φύσεως

227 3155 354 3256 λόγον.

285 3308 386 3357 Αιιο.
429 3276 494 3379 Μὴ
537 3276 746 3384 σοφιζέσθω
788 3278 854 3380 τῆν
899 3277 1071 3379 ἀλήθειαν
1113 3280 1133 3358 ὁ
1173 3277 1337 3362 ποικίλος
1379 3282 1430 3361 είς

60 3431 102 3484 25
118 3429 156 3484 A.
198 3398 362 3503 αλόγους
388 3400 569 3503 αῖρετικῦς,
587 3401 674 3501 μηδὲ
692 3403 782 3483 Υίὸν
801 3405 993 3504 ὁμολογοῦν
1011 3402 1074 3482 τὸν
1092 3409 1156 3482 τοῦ
1175 3407 1272 3482 Θεοῦ
1291 3398 1428 3503 Λόγον,
1443 3429 1475 3489 25

228 3522 348 3631 φιλὴν
366 3526 461 3633 αύτῷ
480 3527 538 3604 καὶ
556 3523 623 3625 τῆν
641 3528 680 3605 ε’ν
697 3524 836 3630 ῥήμασι
854 3524 977 3627 μόνοις
1001 3525 1203 3631 χαριζὲίτθω
1228 3521 1345 3625 τιμὴν,
1364 3525 1430 3605 οῦκ

228 3644 316 3726 εἶναι
334 3646 451 3748 λε’γων
469 3645 577 3727 αὐτὸν
595 3651 634 3728 ἐκ
656 3653 720 3747 τῆς
743 3650 867 3732 οῦσίας
892 3654 956 3750 τῆς
981 3659 1045 3730 τοῦ
1066 3647 1221 3752 Πατρός.
1261 3655 1338 3733 πῶς
1355 3647 1430 3752 γὰρ

228 3772 324 3855 ὅλως
341 3770 439 3869 Υἱὸς,
458 3776 488 3851 εί
515 3769 565 3871 μὴ
593 3774 705 3857 οὕτως
728 3771 803 3878 ἔχοι
828 3772 920 3854 κατὰ
945 3771 1083 3880 φύσιας
1114 3771 1137 3874 ἡ
1162 3774 1281 3854 τοίνυν
1300 3771 1344 3853 τὸ
1365 3777 1431 3873 τῆς

229 3896 449 3999 ὑποκρίσεως
484 3893 708 3998 περιελόντες
744 3904 972 3998 προσωπεῖον
1004 3897 1312 4000 δυσφημείτωσαν
1343 3899 1431 3977 ἀνα-

229 4016 377 4125 φανδὸν,
405 4018 494 4118 μήτε
525 4016 621 4099 Θεῦν
648 4017 738 4119 μὴτε
765 4018 855 4099 Υῖάν
886 4021 1158 4121 ὁμολογοῦντες·
1206 4017 1229 4121 ἡ
1262 4019 1359 4122 είπερ
1392 4022 1431 4100 ε’κ
1448 4048 1475 4106 3<

228 4139 351 4242 πόσης
379 4140 609 4248 ἐλεγχόμενοι
636 4147 699 4242 τῆς
728 4143 822 4226 θείας
848 4147 1005 4252 γραφῆς,
1034 4145 1193 4226 καὶτοῖς
1220 4150 1293 4222 τῶν
1317 4143 1432 4245 ἁγίων

266 4317 291 4355 2.
310 4302 351 4355 διὰ
363 4305 439 4356 τοῦτο
449 4301 607 4370 πεποιῆσθαι
620 4301 674 4356 κατ’
687 4301 771 4356 εἰκόνα
783 4303 811 4357 δι’
823 4301 971 4372 κεκλημένοι
985 4302 1018 4356 Β.
1152 4320 1179 4370 4.
1216 4305 1333 4374 ιγονότες
1345 4302 1431 4377 αὐτῷ]

228 4370 296 4424 οὕτω
307 4374 442 4442 γεγονότες
455 4373 487 4426 Β.
610 4387 637 4442 5.
655 4372 739 4444 τούτῳ
753 4372 788 4426 D.
909 4390 952 4430 11.
968 4373 1048 4442 πατρί
1061 4373 1131 4428 DE.
1143 4394 1164 4427 π
1210 4395 1227 4442 ρ
1239 4373 1320 4428 habet
1334 4374 1360 4427 D
1373 4392 1400 4428 m
1423 4416 1431 4431 .

234 4457 274 4494 η.
292 4440 431 4531 ἀναγκάσει
443 4444 631 4566 πωμλοζῖν
642 4443 749 4499 inverso
760 4443 853 4499 ordine
865 4443 898 4500 B.
1030 4459 1072 4498 π.
1090 4443 1139 4516 οῦχ
1152 4443 1218 4500 οὕτω
1230 4445 1262 4499 τὰ
1274 4444 1304 4512 ἐξ
1316 4393 1429 4516 ίαυτῦῆ]

231 4511 262 4563 οῦ
273 4515 309 4584 τῷ
322 4533 388 4566 ουτω
399 4515 430 4566 τὰ
442 4512 472 4581 ἐξ
483 4513 562 4567 αύτοῦ
602 4553 609 4568 .
