3038 5018
71 299 180 384 vi.67.
240 299 297 365 IN
327 299 639 366 &JOANNEM
685 300 781 367 LIB.
804 301 864 368 IV.
910 301 1103 368 CARIII.
1206 302 1268 365 561

72 467 249 572 φείσεται.
292 467 385 548 ’ίστω
416 476 606 571 τοιγαροῦν
636 469 695 548 καὶ
726 467 951 549 παιδευέσθω
988 466 1047 549 διὰ
1079 466 1215 548 τούτων
1249 470 1269 545 ὁ

72 590 242 696 χωλεύων
260 591 306 699 ἐξ
321 592 441 676 ἀνοίας
465 593 547 695 περὶ
571 589 637 690 τὴν
653 592 789 704 πίστιν,
807 595 855 677 ὡς
879 597 909 671 εί
933 591 984 692 μὴ
1009 591 1180 687 βούλοιτο
1205 595 1269 690 τῆς

73 714 237 816 τοιαύτης
261 715 462 822 καταλῆξαι
486 712 606 813 νόσου,
628 720 800 810 βαδιεῖται
825 714 890 816 μὲν
914 721 962 800 εἷς
985 714 1032 796 τά
1057 715 1187 814 ὀπίσω,
1210 717 1269 795 καὶ

73 836 137 919 τὸν
155 838 421 942 καθηγούμενον
438 839 490 918 ε”τι
513 835 603 941 πρὸς
628 836 720 940 ζωὴν
737 837 877 918 αἰώνιον
895 841 958 919 οὐκ
983 838 1075 944 ἔχων
1097 836 1265 943 κατοιχη·

41 983 176 1045 ὕσεται
193 960 259 1061 μὲν
273 967 321 1046 εἰς
339 959 427 1067 ᾅδου
446 959 612 1063 στυγνὸς,
623 961 812 1068 ἀνοιμώξει
831 960 869 1042 δὲ
886 959 952 1062 τὴν
967 963 1093 1042 ἑαυτοῦ
1111 967 1299 1058 δυσβου-ιι
1319 983 1436 1041 383Δ.

74 1087 169 1166 λίαν·
201 1086 337 1165 “Ἐκεῖ
355 1083 426 1187 γὰρ
447 1083 561 1184 ἔσται,
580 1087 706 1190 φησὶν,
725 1086 746 1165 ὁ
771 1084 955 1185 κλαυθμὸς
977 1088 1035 1166 καὶ
1061 1087 1081 1164 ὁ
1105 1085 1268 1189 βρυγμὸς
1313 1110 1438 1189 εἵμασι.

74 1219 97 1258 “
114 1217 187 1290 τῶν
205 1208 396 1290 ὀδόντων.”
425 1207 516 1294 εἰκὸς
541 1208 579 1288 δὲ
603 1207 647 1308 δὴ
670 1208 784 1290 πάλιν
803 1212 862 1290 καὶ
886 1210 1005 1313 ἕτερον
1022 1211 1107 1310 ἡμῖν
1126 1213 1265 1310 ῦποση-
1315 1193 1366 1226 vm.
1382 1188 1418 1225 η

73 1334 262 1431 μαίνεσθαι
293 1332 475 1438 χρήσιμον
501 1329 560 1412 διὰ
593 1339 657 1412 τοῦ
689 1330 809 1434 λε’γειν
834 1339 909 1417 τοῖς
941 1334 1066 1414 ἑαυτοῦ
1095 1339 1271 1435 μαθηταῖς

73 1455 138 1536 τὸν
154 1459 299 1556 Ἰησοῦν
319 1454 376 1550 Mi
397 1465 456 1537 καὶ
477 1459 572 1561 ὑμεῖς
591 1454 699 1536 θίλετε
717 1455 886 1559 ὑπιίγειις
914 1455 973 1537 ἵνα
998 1455 1069 1561 γὰρ
1093 1455 1143 1558 μὴ
1166 1458 1266 1557 νομί·

24 1610 63 1652 10
76 1581 190 1684 ζοιντο
213 1583 272 1659 καὶ
296 1581 395 1660 αὐτοὶ
421 1585 498 1664 ταῖς
515 1577 723 1664 Ἰουδαϊκοῖς
748 1581 915 1678 ἀμαθίαις
939 1581 1269 1687 συναποφέρεσθαι,

75 1706 133 1784 καὶ
152 1703 502 1806 συγκατολισθάνειν
520 1709 593 1787 τοῖς
612 1701 865 1803 ἀπειθήσασιν,
883 1700 906 1803 ἢ
930 1706 987 1784 καὶ
1013 1703 1138 1789 ἄλλως
1156 1739 1265 1785 κατα·

74 1831 211 1928 βοῆσαι
241 1829 317 1927 μετ’
351 1825 492 1907 ἐκείνων
521 1827 640 1924 αὐτοῦ,
671 1829 721 1910 ὡς
749 1824 897 1931 σκληρὰ
929 1826 994 1927 μὲν
1026 1827 1268 1919 διδάσκοντος,

75 1951 234 2032 ἀδύνατα
265 1948 303 2030 δὲ
334 1957 587 2054 μυσταγωγεῖν
613 1952 871 2055 ἐπιχειροῦντος
898 1949 982 2036 τοῦς
1008 1950 1304 2054 ἀκροωριεῦους,υ

75 2073 290 2157 ἐπυνθάνετο
313 2075 502 2180 χρησίμως
526 2079 556 2153 εὶ
580 2073 733 2175 θελητὸν
751 2075 869 2158 αὐτοῖς
892 2073 945 2173 εἴη
969 2072 1011 2154 τὸ
1037 2074 1112 2173 μετ’
1131 2073 1272 2154 ἐκείνων

25 2221 62 2283 ¹5
76 2201 288 2306 ἀποφοιτάν,
302 2198 360 2278 ἵνα
377 2197 436 2277 διὰ
454 2195 582 2277 τούτου
600 2197 739 2303 καλέσῃ
756 2194 848 2301 πρὸς
866 2199 1065 2301 ὁμολογίαν
1082 2200 1146 2296 τῆς
1164 2198 1272 2299 ὀρθῆς

76 2326 134 2403 καὶ
152 2318 331 2425 ἀκηράτου
348 2322 515 2421 πίστεως,
532 2319 553 2401 ὃ
570 2323 614 2422 δὴ
631 2323 689 2401 καὶ
707 2319 863 2424 γε’γονεν.

113 2565 138 2624 7.
157 2551 188 2621 δὴ
200 2569 255 2608 om.
269 2550 303 2605 B.
406 2568 446 2605 11.
464 2550 714 2621 σνγκατολισθάνειν
727 2549 760 2605 Β.
774 2549 1033 2621 συγκατολισθαίνειν
1046 2549 1097 2605 Ed.
1145 2549 1160 2619 λ
1173 2568 1227 2606 om.
1242 2549 1274 2606 Β.

80 2622 121 2679 16.
140 2623 268 2693 ἀκηράτου
280 2621 313 2677 Β.
328 2620 410 2677 cord.
422 2620 614 2693 ἇκατηγορὴτου
628 2620 679 2676 Ed.
