<?xml version="1.0" encoding="UTF-8"?>
<!DOCTYPE html PUBLIC "-//W3C//DTD XHTML 1.0 Transitional//EN"
    "http://www.w3.org/TR/xhtml1/DTD/xhtml1-transitional.dtd">
<html xmlns="http://www.w3.org/1999/xhtml" xml:lang="en" lang="en">
 <head>
  <title>
</title>
<meta http-equiv="Content-Type" content="text/html;charset=utf-8" />
  <meta name='ocr-system' content='tesseract 3.04.00' />
  <meta name='ocr-capabilities' content='ocr_page ocr_carea ocr_par ocr_line ocrx_word'/>
</head>
<body>
  <div class='ocr_page' id='page_1' title='image "./sanctipatrisnos00pusegoog_0100.png"; bbox 0 0 3038 5018; ppageno 0'>
   <div class='ocr_carea' id='block_1_1' title="bbox 91 292 1293 400">
    <p class='ocr_par' dir='ltr' id='par_1_1' title="bbox 91 292 1293 400">
     <span class='ocr_line' id='line_1_1' title="bbox 91 292 1293 400; baseline 0.003 -34"><span class='ocrx_word' id='word_1_1' title='bbox 91 301 115 368; x_wconf 89' lang='lat' dir='ltr'>i.</span> <span class='ocrx_word' id='word_1_2' title='bbox 131 316 163 388; x_wconf 86' lang='lat'>5·</span> <span class='ocrx_word' id='word_1_3' title='bbox 269 303 327 370; x_wconf 86' lang='lat' dir='ltr'>IN</span> <span class='ocrx_word' id='word_1_4' title='bbox 357 306 391 370; x_wconf 80' lang='lat' dir='ltr'>s,</span> <span class='ocrx_word' id='word_1_5' title='bbox 414 292 670 372; x_wconf 77' lang='lat' dir='ltr'><strong>JOANNEM.</strong></span> <span class='ocrx_word' id='word_1_6' title='bbox 715 307 811 373; x_wconf 73' lang='grc' dir='ltr'>κιο.</span> <span class='ocrx_word' id='word_1_7' title='bbox 835 307 862 371; x_wconf 89' lang='lat'>1.</span> <span class='ocrx_word' id='word_1_8' title='bbox 896 306 1010 400; x_wconf 66' lang='grc' dir='ltr'>οπο.</span> <span class='ocrx_word' id='word_1_9' title='bbox 1034 305 1115 370; x_wconf 83' lang='lat' dir='ltr'>vn.</span> <span class='ocrx_word' id='word_1_10' title='bbox 1250 305 1293 370; x_wconf 80' lang='grc' dir='ltr'>οι</span> 
     </span>
    </p>
   </div>
   <div class='ocr_carea' id='block_1_2' title="bbox 45 463 1456 4151">
    <p class='ocr_par' dir='ltr' id='par_1_2' title="bbox 45 463 1456 4151">
     <span class='ocr_line' id='line_1_2' title="bbox 92 463 1294 574; baseline 0 -27"><span class='ocrx_word' id='word_1_11' title='bbox 92 463 251 572; x_wconf 83' lang='grc' dir='ltr'>ἐνόμιζεν</span> <span class='ocrx_word' id='word_1_12' title='bbox 282 473 332 554; x_wconf 88' lang='grc' dir='ltr'>είς</span> <span class='ocrx_word' id='word_1_13' title='bbox 367 467 410 552; x_wconf 82' lang='grc' dir='ltr'>τό</span> <span class='ocrx_word' id='word_1_14' title='bbox 442 471 619 552; x_wconf 82' lang='grc' dir='ltr'>δύνασθαι</span> <span class='ocrx_word' id='word_1_15' title='bbox 657 476 749 551; x_wconf 91' lang='grc' dir='ltr'>νοεῖν</span> <span class='ocrx_word' id='word_1_16' title='bbox 781 474 954 555; x_wconf 75' lang='grc' dir='ltr'>ἀπλανῶς</span> <span class='ocrx_word' id='word_1_17' title='bbox 985 472 1066 574; x_wconf 83' lang='grc' dir='ltr'>περὶ</span> <span class='ocrx_word' id='word_1_18' title='bbox 1102 477 1167 549; x_wconf 85' lang='grc' dir='ltr'>τοῦ</span> <span class='ocrx_word' id='word_1_19' title='bbox 1198 473 1294 548; x_wconf 84' lang='grc' dir='ltr'>θεοῦ</span> 
     </span>
     <span class='ocr_line' id='line_1_3' title="bbox 94 589 1290 702; baseline 0.003 -30"><span class='ocrx_word' id='word_1_20' title='bbox 94 589 231 695; x_wconf 89' lang='grc' dir='ltr'>Λόγου,</span> <span class='ocrx_word' id='word_1_21' title='bbox 258 591 383 698; x_wconf 79' lang='grc' dir='ltr'>ὅτιπερ</span> <span class='ocrx_word' id='word_1_22' title='bbox 414 593 526 679; x_wconf 80' lang='grc' dir='ltr'>ὅντως</span> <span class='ocrx_word' id='word_1_23' title='bbox 558 597 637 674; x_wconf 77' lang='grc' dir='ltr'>ἐστὶ</span> <span class='ocrx_word' id='word_1_24' title='bbox 663 593 706 675; x_wconf 81' lang='grc' dir='ltr'>τδ</span> <span class='ocrx_word' id='word_1_25' title='bbox 735 600 814 702; x_wconf 84' lang='grc' dir='ltr'>φῶς</span> <span class='ocrx_word' id='word_1_26' title='bbox 840 601 914 675; x_wconf 86' lang='grc' dir='ltr'>τῶν</span> <span class='ocrx_word' id='word_1_27' title='bbox 940 591 1141 697; x_wconf 81' lang='grc' dir='ltr'>ἀνθρώπων</span> <span class='ocrx_word' id='word_1_28' title='bbox 1168 589 1290 691; x_wconf 79' lang='grc' dir='ltr'>αι’σδς,</span> 
     </span>
     <span class='ocr_line' id='line_1_4' title="bbox 94 712 1425 842; baseline -0.001 -46"><span class='ocrx_word' id='word_1_29' title='bbox 94 712 155 795; x_wconf 84' lang='grc' dir='ltr'>διά</span> <span class='ocrx_word' id='word_1_30' title='bbox 185 725 250 798; x_wconf 80' lang='grc' dir='ltr'>τοῦ</span> <span class='ocrx_word' id='word_1_31' title='bbox 282 715 395 825; x_wconf 84' lang='grc' dir='ltr'>φόναι</span> <span class='ocrx_word' id='word_1_32' title='bbox 422 717 534 819; x_wconf 89' lang='grc' dir='ltr'>μόνον</span> <span class='ocrx_word' id='word_1_33' title='bbox 563 729 585 767; x_wconf 90' lang='grc'><strong>“</strong></span> <span class='ocrx_word' id='word_1_34' title='bbox 605 721 678 799; x_wconf 81' lang='grc' dir='ltr'>Καὶ</span> <span class='ocrx_word' id='word_1_35' title='bbox 711 717 733 817; x_wconf 85' lang='grc' dir='ltr'><strong><em>ἡ</em></strong></span> <span class='ocrx_word' id='word_1_36' title='bbox 766 716 835 820; x_wconf 83' lang='grc' dir='ltr'>ζωὴ</span> <span class='ocrx_word' id='word_1_37' title='bbox 868 716 914 818; x_wconf 83' lang='grc' dir='ltr'>ἧν</span> <span class='ocrx_word' id='word_1_38' title='bbox 942 717 984 798; x_wconf 81' lang='grc' dir='ltr'>τὸ</span> <span class='ocrx_word' id='word_1_39' title='bbox 1014 723 1093 825; x_wconf 86' lang='grc' dir='ltr'>φῶς</span> <span class='ocrx_word' id='word_1_40' title='bbox 1122 722 1194 797; x_wconf 80' lang='grc' dir='ltr'>τῶν</span> <span class='ocrx_word' id='word_1_41' title='bbox 1223 719 1289 795; x_wconf 89' lang='grc' dir='ltr'>ἀν·</span> <span class='ocrx_word' id='word_1_42' title='bbox 1336 713 1425 842; x_wconf 48' lang='lat'>{252</span> 
     </span>
     <span class='ocr_line' id='line_1_5' title="bbox 95 838 1293 948; baseline 0.005 -28"><span class='ocrx_word' id='word_1_43' title='bbox 95 848 119 887; x_wconf 89' lang='lat'>“</span> <span class='ocrx_word' id='word_1_44' title='bbox 136 839 327 944; x_wconf 72' lang='lat' dir='ltr'>Opo&#39;mcov·”</span> <span class='ocrx_word' id='word_1_45' title='bbox 369 840 414 943; x_wconf 84' lang='grc' dir='ltr'>ἦν</span> <span class='ocrx_word' id='word_1_46' title='bbox 439 839 512 946; x_wconf 88' lang='grc' dir='ltr'>γάρ</span> <span class='ocrx_word' id='word_1_47' title='bbox 539 840 584 942; x_wconf 75' lang='grc' dir='ltr'>δὴ</span> <span class='ocrx_word' id='word_1_48' title='bbox 616 845 675 922; x_wconf 80' lang='grc' dir='ltr'>καὶ</span> <span class='ocrx_word' id='word_1_49' title='bbox 708 838 810 941; x_wconf 80' lang='grc' dir='ltr'>εἰκός,</span> <span class='ocrx_word' id='word_1_50' title='bbox 837 839 1167 948; x_wconf 80' lang='grc' dir='ltr'>ἀναδειχθῆσεσθαί</span> <span class='ocrx_word' id='word_1_51' title='bbox 1195 875 1293 926; x_wconf 90' lang='grc' dir='ltr'>τινας</span> 
     </span>
     <span class='ocr_line' id='line_1_6' title="bbox 61 965 1290 1068; baseline 0.001 -25"><span class='ocrx_word' id='word_1_52' title='bbox 61 965 356 1059; x_wconf 83' lang='grc' dir='ltr'>5ἀβασανίστως</span> <span class='ocrx_word' id='word_1_53' title='bbox 373 973 446 1045; x_wconf 82' lang='grc' dir='ltr'>τῶν</span> <span class='ocrx_word' id='word_1_54' title='bbox 464 965 700 1065; x_wconf 75' lang='grc' dir='ltr'>λαλουμένων</span> <span class='ocrx_word' id='word_1_55' title='bbox 718 965 923 1051; x_wconf 80' lang='grc' dir='ltr'>ἀκούοντας·</span> <span class='ocrx_word' id='word_1_56' title='bbox 954 969 1012 1046; x_wconf 84' lang='grc' dir='ltr'>καὶ</span> <span class='ocrx_word' id='word_1_57' title='bbox 1031 965 1075 1066; x_wconf 87' lang='grc' dir='ltr'>δὴ</span> <span class='ocrx_word' id='word_1_58' title='bbox 1094 968 1153 1045; x_wconf 80' lang='grc' dir='ltr'>καὶ</span> <span class='ocrx_word' id='word_1_59' title='bbox 1173 998 1290 1068; x_wconf 88' lang='grc' dir='ltr'>πρεσ·</span> 
     </span>
     <span class='ocr_line' id='line_1_7' title="bbox 93 1085 1292 1195; baseline 0 -29"><span class='ocrx_word' id='word_1_60' title='bbox 93 1085 254 1188; x_wconf 80' lang='grc' dir='ltr'>βειίεινῆ</span> <span class='ocrx_word' id='word_1_61' title='bbox 279 1091 338 1168; x_wconf 82' lang='grc' dir='ltr'>καὶ</span> <span class='ocrx_word' id='word_1_62' title='bbox 362 1087 499 1193; x_wconf 86' lang='grc' dir='ltr'>ἐτέρους</span> <span class='ocrx_word' id='word_1_63' title='bbox 523 1087 706 1171; x_wconf 78' lang='grc' dir='ltr'>διδάσκειν</span> <span class='ocrx_word' id='word_1_64' title='bbox 724 1091 919 1195; x_wconf 80' lang='grc' dir='ltr'>ἐπιχειρεῖν,</span> <span class='ocrx_word' id='word_1_65' title='bbox 938 1088 992 1168; x_wconf 81' lang='grc' dir='ltr'>ὅτι</span> <span class='ocrx_word' id='word_1_66' title='bbox 1011 1093 1091 1195; x_wconf 85' lang='grc' dir='ltr'>φῶς</span> <span class='ocrx_word' id='word_1_67' title='bbox 1108 1087 1174 1187; x_wconf 72' lang='grc' dir='ltr'>μέν</span> <span class='ocrx_word' id='word_1_68' title='bbox 1192 1090 1292 1167; x_wconf 92' lang='grc' dir='ltr'>ἐστιν</span> 
     </span>
     <span class='ocr_line' id='line_1_8' title="bbox 94 1206 1290 1319; baseline 0.004 -31"><span class='ocrx_word' id='word_1_69' title='bbox 94 1206 208 1295; x_wconf 86' lang='grc' dir='ltr'>ὅντως</span> <span class='ocrx_word' id='word_1_70' title='bbox 235 1212 256 1290; x_wconf 86' lang='grc' dir='ltr'>ὁ</span> <span class='ocrx_word' id='word_1_71' title='bbox 282 1220 347 1292; x_wconf 84' lang='grc' dir='ltr'>τοῦ</span> <span class='ocrx_word' id='word_1_72' title='bbox 375 1217 471 1293; x_wconf 87' lang='grc' dir='ltr'>θεοῦ</span> <span class='ocrx_word' id='word_1_73' title='bbox 499 1211 631 1315; x_wconf 90' lang='grc' dir='ltr'>Λόγος,</span> <span class='ocrx_word' id='word_1_74' title='bbox 658 1211 759 1313; x_wconf 76' lang='grc' dir='ltr'>πλὴν</span> <span class='ocrx_word' id='word_1_75' title='bbox 785 1214 827 1292; x_wconf 81' lang='grc' dir='ltr'>οὐ</span> <span class='ocrx_word' id='word_1_76' title='bbox 853 1219 947 1293; x_wconf 82' lang='grc' dir='ltr'>πᾶσι</span> <span class='ocrx_word' id='word_1_77' title='bbox 975 1211 1097 1319; x_wconf 81' lang='grc' dir='ltr'>φωτὸς</span> <span class='ocrx_word' id='word_1_78' title='bbox 1124 1207 1290 1315; x_wconf 79' lang='grc' dir='ltr'>χορηγός,</span> 
     </span>
     <span class='ocr_line' id='line_1_9' title="bbox 93 1332 1290 1441; baseline 0.004 -28"><span class='ocrx_word' id='word_1_79' title='bbox 93 1333 180 1413; x_wconf 83' lang='grc' dir='ltr'>ἀλλ’</span> <span class='ocrx_word' id='word_1_80' title='bbox 206 1332 261 1420; x_wconf 79' lang='grc' dir='ltr'>οἷς</span> <span class='ocrx_word' id='word_1_81' title='bbox 287 1332 333 1414; x_wconf 84' lang='grc' dir='ltr'>ἀν</span> <span class='ocrx_word' id='word_1_82' title='bbox 354 1335 460 1420; x_wconf 78' lang='grc' dir='ltr'>αὐτὸς</span> <span class='ocrx_word' id='word_1_83' title='bbox 487 1335 663 1436; x_wconf 82' lang='grc' dir='ltr'>βούληται</span> <span class='ocrx_word' id='word_1_84' title='bbox 690 1334 733 1416; x_wconf 83' lang='grc' dir='ltr'>τὸ</span> <span class='ocrx_word' id='word_1_85' title='bbox 760 1340 823 1436; x_wconf 77' lang='grc' dir='ltr'>τῆς</span> <span class='ocrx_word' id='word_1_86' title='bbox 850 1334 1031 1420; x_wconf 87' lang='grc' dir='ltr'>συνέσεως</span> <span class='ocrx_word' id='word_1_87' title='bbox 1058 1335 1173 1436; x_wconf 90' lang='grc' dir='ltr'>ἐνίησι</span> <span class='ocrx_word' id='word_1_88' title='bbox 1200 1339 1290 1441; x_wconf 80' lang='grc' dir='ltr'>φῶς,</span> 
     </span>
     <span class='ocr_line' id='line_1_10' title="bbox 94 1455 1325 1567; baseline 0.004 -30"><span class='ocrx_word' id='word_1_89' title='bbox 94 1455 294 1562; x_wconf 75' lang='grc' dir='ltr'>δοκιμάζων</span> <span class='ocrx_word' id='word_1_90' title='bbox 325 1458 389 1538; x_wconf 83' lang='grc' dir='ltr'>τὸν</span> <span class='ocrx_word' id='word_1_91' title='bbox 422 1461 617 1567; x_wconf 85' lang='grc' dir='ltr'>ὀφείλοντα</span> <span class='ocrx_word' id='word_1_92' title='bbox 649 1467 779 1554; x_wconf 84' lang='grc' dir='ltr'>λαβεῖν</span> <span class='ocrx_word' id='word_1_93' title='bbox 809 1463 868 1540; x_wconf 83' lang='grc' dir='ltr'>καὶ</span> <span class='ocrx_word' id='word_1_94' title='bbox 899 1464 963 1560; x_wconf 77' lang='grc' dir='ltr'>τῆς</span> <span class='ocrx_word' id='word_1_95' title='bbox 997 1460 1089 1540; x_wconf 80' lang='grc' dir='ltr'>οὕτω</span> <span class='ocrx_word' id='word_1_96' title='bbox 1119 1465 1325 1562; x_wconf 76' lang='grc' dir='ltr'>λαμπρᾶςᾶ</span> 
     </span>
     <span class='ocr_line' id='line_1_11' title="bbox 45 1579 1291 1688; baseline 0.002 -26"><span class='ocrx_word' id='word_1_97' title='bbox 45 1612 82 1654; x_wconf 86' lang='lat'>10</span> <span class='ocrx_word' id='word_1_98' title='bbox 94 1579 198 1688; x_wconf 79' lang='grc' dir='ltr'>ἀξιον</span> <span class='ocrx_word' id='word_1_99' title='bbox 215 1580 302 1663; x_wconf 84' lang='grc' dir='ltr'>ὄντα</span> <span class='ocrx_word' id='word_1_100' title='bbox 320 1587 465 1687; x_wconf 82' lang='grc' dir='ltr'>δωρεᾶς·</span> <span class='ocrx_word' id='word_1_101' title='bbox 496 1584 519 1683; x_wconf 85' lang='grc' dir='ltr'><em>ἡ</em></span> <span class='ocrx_word' id='word_1_102' title='bbox 545 1583 588 1664; x_wconf 86' lang='grc' dir='ltr'>δέ</span> <span class='ocrx_word' id='word_1_103' title='bbox 606 1616 649 1686; x_wconf 91' lang='grc' dir='ltr'>γε</span> <span class='ocrx_word' id='word_1_104' title='bbox 674 1589 747 1664; x_wconf 89' lang='grc' dir='ltr'>τῶν</span> <span class='ocrx_word' id='word_1_105' title='bbox 765 1583 892 1664; x_wconf 83' lang='grc' dir='ltr'>ἀλλων</span> <span class='ocrx_word' id='word_1_106' title='bbox 909 1590 1067 1687; x_wconf 81' lang='grc' dir='ltr'>λογικῶν</span> <span class='ocrx_word' id='word_1_107' title='bbox 1084 1581 1291 1683; x_wconf 76' lang='grc' dir='ltr'>κτισμάτων</span> 
     </span>
     <span class='ocr_line' id='line_1_12' title="bbox 94 1703 1292 1816; baseline 0.001 -31"><span class='ocrx_word' id='word_1_108' title='bbox 94 1703 218 1811; x_wconf 85' lang='grc' dir='ltr'>φόσις,</span> <span class='ocrx_word' id='word_1_109' title='bbox 235 1704 259 1807; x_wconf 84' lang='grc' dir='ltr'>ἢ</span> <span class='ocrx_word' id='word_1_110' title='bbox 280 1706 324 1813; x_wconf 83' lang='grc' dir='ltr'>ἐξ</span> <span class='ocrx_word' id='word_1_111' title='bbox 338 1706 476 1787; x_wconf 78' lang='grc' dir='ltr'>οἰκείων</span> <span class='ocrx_word' id='word_1_112' title='bbox 493 1706 618 1811; x_wconf 85' lang='grc' dir='ltr'>ιόσπερ</span> <span class='ocrx_word' id='word_1_113' title='bbox 635 1707 865 1812; x_wconf 83' lang='grc' dir='ltr'>σπερμάτων,</span> <span class='ocrx_word' id='word_1_114' title='bbox 884 1706 950 1808; x_wconf 81' lang='grc' dir='ltr'>τὴν</span> <span class='ocrx_word' id='word_1_115' title='bbox 966 1710 1023 1788; x_wconf 85' lang='grc' dir='ltr'>ἐπὶ</span> <span class='ocrx_word' id='word_1_116' title='bbox 1040 1713 1092 1816; x_wconf 79' lang='grc' dir='ltr'>τῷ</span> <span class='ocrx_word' id='word_1_117' title='bbox 1114 1705 1292 1788; x_wconf 81' lang='grc' dir='ltr'>δυ’νασθαι</span> 
     </span>
     <span class='ocr_line' id='line_1_13' title="bbox 94 1829 1291 1936; baseline 0.001 -28"><span class='ocrx_word' id='word_1_118' title='bbox 94 1831 241 1934; x_wconf 83' lang='grc' dir='ltr'>φρονεῖν</span> <span class='ocrx_word' id='word_1_119' title='bbox 277 1831 468 1935; x_wconf 74' lang='grc' dir='ltr'>ἐρανίζεται</span> <span class='ocrx_word' id='word_1_120' title='bbox 505 1830 665 1930; x_wconf 82' lang='grc' dir='ltr'>δύναμιν,</span> <span class='ocrx_word' id='word_1_121' title='bbox 701 1829 725 1932; x_wconf 83' lang='grc' dir='ltr'>ἢ</span> <span class='ocrx_word' id='word_1_122' title='bbox 765 1830 945 1930; x_wconf 78' lang='grc' dir='ltr'>ἐντίθησιν</span> <span class='ocrx_word' id='word_1_123' title='bbox 982 1832 1071 1936; x_wconf 79' lang='grc' dir='ltr'>αὐτῇ</span> <span class='ocrx_word' id='word_1_124' title='bbox 1112 1837 1195 1910; x_wconf 81' lang='grc' dir='ltr'>νοῦν</span> <span class='ocrx_word' id='word_1_125' title='bbox 1232 1831 1291 1909; x_wconf 83' lang='grc' dir='ltr'>καὶ</span> 
     </span>
     <span class='ocr_line' id='line_1_14' title="bbox 93 1948 1291 2065; baseline 0.002 -35"><span class='ocrx_word' id='word_1_126' title='bbox 93 1948 245 2031; x_wconf 72' lang='grc' dir='ltr'>σύνεσιν</span> <span class='ocrx_word' id='word_1_127' title='bbox 263 1954 284 2032; x_wconf 87' lang='grc' dir='ltr'>ὁ</span> <span class='ocrx_word' id='word_1_128' title='bbox 302 1951 396 2039; x_wconf 83' lang='grc' dir='ltr'>Θεδς</span> <span class='ocrx_word' id='word_1_129' title='bbox 421 1956 479 2034; x_wconf 79' lang='grc' dir='ltr'>καὶ</span> <span class='ocrx_word' id='word_1_130' title='bbox 499 1952 640 2057; x_wconf 82' lang='grc' dir='ltr'>Πατὴρ,</span> <span class='ocrx_word' id='word_1_131' title='bbox 658 1957 706 2065; x_wconf 77' lang='grc' dir='ltr'>ᾡς</span> <span class='ocrx_word' id='word_1_132' title='bbox 729 1955 793 2033; x_wconf 83' lang='grc' dir='ltr'>οὐκ</span> <span class='ocrx_word' id='word_1_133' title='bbox 817 1953 1048 2060; x_wconf 84' lang='grc' dir='ltr'>ἐξισχιίοντος</span> <span class='ocrx_word' id='word_1_134' title='bbox 1072 1961 1177 2033; x_wconf 81' lang='grc' dir='ltr'>τοῦτο</span> <span class='ocrx_word' id='word_1_135' title='bbox 1202 1956 1291 2056; x_wconf 81' lang='grc' dir='ltr'>δρᾶν</span> 
     </span>
     <span class='ocr_line' id='line_1_15' title="bbox 93 2074 1287 2185; baseline 0.005 -32"><span class='ocrx_word' id='word_1_136' title='bbox 93 2082 159 2153; x_wconf 81' lang='grc' dir='ltr'>τοῦ</span> <span class='ocrx_word' id='word_1_137' title='bbox 177 2077 279 2157; x_wconf 81' lang='grc' dir='ltr'>Υίοιῖ.</span> <span class='ocrx_word' id='word_1_138' title='bbox 318 2076 376 2156; x_wconf 82' lang='grc' dir='ltr'>ἵνα</span> <span class='ocrx_word' id='word_1_139' title='bbox 393 2078 513 2157; x_wconf 86' lang='grc' dir='ltr'>τοίνυν</span> <span class='ocrx_word' id='word_1_140' title='bbox 532 2077 701 2182; x_wconf 89' lang='grc' dir='ltr'>φαίνηται</span> <span class='ocrx_word' id='word_1_141' title='bbox 719 2083 851 2185; x_wconf 82' lang='grc' dir='ltr'>σαφῶς</span> <span class='ocrx_word' id='word_1_142' title='bbox 869 2074 976 2160; x_wconf 82' lang='grc' dir='ltr'>αὐτὸς</span> <span class='ocrx_word' id='word_1_143' title='bbox 999 2077 1019 2155; x_wconf 85' lang='grc' dir='ltr'>ὁ</span> <span class='ocrx_word' id='word_1_144' title='bbox 1039 2074 1133 2160; x_wconf 83' lang='grc' dir='ltr'>Θεὸς</span> <span class='ocrx_word' id='word_1_145' title='bbox 1152 2075 1287 2177; x_wconf 85' lang='grc' dir='ltr'>Λόγος,</span> 
     </span>
     <span class='ocr_line' id='line_1_16' title="bbox 45 2192 1288 2307; baseline -0.005 -24"><span class='ocrx_word' id='word_1_146' title='bbox 45 2192 134 2283; x_wconf 73' lang='grc' dir='ltr'>ῑεδς</span> <span class='ocrx_word' id='word_1_147' title='bbox 150 2193 197 2296; x_wconf 78' lang='grc' dir='ltr'>ἦν</span> <span class='ocrx_word' id='word_1_148' title='bbox 214 2199 252 2278; x_wconf 94' lang='grc' dir='ltr'>ἐν</span> <span class='ocrx_word' id='word_1_149' title='bbox 270 2203 354 2307; x_wconf 78' lang='grc' dir='ltr'>θεῷ</span> <span class='ocrx_word' id='word_1_150' title='bbox 378 2202 436 2279; x_wconf 79' lang='grc' dir='ltr'>καὶ</span> <span class='ocrx_word' id='word_1_151' title='bbox 455 2202 585 2302; x_wconf 80' lang='grc' dir='ltr'>Πατρὶ,</span> <span class='ocrx_word' id='word_1_152' title='bbox 604 2203 661 2279; x_wconf 74' lang='grc' dir='ltr'>καὶ</span> <span class='ocrx_word' id='word_1_153' title='bbox 685 2196 756 2303; x_wconf 85' lang='grc' dir='ltr'>ζωὴ</span> <span class='ocrx_word' id='word_1_154' title='bbox 780 2201 839 2279; x_wconf 84' lang='grc' dir='ltr'>καὶ</span> <span class='ocrx_word' id='word_1_155' title='bbox 863 2203 953 2305; x_wconf 82' lang='grc' dir='ltr'>φῶς,</span> <span class='ocrx_word' id='word_1_156' title='bbox 972 2199 1014 2278; x_wconf 81' lang='grc' dir='ltr'>οὐ</span> <span class='ocrx_word' id='word_1_157' title='bbox 1031 2204 1137 2277; x_wconf 85' lang='grc' dir='ltr'>τινῶν</span> <span class='ocrx_word' id='word_1_158' title='bbox 1153 2197 1220 2297; x_wconf 77' lang='grc' dir='ltr'>μὲν</span> <span class='ocrx_word' id='word_1_159' title='bbox 1237 2197 1288 2277; x_wconf 81' lang='grc' dir='ltr'>ὧν</span> 
     </span>
     <span class='ocr_line' id='line_1_17' title="bbox 93 2318 1289 2426; baseline 0.004 -26"><span class='ocrx_word' id='word_1_160' title='bbox 93 2318 164 2401; x_wconf 84' lang='grc' dir='ltr'>ἀνά</span> <span class='ocrx_word' id='word_1_161' title='bbox 194 2321 312 2426; x_wconf 82' lang='grc' dir='ltr'>με’ρας,</span> <span class='ocrx_word' id='word_1_162' title='bbox 343 2321 471 2426; x_wconf 80' lang='grc' dir='ltr'>ἐτέρων</span> <span class='ocrx_word' id='word_1_163' title='bbox 503 2321 542 2404; x_wconf 91' lang='grc' dir='ltr'>δέ</span> <span class='ocrx_word' id='word_1_164' title='bbox 574 2321 699 2422; x_wconf 81' lang='grc' dir='ltr'>οὐκέτι,</span> <span class='ocrx_word' id='word_1_165' title='bbox 729 2320 831 2402; x_wconf 85' lang='grc' dir='ltr'>ἀλλά</span> <span class='ocrx_word' id='word_1_166' title='bbox 862 2323 954 2402; x_wconf 88' lang='grc' dir='ltr'>κατά</span> <span class='ocrx_word' id='word_1_167' title='bbox 986 2356 1066 2402; x_wconf 92' lang='grc' dir='ltr'>τινα</span> <span class='ocrx_word' id='word_1_168' title='bbox 1097 2323 1289 2421; x_wconf 82' lang='grc' dir='ltr'>μετουσίας</span> 
     </span>
     <span class='ocr_line' id='line_1_18' title="bbox 95 2442 1318 2553; baseline -0.001 -28"><span class='ocrx_word' id='word_1_169' title='bbox 95 2442 250 2548; x_wconf 78' lang='grc' dir='ltr'>ἅρῤητον</span> <span class='ocrx_word' id='word_1_170' title='bbox 266 2442 413 2549; x_wconf 89' lang='grc' dir='ltr'>τρόπον,</span> <span class='ocrx_word' id='word_1_171' title='bbox 431 2449 480 2530; x_wconf 84' lang='grc' dir='ltr'>ὡς</span> <span class='ocrx_word' id='word_1_172' title='bbox 504 2446 621 2553; x_wconf 84' lang='grc' dir='ltr'>σοφία</span> <span class='ocrx_word' id='word_1_173' title='bbox 645 2448 704 2526; x_wconf 83' lang='grc' dir='ltr'>καὶ</span> <span class='ocrx_word' id='word_1_174' title='bbox 727 2447 885 2531; x_wconf 83' lang='grc' dir='ltr'>σύνεσις·</span> <span class='ocrx_word' id='word_1_175' title='bbox 917 2445 1005 2549; x_wconf 78' lang='grc' dir='ltr'>ὅπερ</span> <span class='ocrx_word' id='word_1_176' title='bbox 1029 2447 1130 2525; x_wconf 76' lang='grc' dir='ltr'>ἐστὶν</span> <span class='ocrx_word' id='word_1_177' title='bbox 1154 2446 1193 2525; x_wconf 89' lang='grc' dir='ltr'>ἐν</span> <span class='ocrx_word' id='word_1_178' title='bbox 1216 2452 1318 2529; x_wconf 86' lang='grc' dir='ltr'>τοῖςο</span> 
     </span>
     <span class='ocr_line' id='line_1_19' title="bbox 94 2567 1286 2675; baseline 0.003 -30"><span class='ocrx_word' id='word_1_179' title='bbox 94 2575 256 2667; x_wconf 83' lang='grc' dir='ltr'>λογικοῖς</span> <span class='ocrx_word' id='word_1_180' title='bbox 277 2569 319 2649; x_wconf 85' lang='grc' dir='ltr'>τὸ</span> <span class='ocrx_word' id='word_1_181' title='bbox 344 2567 565 2668; x_wconf 81' lang='grc' dir='ltr'>καλούμενον</span> <span class='ocrx_word' id='word_1_182' title='bbox 585 2576 674 2675; x_wconf 85' lang='grc' dir='ltr'>φῶς·</span> <span class='ocrx_word' id='word_1_183' title='bbox 703 2568 829 2649; x_wconf 77' lang='grc' dir='ltr'>ἑαυτὸν</span> <span class='ocrx_word' id='word_1_184' title='bbox 848 2567 946 2653; x_wconf 82' lang='grc' dir='ltr'>ὅλοις</span> <span class='ocrx_word' id='word_1_185' title='bbox 971 2577 1045 2654; x_wconf 91' lang='grc' dir='ltr'>τοῖς</span> <span class='ocrx_word' id='word_1_186' title='bbox 1069 2570 1153 2649; x_wconf 81' lang='grc' dir='ltr'>οὖσι</span> <span class='ocrx_word' id='word_1_187' title='bbox 1175 2603 1286 2648; x_wconf 91' lang='grc' dir='ltr'>κατα·</span> 
     </span>
     <span class='ocr_line' id='line_1_20' title="bbox 93 2689 1291 2800; baseline -0.001 -29"><span class='ocrx_word' id='word_1_188' title='bbox 93 2689 233 2792; x_wconf 72' lang='grc' dir='ltr'>μιγνὺς,</span> <span class='ocrx_word' id='word_1_189' title='bbox 259 2691 318 2771; x_wconf 82' lang='grc' dir='ltr'>ἵνα</span> <span class='ocrx_word' id='word_1_190' title='bbox 350 2692 576 2793; x_wconf 87' lang='grc' dir='ltr'>λογικεόηται</span> <span class='ocrx_word' id='word_1_191' title='bbox 609 2690 655 2772; x_wconf 89' lang='grc' dir='ltr'>τά</span> <span class='ocrx_word' id='word_1_192' title='bbox 686 2691 828 2795; x_wconf 88' lang='grc' dir='ltr'>λογικά,</span> <span class='ocrx_word' id='word_1_193' title='bbox 856 2694 914 2773; x_wconf 79' lang='grc' dir='ltr'>καὶ</span> <span class='ocrx_word' id='word_1_194' title='bbox 942 2692 1122 2800; x_wconf 84' lang='grc' dir='ltr'>φρόνησιν</span> <span class='ocrx_word' id='word_1_195' title='bbox 1148 2691 1212 2798; x_wconf 74' lang='grc' dir='ltr'>ἔχη</span> <span class='ocrx_word' id='word_1_196' title='bbox 1244 2691 1291 2773; x_wconf 87' lang='grc' dir='ltr'>τά</span> 
     </span>
     <span class='ocr_line' id='line_1_21' title="bbox 45 2812 1290 2920; baseline 0.002 -28"><span class='ocrx_word' id='word_1_197' title='bbox 45 2844 82 2887; x_wconf 81' lang='grc' dir='ltr'>ιο</span> <span class='ocrx_word' id='word_1_198' title='bbox 94 2812 307 2920; x_wconf 75' lang='grc' dir='ltr'>φρονήσεως</span> <span class='ocrx_word' id='word_1_199' title='bbox 336 2813 488 2912; x_wconf 83' lang='grc' dir='ltr'>δεκτικὰ,</span> <span class='ocrx_word' id='word_1_200' title='bbox 517 2816 581 2894; x_wconf 81' lang='grc' dir='ltr'>οὐκ</span> <span class='ocrx_word' id='word_1_201' title='bbox 613 2812 659 2893; x_wconf 85' lang='grc' dir='ltr'>ἀν</span> <span class='ocrx_word' id='word_1_202' title='bbox 686 2814 811 2919; x_wconf 88' lang='grc' dir='ltr'>ἐτέρως</span> <span class='ocrx_word' id='word_1_203' title='bbox 841 2812 929 2894; x_wconf 80' lang='grc' dir='ltr'>εἶναι</span> <span class='ocrx_word' id='word_1_204' title='bbox 958 2825 1063 2897; x_wconf 84' lang='grc' dir='ltr'>τοῦτο</span> <span class='ocrx_word' id='word_1_205' title='bbox 1096 2816 1290 2916; x_wconf 77' lang='grc' dir='ltr'>δυνηθέντα</span> 
     </span>
     <span class='ocr_line' id='line_1_22' title="bbox 91 2935 1289 3050; baseline 0.002 -34"><span class='ocrx_word' id='word_1_206' title='bbox 91 2935 191 3035; x_wconf 88' lang='grc' dir='ltr'>ποτέ,</span> <span class='ocrx_word' id='word_1_207' title='bbox 210 2938 409 3039; x_wconf 82' lang='grc' dir='ltr'>ἀναγκαίως</span> <span class='ocrx_word' id='word_1_208' title='bbox 433 2941 550 3043; x_wconf 79' lang='grc' dir='ltr'>φησὶν</span> <span class='ocrx_word' id='word_1_209' title='bbox 573 2936 628 3017; x_wconf 85' lang='grc' dir='ltr'>ότι</span> <span class='ocrx_word' id='word_1_210' title='bbox 651 2946 719 3018; x_wconf 66' lang='grc' dir='ltr'>Καὶ</span> <span class='ocrx_word' id='word_1_211' title='bbox 746 2940 781 3019; x_wconf 73' lang='grc' dir='ltr'>τδ</span> <span class='ocrx_word' id='word_1_212' title='bbox 807 2937 883 3045; x_wconf 64' lang='grc' dir='ltr'>φιός</span> <span class='ocrx_word' id='word_1_213' title='bbox 909 2940 939 3018; x_wconf 80' lang='grc' dir='ltr'>ἑν</span> <span class='ocrx_word' id='word_1_214' title='bbox 963 2947 1001 3050; x_wconf 76' lang='grc' dir='ltr'>τῇ</span> <span class='ocrx_word' id='word_1_215' title='bbox 1026 2940 1151 3047; x_wconf 64' lang='grc' dir='ltr'>σκοτία</span> <span class='ocrx_word' id='word_1_216' title='bbox 1177 2945 1289 3044; x_wconf 79' lang='grc' dir='ltr'>φαίνει</span> 
     </span>
     <span class='ocr_line' id='line_1_23' title="bbox 94 3058 1290 3166; baseline -0.001 -25"><span class='ocrx_word' id='word_1_217' title='bbox 94 3066 156 3141; x_wconf 68' lang='grc' dir='ltr'>καὶ</span> <span class='ocrx_word' id='word_1_218' title='bbox 175 3064 194 3155; x_wconf 72' lang='grc' dir='ltr'><em>ἦ</em></span> <span class='ocrx_word' id='word_1_219' title='bbox 212 3060 338 3141; x_wconf 80' lang='grc' dir='ltr'>σκοτία</span> <span class='ocrx_word' id='word_1_220' title='bbox 356 3063 435 3142; x_wconf 75' lang='grc' dir='ltr'>αὐτό</span> <span class='ocrx_word' id='word_1_221' title='bbox 456 3067 490 3142; x_wconf 82' lang='grc' dir='ltr'>οὐ</span> <span class='ocrx_word' id='word_1_222' title='bbox 510 3060 717 3153; x_wconf 80' lang='grc' dir='ltr'>κωτίλιιβει.</span> <span class='ocrx_word' id='word_1_223' title='bbox 756 3061 867 3159; x_wconf 92' lang='grc' dir='ltr'>μόνον</span> <span class='ocrx_word' id='word_1_224' title='bbox 885 3059 957 3164; x_wconf 86' lang='grc' dir='ltr'>γάρ</span> <span class='ocrx_word' id='word_1_225' title='bbox 975 3061 1055 3166; x_wconf 80' lang='grc' dir='ltr'>οὐχὶ</span> <span class='ocrx_word' id='word_1_226' title='bbox 1077 3058 1238 3140; x_wconf 83' lang='grc' dir='ltr'>τοιοῦτόν</span> <span class='ocrx_word' id='word_1_227' title='bbox 1254 3095 1290 3140; x_wconf 91' lang='grc' dir='ltr'>τι</span> 
     </span>
     <span class='ocr_line' id='line_1_24' title="bbox 89 3179 1291 3291; baseline 0.002 -31"><span class='ocrx_word' id='word_1_228' title='bbox 89 3188 167 3265; x_wconf 92' lang='grc' dir='ltr'>τοῖς</span> <span class='ocrx_word' id='word_1_229' title='bbox 199 3184 433 3287; x_wconf 76' lang='grc' dir='ltr'>ἀκροωμένοις</span> <span class='ocrx_word' id='word_1_230' title='bbox 465 3188 504 3264; x_wconf 90' lang='grc' dir='ltr'>ἐκ</span> <span class='ocrx_word' id='word_1_231' title='bbox 538 3188 681 3283; x_wconf 79' lang='grc' dir='ltr'>πολλῆς</span> <span class='ocrx_word' id='word_1_232' title='bbox 713 3184 893 3286; x_wconf 82' lang='grc' dir='ltr'>ἀκριβείας</span> <span class='ocrx_word' id='word_1_233' title='bbox 926 3185 1066 3291; x_wconf 78' lang='grc' dir='ltr'>ἀναβοᾷ</span> <span class='ocrx_word' id='word_1_234' title='bbox 1092 3179 1229 3290; x_wconf 86' lang='grc' dir='ltr'>Ἔφην,</span> <span class='ocrx_word' id='word_1_235' title='bbox 1260 3180 1291 3262; x_wconf 78' lang='grc' dir='ltr'><strong><em>ὦ</em></strong></span> 
     </span>
     <span class='ocr_line' id='line_1_25' title="bbox 92 3304 1289 3414; baseline 0 -28"><span class='ocrx_word' id='word_1_236' title='bbox 92 3306 202 3404; x_wconf 78' lang='grc' dir='ltr'>οὗτοι,</span> <span class='ocrx_word' id='word_1_237' title='bbox 215 3308 329 3387; x_wconf 90' lang='grc' dir='ltr'>καίτοι</span> <span class='ocrx_word' id='word_1_238' title='bbox 348 3306 496 3414; x_wconf 92' lang='grc' dir='ltr'>σφόδρα</span> <span class='ocrx_word' id='word_1_239' title='bbox 515 3304 696 3387; x_wconf 82' lang='grc' dir='ltr'>διδάσκων</span> <span class='ocrx_word' id='word_1_240' title='bbox 712 3304 759 3385; x_wconf 87' lang='grc' dir='ltr'>τά</span> <span class='ocrx_word' id='word_1_241' title='bbox 777 3308 906 3407; x_wconf 77' lang='grc' dir='ltr'>ἀληθῆ,</span> <span class='ocrx_word' id='word_1_242' title='bbox 917 3304 984 3406; x_wconf 83' lang='grc' dir='ltr'>τὴν</span> <span class='ocrx_word' id='word_1_243' title='bbox 1001 3305 1094 3411; x_wconf 79' lang='grc' dir='ltr'>ζωὴν</span> <span class='ocrx_word' id='word_1_244' title='bbox 1111 3304 1199 3387; x_wconf 80' lang='grc' dir='ltr'>εἶναι</span> <span class='ocrx_word' id='word_1_245' title='bbox 1217 3313 1289 3387; x_wconf 80' lang='grc' dir='ltr'>τῶν</span> 
     </span>
     <span class='ocr_line' id='line_1_26' title="bbox 45 3427 1456 3535; baseline -0.003 -25"><span class='ocrx_word' id='word_1_246' title='bbox 45 3448 77 3510; x_wconf 72' lang='lat'>25</span> <span class='ocrx_word' id='word_1_247' title='bbox 92 3429 294 3532; x_wconf 76' lang='grc' dir='ltr'>ἀνθρώπων</span> <span class='ocrx_word' id='word_1_248' title='bbox 320 3427 362 3509; x_wconf 85' lang='grc' dir='ltr'>τὸ</span> <span class='ocrx_word' id='word_1_249' title='bbox 396 3437 485 3535; x_wconf 86' lang='grc' dir='ltr'>φῶς,</span> <span class='ocrx_word' id='word_1_250' title='bbox 514 3430 581 3534; x_wconf 81' lang='grc' dir='ltr'>οὐχ</span> <span class='ocrx_word' id='word_1_251' title='bbox 612 3430 671 3508; x_wconf 80' lang='grc' dir='ltr'>ἵνα</span> <span class='ocrx_word' id='word_1_252' title='bbox 702 3433 767 3534; x_wconf 78' lang='grc' dir='ltr'>νοῇ</span> <span class='ocrx_word' id='word_1_253' title='bbox 798 3464 852 3514; x_wconf 91' lang='grc' dir='ltr'>τις</span> <span class='ocrx_word' id='word_1_254' title='bbox 882 3430 920 3510; x_wconf 86' lang='grc' dir='ltr'>ἐν</span> <span class='ocrx_word' id='word_1_255' title='bbox 951 3464 993 3532; x_wconf 90' lang='grc' dir='ltr'>γε</span> <span class='ocrx_word' id='word_1_256' title='bbox 1024 3437 1099 3514; x_wconf 92' lang='grc' dir='ltr'>τοῖς</span> <span class='ocrx_word' id='word_1_257' title='bbox 1130 3438 1318 3534; x_wconf 79' lang='grc' dir='ltr'>παροῦσιυ</span> <span class='ocrx_word' id='word_1_258' title='bbox 1358 3447 1456 3506; x_wconf 71' lang='lat' dir='ltr'>m.</span> 
     </span>
     <span class='ocr_line' id='line_1_27' title="bbox 92 3550 1289 3658; baseline 0 -26"><span class='ocrx_word' id='word_1_259' title='bbox 92 3551 258 3653; x_wconf 78' lang='grc' dir='ltr'>μάλιστα</span> <span class='ocrx_word' id='word_1_260' title='bbox 281 3551 415 3654; x_wconf 84' lang='grc' dir='ltr'>λόγοις,</span> <span class='ocrx_word' id='word_1_261' title='bbox 433 3553 477 3658; x_wconf 80' lang='grc' dir='ltr'>ἐξ</span> <span class='ocrx_word' id='word_1_262' title='bbox 502 3550 622 3655; x_wconf 73' lang='grc' dir='ltr'>ἑτέρου</span> <span class='ocrx_word' id='word_1_263' title='bbox 649 3553 833 3637; x_wconf 88' lang='grc' dir='ltr'>πολιτείας</span> <span class='ocrx_word' id='word_1_264' title='bbox 860 3552 1066 3656; x_wconf 80' lang='grc' dir='ltr'>κομίζεσθαι</span> <span class='ocrx_word' id='word_1_265' title='bbox 1091 3551 1198 3656; x_wconf 82' lang='grc' dir='ltr'>γε’ρας</span> <span class='ocrx_word' id='word_1_266' title='bbox 1225 3550 1289 3633; x_wconf 81' lang='grc' dir='ltr'>τὸν</span> 
     </span>
     <span class='ocr_line' id='line_1_28' title="bbox 91 3672 1293 3782; baseline -0.002 -25"><span class='ocrx_word' id='word_1_267' title='bbox 91 3676 177 3779; x_wconf 88' lang='grc' dir='ltr'>παρ’</span> <span class='ocrx_word' id='word_1_268' title='bbox 197 3677 306 3756; x_wconf 81' lang='grc' dir='ltr'>αὐτοῦ</span> <span class='ocrx_word' id='word_1_269' title='bbox 332 3673 534 3780; x_wconf 84' lang='grc' dir='ltr'>φωτισμὸν,</span> <span class='ocrx_word' id='word_1_270' title='bbox 552 3672 635 3759; x_wconf 78' lang='grc' dir='ltr'>τοὺς</span> <span class='ocrx_word' id='word_1_271' title='bbox 660 3673 810 3778; x_wconf 84' lang='grc' dir='ltr'>ὅσοιπερ</span> <span class='ocrx_word' id='word_1_272' title='bbox 836 3673 881 3754; x_wconf 86' lang='grc' dir='ltr'>ἀν</span> <span class='ocrx_word' id='word_1_273' title='bbox 905 3677 1064 3782; x_wconf 85' lang='grc' dir='ltr'>φαίνοντ’</span> <span class='ocrx_word' id='word_1_274' title='bbox 1091 3673 1136 3754; x_wconf 85' lang='grc' dir='ltr'>ἀν</span> <span class='ocrx_word' id='word_1_275' title='bbox 1162 3675 1293 3755; x_wconf 89' lang='grc' dir='ltr'>δίκαιοί</span> 
     </span>
     <span class='ocr_line' id='line_1_29' title="bbox 92 3795 1288 3902; baseline 0 -24"><span class='ocrx_word' id='word_1_276' title='bbox 92 3833 133 3880; x_wconf 90' lang='grc' dir='ltr'>τε</span> <span class='ocrx_word' id='word_1_277' title='bbox 152 3800 211 3879; x_wconf 78' lang='grc' dir='ltr'>καὶ</span> <span class='ocrx_word' id='word_1_278' title='bbox 229 3800 371 3901; x_wconf 89' lang='grc' dir='ltr'>ἀγαθοί·</span> <span class='ocrx_word' id='word_1_279' title='bbox 402 3799 486 3876; x_wconf 86' lang='grc' dir='ltr'>ἀλλ’</span> <span class='ocrx_word' id='word_1_280' title='bbox 506 3798 565 3877; x_wconf 82' lang='grc' dir='ltr'>ἵνα</span> <span class='ocrx_word' id='word_1_281' title='bbox 586 3796 789 3898; x_wconf 87' lang='grc' dir='ltr'>μανθάνητε</span> <span class='ocrx_word' id='word_1_282' title='bbox 813 3795 937 3896; x_wconf 82' lang='grc' dir='ltr'>πόλιν,</span> <span class='ocrx_word' id='word_1_283' title='bbox 955 3797 1077 3902; x_wconf 82' lang='grc' dir='ltr'>ὅτιπερ</span> <span class='ocrx_word' id='word_1_284' title='bbox 1095 3796 1137 3878; x_wconf 85' lang='grc' dir='ltr'>δν</span> <span class='ocrx_word' id='word_1_285' title='bbox 1155 3795 1288 3902; x_wconf 91' lang='grc' dir='ltr'>τρόπον</span> 
     </span>
     <span class='ocr_line' id='line_1_30' title="bbox 92 3919 1286 4025; baseline -0.004 -22"><span class='ocrx_word' id='word_1_286' title='bbox 92 3924 194 4003; x_wconf 80' lang='grc' dir='ltr'>ἐστὶν</span> <span class='ocrx_word' id='word_1_287' title='bbox 216 3924 254 4001; x_wconf 86' lang='grc' dir='ltr'>ἐν</span> <span class='ocrx_word' id='word_1_288' title='bbox 277 3928 371 4002; x_wconf 83' lang='grc' dir='ltr'>πᾶσι</span> <span class='ocrx_word' id='word_1_289' title='bbox 398 3927 470 4004; x_wconf 92' lang='grc' dir='ltr'>τοῖς</span> <span class='ocrx_word' id='word_1_290' title='bbox 498 3919 691 4023; x_wconf 89' lang='grc' dir='ltr'>γεγονόσιν</span> <span class='ocrx_word' id='word_1_291' title='bbox 718 3921 878 4024; x_wconf 88' lang='grc' dir='ltr'>ὁΛόγος</span> <span class='ocrx_word' id='word_1_292' title='bbox 905 3920 986 4025; x_wconf 79' lang='grc' dir='ltr'>ζωὴ,</span> <span class='ocrx_word' id='word_1_293' title='bbox 1011 3920 1196 4024; x_wconf 84' lang='grc' dir='ltr'>ζωογονῶν</span> <span class='ocrx_word' id='word_1_294' title='bbox 1223 3925 1286 4022; x_wconf 90' lang='grc' dir='ltr'>δη-</span> 
     </span>
     <span class='ocr_line' id='line_1_31' title="bbox 45 4041 1288 4151; baseline 0 -28"><span class='ocrx_word' id='word_1_295' title='bbox 45 4083 77 4141; x_wconf 69' lang='grc' dir='ltr'>ιο</span> <span class='ocrx_word' id='word_1_296' title='bbox 92 4044 216 4126; x_wconf 90' lang='grc' dir='ltr'>λονότι</span> <span class='ocrx_word' id='word_1_297' title='bbox 240 4043 287 4126; x_wconf 87' lang='grc' dir='ltr'>τά</span> <span class='ocrx_word' id='word_1_298' title='bbox 311 4044 402 4148; x_wconf 81' lang='grc' dir='ltr'>ζωῆς</span> <span class='ocrx_word' id='word_1_299' title='bbox 425 4041 578 4125; x_wconf 74' lang='grc' dir='ltr'>δεκτικά</span> <span class='ocrx_word' id='word_1_300' title='bbox 609 4045 722 4128; x_wconf 79' lang='grc' dir='ltr'>οὕτως</span> <span class='ocrx_word' id='word_1_301' title='bbox 745 4045 845 4124; x_wconf 81' lang='grc' dir='ltr'>ἐστὶν</span> <span class='ocrx_word' id='word_1_302' title='bbox 863 4046 902 4123; x_wconf 89' lang='grc' dir='ltr'>ἐν</span> <span class='ocrx_word' id='word_1_303' title='bbox 919 4045 1039 4128; x_wconf 83' lang='grc' dir='ltr'>αὐτοῖς</span> <span class='ocrx_word' id='word_1_304' title='bbox 1059 4044 1118 4124; x_wconf 80' lang='grc' dir='ltr'>καὶ</span> <span class='ocrx_word' id='word_1_305' title='bbox 1136 4042 1288 4151; x_wconf 85' lang='grc' dir='ltr'>φῶς,τά</span> 
     </span>
    </p>
   </div>
   <div class='ocr_carea' id='block_1_3' title="bbox 90 4313 1288 4468">
    <p class='ocr_par' dir='ltr' id='par_1_3' title="bbox 90 4313 1288 4468">
     <span class='ocr_line' id='line_1_32' title="bbox 90 4313 1288 4441; baseline -0.002 -69"><span class='ocrx_word' id='word_1_306' title='bbox 90 4320 186 4441; x_wconf 65' lang='grc' dir='ltr'>Δίνγρυ,</span> <span class='ocrx_word' id='word_1_307' title='bbox 199 4315 265 4371; x_wconf 81' lang='lat' dir='ltr'>haec</span> <span class='ocrx_word' id='word_1_308' title='bbox 277 4315 307 4369; x_wconf 80' lang='grc' dir='ltr'>οὗ</span> <span class='ocrx_word' id='word_1_309' title='bbox 318 4314 518 4402; x_wconf 73' lang='grc' dir='ltr'>γὰρ-ἐνόμιζεν</span> <span class='ocrx_word' id='word_1_310' title='bbox 529 4322 591 4385; x_wconf 75' lang='lat' dir='ltr'><strong>pout</strong></span> <span class='ocrx_word' id='word_1_311' title='bbox 602 4317 688 4386; x_wconf 77' lang='grc' dir='ltr'>Λόγου</span> <span class='ocrx_word' id='word_1_312' title='bbox 700 4322 887 4385; x_wconf 74' lang='lat' dir='ltr'><strong>transponens,</strong></span> <span class='ocrx_word' id='word_1_313' title='bbox 901 4315 934 4369; x_wconf 86' lang='lat' dir='ltr'>B.</span> <span class='ocrx_word' id='word_1_314' title='bbox 1077 4327 1103 4384; x_wconf 88' lang='lat'>5.</span> <span class='ocrx_word' id='word_1_315' title='bbox 1122 4313 1288 4395; x_wconf 75' lang='grc' dir='ltr'>λαλουμένων</span> 
     </span>
     <span class='ocr_line' id='line_1_33' title="bbox 90 4383 1286 4468; baseline -0.001 -26"><span class='ocrx_word' id='word_1_316' title='bbox 90 4387 125 4442; x_wconf 83' lang='lat' dir='ltr'>B.</span> <span class='ocrx_word' id='word_1_317' title='bbox 165 4404 221 4457; x_wconf 80' lang='lat' dir='ltr'>mg.</span> <span class='ocrx_word' id='word_1_318' title='bbox 234 4390 380 4468; x_wconf 84' lang='grc' dir='ltr'>λεγομενων</span> <span class='ocrx_word' id='word_1_319' title='bbox 389 4384 440 4440; x_wconf 85' lang='lat' dir='ltr'>Ed.</span> <span class='ocrx_word' id='word_1_320' title='bbox 511 4385 792 4456; x_wconf 70' lang='grc' dir='ltr'>6.ἢαοςιιωρῐυωοπ</span> <span class='ocrx_word' id='word_1_321' title='bbox 805 4385 874 4439; x_wconf 67' lang='grc' dir='ltr'>ΒΕ.</span> <span class='ocrx_word' id='word_1_322' title='bbox 916 4383 1140 4440; x_wconf 74' lang='grc' dir='ltr'>ἐστινδντωςλοο</span> <span class='ocrx_word' id='word_1_323' title='bbox 1151 4383 1244 4438; x_wconf 73' lang='lat' dir='ltr'>ordine</span> <span class='ocrx_word' id='word_1_324' title='bbox 1254 4386 1286 4441; x_wconf 89' lang='lat' dir='ltr'>B.</span> 
     </span>
    </p>
   </div>
   <div class='ocr_carea' id='block_1_4' title="bbox 89 4453 1289 4597">
    <p class='ocr_par' dir='ltr' id='par_1_4' title="bbox 89 4453 1289 4597">
     <span class='ocr_line' id='line_1_34' title="bbox 89 4453 1289 4527; baseline -0.001 -15"><span class='ocrx_word' id='word_1_325' title='bbox 89 4459 116 4512; x_wconf 89' lang='lat'>8.</span> <span class='ocrx_word' id='word_1_326' title='bbox 134 4458 211 4513; x_wconf 76' lang='grc' dir='ltr'>αὐτὸς</span> <span class='ocrx_word' id='word_1_327' title='bbox 223 4457 254 4512; x_wconf 77' lang='grc' dir='ltr'>δν</span> <span class='ocrx_word' id='word_1_328' title='bbox 265 4473 371 4511; x_wconf 78' lang='grc' dir='ltr'>ιανοτυο</span> <span class='ocrx_word' id='word_1_329' title='bbox 383 4454 476 4510; x_wconf 78' lang='lat' dir='ltr'>ordine</span> <span class='ocrx_word' id='word_1_330' title='bbox 490 4455 523 4511; x_wconf 89' lang='lat' dir='ltr'>B.</span> <span class='ocrx_word' id='word_1_331' title='bbox 597 4460 600 4467; x_wconf 91' lang='grc'><strong>’</strong></span> <span class='ocrx_word' id='word_1_332' title='bbox 650 4469 692 4526; x_wconf 89' lang='lat'>15.</span> <span class='ocrx_word' id='word_1_333' title='bbox 711 4454 739 4511; x_wconf 63' lang='lat' dir='ltr'>a.</span> <span class='ocrx_word' id='word_1_334' title='bbox 751 4473 805 4509; x_wconf 89' lang='lat' dir='ltr'>om.</span> <span class='ocrx_word' id='word_1_335' title='bbox 819 4454 852 4508; x_wconf 92' lang='lat' dir='ltr'>B.</span> <span class='ocrx_word' id='word_1_336' title='bbox 900 4456 937 4510; x_wconf 77' lang='grc' dir='ltr'>δν</span> <span class='ocrx_word' id='word_1_337' title='bbox 948 4453 994 4510; x_wconf 74' lang='lat' dir='ltr'>dut</span> <span class='ocrx_word' id='word_1_338' title='bbox 1007 4453 1186 4526; x_wconf 75' lang='lat' dir='ltr'>Heyseexss,</span> <span class='ocrx_word' id='word_1_339' title='bbox 1200 4454 1247 4527; x_wconf 90' lang='lat' dir='ltr'>qui</span> <span class='ocrx_word' id='word_1_340' title='bbox 1258 4459 1289 4511; x_wconf 80' lang='grc' dir='ltr'>όν</span> 
     </span>
     <span class='ocr_line' id='line_1_35' title="bbox 89 4524 886 4597; baseline -0.004 -15"><span class='ocrx_word' id='word_1_341' title='bbox 89 4527 204 4583; x_wconf 76' lang='lat' dir='ltr'><strong>exhibet.</strong></span> <span class='ocrx_word' id='word_1_342' title='bbox 316 4542 358 4597; x_wconf 79' lang='lat'>27.</span> <span class='ocrx_word' id='word_1_343' title='bbox 377 4526 408 4580; x_wconf 80' lang='grc' dir='ltr'>δν</span> <span class='ocrx_word' id='word_1_344' title='bbox 420 4525 545 4597; x_wconf 75' lang='grc' dir='ltr'>φαίνοιντ’</span> <span class='ocrx_word' id='word_1_345' title='bbox 558 4526 589 4580; x_wconf 80' lang='grc' dir='ltr'>ἀν</span> <span class='ocrx_word' id='word_1_346' title='bbox 602 4525 635 4579; x_wconf 87' lang='grc' dir='ltr'>Β.</span> <span class='ocrx_word' id='word_1_347' title='bbox 648 4525 679 4580; x_wconf 84' lang='grc' dir='ltr'>δν</span> <span class='ocrx_word' id='word_1_348' title='bbox 690 4525 824 4596; x_wconf 85' lang='grc' dir='ltr'>φαίνοιντο</span> <span class='ocrx_word' id='word_1_349' title='bbox 836 4524 886 4580; x_wconf 81' lang='lat' dir='ltr'>Ed.</span> 
     </span>
    </p>
   </div>
   <div class='ocr_carea' id='block_1_5' title="bbox 0 0 1525 5018">
    <p class='ocr_par' dir='ltr' id='par_1_5' title="bbox 0 0 1525 5018">
     <span class='ocr_line' id='line_1_36' title="bbox 0 0 1525 5018; baseline 0 0"><span class='ocrx_word' id='word_1_350' title='bbox 0 0 1525 5018; x_wconf 95' lang='lat' dir='ltr'> </span> 
     </span>
    </p>
   </div>
  </div>
 </body>
</html>
