3038 5018
251 300 317 364 680
553 300 593 363 Β.
615 297 828 364 OYRILLI
857 295 1146 363 ALEXANDR.
1349 289 1408 354 vii.
1420 304 1470 374 34

253 467 384 568 ληψιν,
420 464 536 543 ῶδίνει
573 466 617 545 δέ
653 499 689 544 τι
728 463 857 566 πικρόν
892 465 931 543 έν
965 459 1199 566 παραβύστῳ
1241 453 1466 556 μυστήριον·

253 586 372 686 ἐπειδὴ
408 584 482 689 γάρ
518 587 775 687 ἀναβήσεσθαί
813 594 908 693 φησι
949 583 1042 688 πρὸς
1081 582 1147 663 τὸν
1183 580 1468 662 ἀποστείλαντα

252 707 373 807 αὐτὸν,
397 709 574 808 τουτέστι,
597 709 690 812 πρὸς
717 709 903 791 τὸνθεόν
930 713 989 789 καὶ
1019 705 1177 809 Πατέρα,
1205 702 1283 784 κάν
1311 706 1464 798 ἐπιβου-

253 831 370 912 λεύειν
407 836 635 940 ἐπιχειρῶσιν
672 834 734 932 ἔτι,
767 833 835 913 κάν
870 842 936 914 τοῦ
970 831 1108 912 διώκειν
1144 830 1189 910 οὖ
1224 826 1463 922 παύσωνται,

254 952 453 1055 οὐδαμόθεν
481 959 602 1042 αὐτοῖς
632 957 822 1056 ἁλώσιμον
849 957 1000 1037 ἔσεσθαι
1029 955 1127 1057 λέγει
1156 951 1223 1034 τόν
1251 959 1305 1036 εῖς
1336 949 1488 1033 αὖτούςὸ

255 1078 438 1180 δραμόντα
454 1079 537 1165 τοὺς
556 1082 738 1184 οὐρανούς.
768 1079 810 1160 τό
829 1079 868 1159 δέ
888 1077 1134 1180 ἀληθέστερόν
1150 1111 1190 1156 τε
1207 1079 1272 1155 καὶ
1290 1080 1461 1176 αἰνιγμα-

88 1226 206 1290 40st
226 1205 378 1288 ιτωδῶς
410 1204 712 1304 ἀποδηλούμενον,
743 1200 905 1283 τοιοῦτόν
934 1204 1037 1282 ε’στιν
1066 1199 1177 1302 Ἐγὼ,
1206 1203 1322 1307 φησὶ,
1352 1232 1462 1303 χορη·

256 1326 384 1428 γήσων
408 1329 491 1424 ύμῖν
516 1327 731 1426 ἀπεστάλην
756 1325 823 1427 τήν
849 1325 953 1431 ζωήν,
971 1329 1130 1432 ἀφῖγμαι
1157 1323 1196 1403 δέ
1223 1327 1292 1418 τῆς
1323 1325 1463 1425 ἀνθρω-

254 1451 357 1534 πείας
394 1448 542 1556 φύσεως
575 1452 709 1559 ἐξελεῖν
741 1449 806 1532 τὸν
841 1454 880 1531 έκ
915 1446 1160 1552 παραβάσεως
1197 1445 1463 1551 ἔπισκήψαιαα

256 1571 422 1671 θάνατον,
451 1577 510 1653 καὶ
541 1571 758 1682 ἀνεξικάκως
786 1573 1019 1671 ἀνακομίσων
1045 1570 1139 1675 πρὸς
1167 1569 1268 1651 Θεὸν
1298 1569 1391 1654 τοῖις
1421 1565 1502 1647 διίο

256 1696 431 1799 ἁμαρτίας
460 1695 786 1852 ἐξολισθήραντας·
828 1694 1062 1801 παραγέγονα
1088 1701 1162 1779 τοῖς
1190 1695 1231 1772 έν
1260 1690 1463 1774 σκόπειτὸ

257 1825 352 1899 θεῖον
386 1819 549 1920 ε’νθήσων
585 1825 643 1900 καὶ
680 1820 845 1924 οὐράνιον
882 1826 972 1926 φῶς,
1008 1854 1067 1899 και
1101 1816 1195 1921 πρὸς
1231 1816 1381 1901 τούτοις
1417 1813 1464 1894 ε’τι

88 1968 180 2020 ιαιιι.
186 1980 210 2031 ι,
256 1950 453 2046 “πτωχοῖς
489 1941 555 2042 μὲν
591 1945 918 2046 εὐαγγελίσασθαι,
956 1942 1132 2048 τυφλοῖς”
1170 1942 1364 2021 ἐπιδοῦναι
1401 1938 1464 2086 τήν

90 2047 115 2086 ⁶
257 2064 516 2173 “ἀνάβλεψιν,
535 2067 684 2173 κηρῦξαι
702 2066 946 2172 αἰχμαλώτοις
963 2068 1107 2171 ἄφεσιν,
1121 2064 1322 2144 καλεῖται’
1299 2061 1463 2144 ενιαυτάν

258 2202 280 2239 “
300 2192 435 2294 Κυρίου
465 2190 623 2273 δεκτόν.”
662 2193 747 2271 ἀλλ’
776 2191 918 2293 ἐπείπερ
947 2193 1029 2290 ὑμῖν
1055 2196 1133 2274 ταῖς
1161 2190 1358 2273 ἀπονοίαις
1387 2187 1461 2294 ε’ξε·
1474 2214 1501 2275 15

223 2315 401 2394 ὶιλαύνειν
433 2317 532 2396 δοκεῖ
559 2313 624 2395 τόν
657 2316 751 2395 οὕτω
783 2316 967 2395 πλουσίαν
996 2319 1071 2393 τῶν
1101 2314 1278 2415 οὐρανίων
1312 2315 1462 2415 ἀγαθῶν

255 2439 462 2541 πυρωθέντα
478 2438 545 2539 τὴν
563 2437 781 2529 ἀπόλαυσιν,
799 2436 891 2537 μετά
915 2434 1037 2543 βραχῦ
1060 2436 1127 2536 μέν
1143 2433 1252 2520 αι’πῖις
1279 2439 1459 2535 ἀνακομι-

257 2563 444 2662 σθήσομαι
469 2562 561 2667 πρὸς
586 2561 650 2643 τῦν
667 2560 712 2666 ἐξ
735 2562 845 2664 οὗπέρ
872 2569 953 2661 εῖμι,
972 2558 1256 2662 μεταγνώσεσθε
1279 2557 1322 2639 δὲ
1351 2562 1461 2659 ὑμεῖς,

257 2691 317 2766 καὶ
356 2685 549 2789 ἀπράκτοις
592 2686 888 2787 ὑστεροβουλίαις
928 2683 1176 2782 δαπανώμενοι
1216 2690 1364 2785 πικρῶς
1405 2682 1462 2786 ἐφ’

257 2813 393 2895 ἑαυτοῖς
419 2808 626 2912 θρηνήσετε,
645 2808 712 2889 κάν
728 2811 906 2914 εὑρίσκειν
924 2809 975 2888 ἔτι
992 2807 1057 2889 τὸν
1074 2812 1137 2907 τῆς
1156 2805 1248 2910 ζωῆς
1265 2808 1464 2909 βούλησθε
1476 2842 1505 2886 ιο

141 2953 145 2961 ’
256 2933 430 3037 χορηγὸν,
470 2935 534 3013 οὖκ
571 2931 716 3039 ἐξέσται
751 2930 832 3013 τότε
868 2931 933 3012 τὸν
969 2930 1191 3029 ποθούμενον
1227 2931 1461 3011 ἀπολαῦσαι.

256 3056 497 3158 ἀποπηδήσας
527 3054 600 3159 γὰρ
629 3053 733 3162 ἅπαξ
759 3061 819 3135 καὶ
847 3059 911 3154 τῆς
942 3060 991 3138 εἰς
1026 3057 1116 3154 ὑμᾶς
1149 3051 1296 3155 ἀγάπης
1326 3058 1463 3135 ἀπονε·

228 3179 400 3278 ονευκὼς,
417 3184 607 3285 ἀποτειχιῶ
625 3179 769 3263 πάντως
788 3180 870 3277 ὑμῖν
888 3182 946 3259 καὶ
964 3178 1007 3258 τὸ
1025 3179 1064 3257 ἐν
1082 3175 1227 3281 ζητήσει
1244 3176 1449 3282 χρήσιμον.

313 3310 487 3385 Τοιοῦτον
504 3305 547 3384 δέ
559 3337 594 3382 τι
611 3309 670 3383 καὶ
689 3303 727 3383 έν
745 3308 819 3385 τοῖς
838 3309 911 3381 τῶν
929 3307 1130 3409 προφητῶν
1148 3300 1363 3403 κηρύγμασι
1381 3305 1465 3404 περὶ

257 3429 375 3507 αὐτῶν
404 3424 613 3530 εὑρήσομεν.
669 3426 767 3528 λέγει
804 3422 876 3529 γάρ
913 3460 967 3509 τις
1001 3428 1084 3528 περὶ
1118 3431 1193 3504 τῶν
1222 3423 1267 3530 ἐξ
1302 3425 1466 3529 Ἰσραήλ
1477 3450 1505 3510 ις

89 3566 211 3618 Ηοιιω·
257 3563 280 3599 “
299 3550 406 3631 Μετά
429 3548 626 3653 προβάτων
652 3553 710 3629 καὶ
734 3548 888 3654 μόσχων
911 3548 1150 3651 πορεύσονται
1175 3556 1241 3627 τοῦ
1265 3549 1465 3652 ε’κζητῆσαι

257 3686 278 3724 “
298 3674 361 3754 τὸν
381 3675 526 3776 Κύριον,
550 3675 607 3753 καὶ
636 3675 677 3753 οά
704 3672 755 3772 μὴ
784 3675 937 3774 εὕρωσιν
962 3671 1080 3770 αὐτὸν,
1104 3671 1159 3751 ἀτι
1184 3670 1374 3778 ε’ξέκλινον
1401 3674 1463 3754 ἀπ’

256 3811 279 3847 “
297 3799 448 3879 αύτῶν.”
488 3803 521 3878 οἱ
544 3794 615 3899 γάρ
637 3798 787 3876 ἑλέσθαι
805 3794 956 3898 παρόντι
974 3795 1066 3898 ζωὴν
1085 3796 1126 3875 οὖ
1145 3793 1386 3895 θελήσαντες,
1406 3802 1465 3878 καὶ

256 3920 298 4002 τό
323 3924 361 4003 ἐν
378 3925 506 4026 χερσὶν
524 3917 664 4022 ἀγαθὸν
683 3926 876 4021 λογισμοῖς
902 3919 1088 4004 ἀσυνέτοις
1112 3917 1366 4026 ἐξωθούμενοι,
1386 3926 1465 4006 πῶς

291 4173 489 4244 5.οὖθαρῶςο.
599 4189 641 4229 10.
659 4169 853 4243 ἀνεξικάκως]’
838 4172 1052 4241 αμνησικάκωςι.
1165 4171 1207 4226 18.
1226 4170 1302 4239 ico&
1387 4192 1464 4244 ιμιι.

257 4188 308 4299 21.5
319 4249 370 4298 τῶν
380 4243 581 4313 ποθουμίνωνιι.
701 4260 744 4298 22.
763 4242 933 4311 ἀποπηδήσας
948 4243 1005 4296 B..a
1021 4242 1111 4296 Holet.
1122 4241 1352 4327 ἀποπηθῆσωλιι
1375 4263 1462 4336 ,οριϊ

255 4332 275 4352 ⁰
443 4312 487 4369 id.
501 4331 545 4368 τικ
557 4315 648 4384 legens
661 4326 687 4369 et
699 4337 735 4368 απ
736 4312 882 4382 οπηδήσωμ
884 4314 974 4367 ιὶοιει·
987 4323 1063 4367 notan
1076 4331 1126 4367 con
1137 4330 1227 4367 ιειειιι
1276 4328 1374 4404 ..ιη
1379 4317 1466 4370 αὖςὸν

463 4384 535 4440 ιῦτοῦ
548 4384 620 4438 Aub.
671 4383 827 4453 ἸσραήλΒ.
839 4382 1011 4472 Ἰερουσαλήμ
1027 4383 1074 4438 Ht.
1089 4332 1140 4437 Ed.
1260 4397 1306 4453 27.
1326 4385 1465 4454 εξέιιλινον

463 4453 582 4524 ριὶαια)’
566 4476 602 4508 απ
602 4453 752 4509 αὖτῶνΒ.
764 4454 927 4544 ἐξέκλιναν
912 4452 955 4508 απ’
968 4456 1048 4510 αὖτοῦ
1064 4452 1216 4509 emendavit
1233 4452 1284 4508 Ht.
1297 4455 1376 4511 unde
1389 4457 1464 4513 Aah

451 4527 612 4596 ..παρόντος
625 4525 673 4580 Ht.
688 4524 740 4580 Ed.
752 4524 928 4596 πόροντὴνο.
