3038 5018
242 304 308 369 ³00
545 305 585 372 Β.
608 305 816 372 CYRILLI
846 306 1134 373 ALEXANDR„
1327 301 1372 364 λδ·
1384 313 1439 382 45·

242 467 421 572 σωτήρων
439 468 635 574 λόγον,καί
652 480 813 575 γεωργοῦ
830 506 923 557 τινος
943 474 1043 570 δίκην
1062 470 1128 570 τήν
1144 471 1270 549 πίστιν
1287 469 1440 567 ἐγκατα-

243 590 385 698 κρῦψας
416 601 490 677 ταῖς
519 602 681 676 οἰκοῦσιν
706 594 826 695 αὐτὴν,
855 598 923 701 οῦχ
950 598 1008 676 ἰνα
1039 602 1116 679 ταῖς
1147 599 1220 672 τῶν
1248 588 1441 686 λαβόντων

214 720 503 816 οκατωδεσμοῖτο
530 726 695 815 σιωπαῖς,
722 720 905 821 ἠρεμοῦσα
932 716 1066 822 τρόπον
1094 716 1174 795 τινὰ
1201 718 1260 795 καί
1288 745 1438 793 κατακε·

242 839 423 944 χωσμένη,
445 843 531 920 ἀλλ’
553 843 610 921 ἵνα
637 841 681 943 δὴ
708 849 854 941 μᾶλλον
878 849 956 926 ταῖς
983 841 1153 922 ἁπάντων
1176 836 1440 943 ε’γκαταφιίοιτο

241 968 387 1068 ψυχαῖς,
406 963 567 1068 ἕρπουσά
585 1001 623 1046 τε
648 971 705 1045 καί
731 966 950 1065 διικνουμένη
975 963 1065 1069 πρὸς
1090 963 1132 1045 τὸ
1155 962 1273 1065 μεῖζον
1290 964 1357 1057 οἰεί,
1378 962 1474 1047 καί5

239 1085 331 1189 πρὸς
358 1087 424 1187 τὴν
451 1088 716 1194 ἐκφανεστέραν
743 1090 922 1195 τρέχουσα
951 1090 1110 1186 δύναμιν.
1160 1083 1279 1184 ἐπειδὴ
1309 1083 1347 1164 δέ
1379 1082 1441 1163 διιί

240 1212 355 1308 μέσου
387 1213 547 1312 κειμένην
578 1213 792 1318 παρατρέχει
827 1212 893 1313 τὴν
926 1212 1099 1315 Ναζαρέτ,
1132 1215 1169 1290 ἐν
1204 1207 1295 1315 ᾗπερ
1329 1205 1441 1287 αὐτὸν

240 1339 300 1415 καὶ
335 1335 533 1441 τετράφθω
568 1337 689 1439 λόγος,
722 1341 770 1421 ὡς
807 1340 966 1417 ἐντεῦθεν
998 1338 1067 1437 ἤδη
1103 1340 1160 1414 καί
1197 1333 1313 1412 οἰστὸν
1349 1328 1441 1412 εἶναι

240 1462 365 1555 δοκεῖν,
394 1461 551 1563 καταίρει
583 1458 793 1558 δὲμᾶλλον
822 1465 871 1544 εἰς
898 1458 964 1558 τὴν
993 1458 1206 1539 Γαλιλαίαν·
1239 1454 1440 1556 ἀναγκαίαν

238 1590 390 1663 ποιεῖται
427 1582 492 1684 τήν
524 1583 726 1686 οἰπολογίαν
762 1588 827 1684 τῆς
858 1587 1091 1687 παραδρομῆς
1128 1586 1185 1660 καί
1223 1583 1348 1684 φησὶν,
1380 1577 1439 1658 ῦτι
1457 1611 1499 1654 10

205 1705 488 1814 δμεμαρτιίρηκεν
509 1709 608 1793 αἰτίς
635 1717 650 1789 ἰ
672 1712 794 1802 Ἰησοῦς
820 1709 867 1788 ’ὅτι
894 1711 1061 1815 προφήτης
1085 1708 1116 1786 ἐν
1139 1707 1179 1814 τῇ
1203 1699 1274 1813 ἰδία
1298 1698 1440 1809 πατρίδι

239 1829 335 1934 τιμήν
367 1834 426 1911 οῦκ
463 1831 547 1929 ἔχει.
598 1832 808 1936 πεφύκαμεν
839 1830 911 1933 γάρ
946 1864 1023 1915 πως
1060 1829 1162 1909 οῦδὲν
1191 1828 1357 1930 ἡγεῖσθαι
1395 1824 1440 1905 τὸ

238 1952 403 2054 σύνηθες,
425 1951 492 2033 κιίν
520 1952 674 2058 ῦποὶρχοι
701 1952 793 2054 μέγα
821 1957 879 2032 καὶ
907 1954 1033 2051 τίμων.
1073 1956 1131 2032 καί
1159 1952 1201 2029 οὐ
1229 1948 1344 2049 δήπου
1370 1948 1440 2032 τὰς

237 2078 321 2178 παρ’
340 2077 480 2156 ἐκείνων
498 2075 552 2156 ὅτι
570 2076 694 2178 δεήσοι
712 2083 893 2178 θηρᾶσθαι
911 2075 1015 2175 τιμοίς
1034 2078 1054 2154 ὁ
1072 2074 1200 2175 Σωτήρ
1222 2072 1436 2176 ἐδοκίμαζεν,

237 2202 275 2279 έν
297 2198 425 2304 ἀνδρὸς
452 2199 652 2307 φιλοδόξων
678 2199 774 2284 τινὸς
801 2198 900 2306 τάξει
927 2203 985 2280 καί
1013 2205 1325 2306 φιλοκομπαστοῦ,
1349 2198 1435 2276 ἀλλ’
1455 2221 1496 2284 15

237 2322 417 2421 ἠπίστατο
441 2331 582 2429 σαφῶς,
604 2322 660 2403 ὅτι
686 2329 760 2408 τοῖς
787 2323 955 2422 μηδόλως
980 2322 1150 2422 οἰομένοις
1175 2322 1231 2402 ότι
1256 2318 1438 2423 προσήκοι

236 2452 343 2543 τιμᾶν
370 2446 433 2524 τὸν
461 2444 689 2544 διδάσκοντα,
712 2447 787 2525 οὐδ’
814 2444 858 2525 ἂν
882 2447 933 2527 ἔτι
960 2444 1095 2548 γλυκιίς
1123 2479 1161 2525 τε
1189 2449 1247 2526 καὶ
1275 2441 1435 2546 εὐπαρά-

237 2573 359 2653 δεκτος
381 2570 401 2647 ό
424 2573 487 2667 τῆς
511 2571 667 2653 πίστεως
691 2568 828 2669 γένοιτο
854 2568 974 2672 λόγος.
1013 2570 1227 2671 παρελαύνει
1247 2574 1437 2670 τοιγαροῦν

208 2691 390 2787 οείκότως,
413 2698 461 2777 εἰς
489 2691 761 2798 ὠφελουμένους
788 2690 891 2771 οὐδέν
911 2693 1060 2775 εἰκαίους
1088 2696 1276 2772 ἀναλῶσαι
1303 2688 1437 2773 πόνους

237 2816 301 2894 οῦκ
320 2814 441 2921 ἀξιῶν,
459 2819 516 2895 καί
534 2813 639 2920 χάριν
658 2816 696 2894 δὲ
715 2813 773 2895 διιί
791 2816 919 2895 τούτου
937 2823 1011 2899 τοῖς
1029 2824 1297 2922 καταφρονοῦσι
1319 2848 1433 2893 κατα·
1453 2856 1494 2898 οο

236 2939 354 3023 τιθείς.
387 2941 429 3018 οῦ
447 2937 518 3043 γὰρ
536 2937 581 3037 ἦν
599 2938 690 3023 εἰκὸς
708 2944 757 3023 εἰς
775 2948 949 3018 τοσοῦτον
967 2939 1276 3046 ἐξαμαρτάνοντας
1295 2942 1437 3038 νηποινὶ

235 3070 341 3142 τοῦτο
361 3059 507 3165 δράσειν
525 3061 661 3159 αῦτοῦς,
680 3063 969 3162 ὁμολογουμένου
994 3063 1038 3162 δὴ
1062 3062 1205 3146 πάντως
1231 3066 1290 3141 καί
1313 3065 1434 3160 οἰναμ-

235 3185 472 3290 φισβητήτως
500 3184 654 3289 ἔχοντος,
676 3189 724 3270 ὡς
751 3184 817 3285 τὴν
839 3188 896 3266 ε’πί
924 3193 998 3269 τοῖς
1025 3184 1193 3291 ἐσχάτοις
1219 3187 1438 3266 άποίσονται

234 3304 390 3386 κόλασιν
421 3313 455 3386 οἰ
487 3315 724 3413 καταφρονεῖν
754 3306 945 3407 ἐγνωκότες
980 3310 1100 3406 αῦτοῦ,
1135 3311 1193 3388 καί
1223 3308 1289 3408 τὴν
1321 3310 1438 3394 οὕτως

234 3429 528 3535 άξιοθαῦμαστον
545 3429 797 3532 περιπτόοντες
814 3429 960 3531 δωρεάν.
1452 3458 1492 3520 ²5

182 3633 311 3709 45Ὅτε
338 3629 395 3700 οὖν
418 3629 516 3699 ιίλθεν
539 3631 585 3699 εἰς
609 3635 668 3700 τλν
691 3633 875 3716 Γαλιλαίαν,
898 3635 1053 3706 ἐδέξαντο
1077 3638 1176 3707 αὐτὸν
1199 3636 1229 3704 οἱ
1255 3632 1436 3721 Γαλιλαῖοι,

66 3774 222 3831 zoam
285 3760 392 3825 πάντα
417 3758 604 3847 ἑωρακότες
627 3761 688 3827 ὅσα
713 3759 864 3827 ὲποίιιοεν
885 3762 920 3827 ὲν
935 3762 1176 3852 Ἰεροοολύμοιο
1199 3763 1235 3829 ἐν
1253 3768 1294 3854 τῇ
1319 3764 1434 3855 ἑορτῇ·

289 4033 369 4111 Οὐκ
399 4032 668 4136 ἀπερισκέπτως
700 4037 734 4110 οἰ
763 4038 953 4114 Γαλιλαῖοι
986 4035 1148 4140 δέχονται
1177 4034 1241 4114 τὸν
1267 4036 1432 4134 Ἰησοῦν,

262 4232 293 4301 ,¹⁸
312 4216 358 4283 τήν
369 4218 459 4271 πίστιν
470 4215 668 4288 ε’γκατακρῦφος
680 4215 731 4270 hoc
743 4215 836 4271 ordine
850 4217 882 4273 Β.
952 4237 979 4291 3.
996 4222 1178 4292 κατεχωσμένη
1193 4222 1225 4278 Β.
1297 4243 1322 4289 4.
1341 4223 1433 4278 ε’νανα·

231 4288 325 4356 φυοιτο
340 4286 371 4341 Β.
437 4302 462 4356 5.
476 4287 511 4342 εἰς
525 4286 557 4340 Β.
623 4288 649 4342 8.
662 4287 703 4340 καί
714 4287 858 4375 τετράφθαι
872 4289 942 4344 Β.Ι).
955 4294 1161 4364 κατατετράφθαι
1174 4293 1225 4351 Ed.
1238 4294 1432 4364 ἀνατετράφθαι

231 4379 398 4451 λε’τροφθιιι
411 4383 472 4450 (sic)
485 4383 591 4453 conjicit
605 4382 631 4436 D
644 4401 699 4453 mg.
761 4381 807 4437 δοἐ
819 4386 915 4438 ναστὸν
927 4385 953 4439 D
968 4404 1022 4457 mg.
1198 4406 1224 4459 9.
1243 4388 1381 4459 ἀναγκαίαν
1395 4389 1430 4447 Β.

230 4449 371 4521 δναγκαίυς
384 4451 434 4505 Ed.
503 4469 544 4506 11.
557 4452 646 4523 αῦτδς]
660 4455 746 4509 αῦτοῖς
761 4452 792 4508 Β.
830 4454 1059 4580 Statimdiorhss
1068 4457 1101 4513 B.
1167 4474 1208 4512 12.
1221 4459 1431 4529 ήγεῖσθαιοῦδὸ

229 4518 286 4575 ίαν.
297 4520 355 4574 ord.
371 4521 402 4573 Β.
477 4540 518 4592 13·
531 4523 633 4594 ὑπάρχῃ
647 4523 683 4577 D.
758 4537 797 4594 ¹7·
811 4526 1068 4595 συμποριίδεκτος.
1143 4530 1183 4583 18.
1195 4528 1296 4600 γένοιτο
1307 4543 1362 4585 om.
1378 4529 1412 4588 Β.
