<?xml version="1.0" encoding="UTF-8"?>
<!DOCTYPE html PUBLIC "-//W3C//DTD XHTML 1.0 Transitional//EN"
    "http://www.w3.org/TR/xhtml1/DTD/xhtml1-transitional.dtd">
<html xmlns="http://www.w3.org/1999/xhtml" xml:lang="en" lang="en">
 <head>
  <title>
</title>
<meta http-equiv="Content-Type" content="text/html;charset=utf-8" />
  <meta name='ocr-system' content='tesseract 3.04.00' />
  <meta name='ocr-capabilities' content='ocr_page ocr_carea ocr_par ocr_line ocrx_word'/>
</head>
<body>
  <div class='ocr_page' id='page_1' title='image "./sanctipatrisnos00pusegoog_0090.png"; bbox 0 0 3038 5018; ppageno 0'>
   <div class='ocr_carea' id='block_1_1' title="bbox 99 286 1299 370">
    <p class='ocr_par' dir='ltr' id='par_1_1' title="bbox 99 286 1299 370">
     <span class='ocr_line' id='line_1_1' title="bbox 99 286 1299 370; baseline 0.002 -18"><span class='ocrx_word' id='word_1_1' title='bbox 99 288 164 370; x_wconf 41' lang='lat' dir='ltr'>i24.</span> <span class='ocrx_word' id='word_1_2' title='bbox 286 286 344 353; x_wconf 91' lang='lat' dir='ltr'>IN</span> <span class='ocrx_word' id='word_1_3' title='bbox 373 286 684 353; x_wconf 83' lang='lat' dir='ltr'><strong>S.JOANNEM.</strong></span> <span class='ocrx_word' id='word_1_4' title='bbox 730 286 826 353; x_wconf 86' lang='lat' dir='ltr'><strong>LIB.</strong></span> <span class='ocrx_word' id='word_1_5' title='bbox 851 287 879 352; x_wconf 88' lang='grc' dir='ltr'>Ι.</span> <span class='ocrx_word' id='word_1_6' title='bbox 924 286 1113 355; x_wconf 77' lang='lat' dir='ltr'><strong>CARVI.</strong></span> <span class='ocrx_word' id='word_1_7' title='bbox 1257 290 1299 354; x_wconf 80' lang='lat'>7⁷</span> 
     </span>
    </p>
   </div>
   <div class='ocr_carea' id='block_1_2' title="bbox 47 448 1469 4390">
    <p class='ocr_par' dir='ltr' id='par_1_2' title="bbox 47 448 1469 4390">
     <span class='ocr_line' id='line_1_2' title="bbox 97 448 1302 554; baseline -0.002 -22"><span class='ocrx_word' id='word_1_8' title='bbox 97 455 271 552; x_wconf 78' lang='grc' dir='ltr'>μηδαμῶς</span> <span class='ocrx_word' id='word_1_9' title='bbox 296 456 345 536; x_wconf 84' lang='grc' dir='ltr'>είς</span> <span class='ocrx_word' id='word_1_10' title='bbox 373 459 480 532; x_wconf 90' lang='grc' dir='ltr'>τοῦτο</span> <span class='ocrx_word' id='word_1_11' title='bbox 509 459 573 532; x_wconf 90' lang='grc' dir='ltr'>τοῦ</span> <span class='ocrx_word' id='word_1_12' title='bbox 600 451 821 552; x_wconf 83' lang='grc' dir='ltr'>ποιήσαντος</span> <span class='ocrx_word' id='word_1_13' title='bbox 850 456 958 532; x_wconf 83' lang='grc' dir='ltr'>Θεοῦ.</span> <span class='ocrx_word' id='word_1_14' title='bbox 1010 449 1111 532; x_wconf 74' lang='grc' dir='ltr'>οὐδὲν</span> <span class='ocrx_word' id='word_1_15' title='bbox 1139 451 1202 531; x_wconf 87' lang='grc' dir='ltr'>οῦν</span> <span class='ocrx_word' id='word_1_16' title='bbox 1230 448 1302 554; x_wconf 79' lang='grc' dir='ltr'>ἄρα</span> 
     </span>
     <span class='ocr_line' id='line_1_3' title="bbox 97 571 1302 683; baseline -0.002 -27"><span class='ocrx_word' id='word_1_17' title='bbox 97 571 142 656; x_wconf 87' lang='grc' dir='ltr'>τὸ</span> <span class='ocrx_word' id='word_1_18' title='bbox 177 581 305 656; x_wconf 90' lang='grc' dir='ltr'>πλεῖον</span> <span class='ocrx_word' id='word_1_19' title='bbox 340 577 378 653; x_wconf 89' lang='grc' dir='ltr'>ἐν</span> <span class='ocrx_word' id='word_1_20' title='bbox 411 579 494 683; x_wconf 75' lang='grc' dir='ltr'>Θεῷ</span> <span class='ocrx_word' id='word_1_21' title='bbox 529 573 630 678; x_wconf 79' lang='grc' dir='ltr'>παρὰ</span> <span class='ocrx_word' id='word_1_22' title='bbox 666 572 732 673; x_wconf 87' lang='grc' dir='ltr'>τὴν</span> <span class='ocrx_word' id='word_1_23' title='bbox 764 576 893 655; x_wconf 82' lang='grc' dir='ltr'>κτίσιν.</span> <span class='ocrx_word' id='word_1_24' title='bbox 952 577 1088 680; x_wconf 81' lang='grc' dir='ltr'>ἐνεργεῖ</span> <span class='ocrx_word' id='word_1_25' title='bbox 1122 574 1194 679; x_wconf 81' lang='grc' dir='ltr'>γὰρ</span> <span class='ocrx_word' id='word_1_26' title='bbox 1234 574 1302 679; x_wconf 86' lang='grc' dir='ltr'>οὐχ</span> 
     </span>
     <span class='ocr_line' id='line_1_4' title="bbox 97 695 1301 799; baseline 0.001 -22"><span class='ocrx_word' id='word_1_27' title='bbox 97 699 222 799; x_wconf 83' lang='grc' dir='ltr'>ἦττον,</span> <span class='ocrx_word' id='word_1_28' title='bbox 251 695 274 798; x_wconf 82' lang='grc' dir='ltr'>ἢ</span> <span class='ocrx_word' id='word_1_29' title='bbox 306 700 354 782; x_wconf 85' lang='grc' dir='ltr'>ὡς</span> <span class='ocrx_word' id='word_1_30' title='bbox 381 696 426 777; x_wconf 81' lang='grc' dir='ltr'>ἂν</span> <span class='ocrx_word' id='word_1_31' title='bbox 451 697 596 798; x_wconf 81' lang='grc' dir='ltr'>δύνηται</span> <span class='ocrx_word' id='word_1_32' title='bbox 627 695 730 782; x_wconf 87' lang='grc' dir='ltr'>Θεάς.</span> <span class='ocrx_word' id='word_1_33' title='bbox 780 697 880 778; x_wconf 77' lang='grc' dir='ltr'>ἀλλὰ</span> <span class='ocrx_word' id='word_1_34' title='bbox 911 708 1017 779; x_wconf 89' lang='grc' dir='ltr'>τοῦτο</span> <span class='ocrx_word' id='word_1_35' title='bbox 1047 699 1195 781; x_wconf 78' lang='grc' dir='ltr'>ἄτοπον·</span> <span class='ocrx_word' id='word_1_36' title='bbox 1236 699 1301 778; x_wconf 88' lang='grc' dir='ltr'>οὐκ</span> 
     </span>
     <span class='ocr_line' id='line_1_5' title="bbox 98 819 1302 925; baseline 0.001 -25"><span class='ocrx_word' id='word_1_37' title='bbox 98 824 170 925; x_wconf 79' lang='grc' dir='ltr'>ἄρα</span> <span class='ocrx_word' id='word_1_38' title='bbox 193 819 342 923; x_wconf 91' lang='grc' dir='ltr'>γενητὸς</span> <span class='ocrx_word' id='word_1_39' title='bbox 370 822 390 901; x_wconf 87' lang='grc' dir='ltr'>ὸ</span> <span class='ocrx_word' id='word_1_40' title='bbox 416 820 514 921; x_wconf 79' lang='grc' dir='ltr'>Υἱὸς,</span> <span class='ocrx_word' id='word_1_41' title='bbox 539 821 632 907; x_wconf 94' lang='grc' dir='ltr'>Θεὸς</span> <span class='ocrx_word' id='word_1_42' title='bbox 656 819 695 903; x_wconf 84' lang='grc' dir='ltr'>δέ</span> <span class='ocrx_word' id='word_1_43' title='bbox 719 829 878 922; x_wconf 81' lang='grc' dir='ltr'>μᾶλλον,</span> <span class='ocrx_word' id='word_1_44' title='bbox 900 826 959 903; x_wconf 79' lang='grc' dir='ltr'>καὶ</span> <span class='ocrx_word' id='word_1_45' title='bbox 988 821 1047 903; x_wconf 82' lang='grc' dir='ltr'>διὸ</span> <span class='ocrx_word' id='word_1_46' title='bbox 1074 830 1180 904; x_wconf 85' lang='grc' dir='ltr'>τοῦτο</span> <span class='ocrx_word' id='word_1_47' title='bbox 1210 819 1302 902; x_wconf 74' lang='grc' dir='ltr'>κατὰ</span> 
     </span>
     <span class='ocr_line' id='line_1_6' title="bbox 65 942 405 1052; baseline -0.009 -24"><span class='ocrx_word' id='word_1_48' title='bbox 65 942 215 1052; x_wconf 85' lang='grc' dir='ltr'>5φὺσιν</span> <span class='ocrx_word' id='word_1_49' title='bbox 238 946 298 1025; x_wconf 81' lang='grc' dir='ltr'>καὶ</span> <span class='ocrx_word' id='word_1_50' title='bbox 323 943 405 1048; x_wconf 85' lang='grc' dir='ltr'>ζωή.</span> 
     </span>
     <span class='ocr_line' id='line_1_7' title="bbox 155 1067 1300 1176; baseline 0.006 -32"><span class='ocrx_word' id='word_1_51' title='bbox 155 1098 256 1146; x_wconf 61' lang='lat' dir='ltr'>mmo,</span> <span class='ocrx_word' id='word_1_52' title='bbox 284 1067 364 1169; x_wconf 86' lang='grc' dir='ltr'>Τὴν</span> <span class='ocrx_word' id='word_1_53' title='bbox 382 1069 480 1149; x_wconf 82' lang='grc' dir='ltr'>θείαν</span> <span class='ocrx_word' id='word_1_54' title='bbox 498 1070 755 1174; x_wconf 86' lang='grc' dir='ltr'>ὑπερθαυμάζει</span> <span class='ocrx_word' id='word_1_55' title='bbox 773 1070 898 1176; x_wconf 84' lang='grc' dir='ltr'>φάσιν,</span> <span class='ocrx_word' id='word_1_56' title='bbox 913 1074 972 1150; x_wconf 79' lang='grc' dir='ltr'>καὶ</span> <span class='ocrx_word' id='word_1_57' title='bbox 990 1067 1092 1169; x_wconf 84' lang='grc' dir='ltr'>μάλα</span> <span class='ocrx_word' id='word_1_58' title='bbox 1110 1070 1300 1169; x_wconf 84' lang='grc' dir='ltr'>είκότως,ὁ</span> 
     </span>
     <span class='ocr_line' id='line_1_8' title="bbox 98 1190 1330 1302; baseline 0.002 -29"><span class='ocrx_word' id='word_1_59' title='bbox 98 1190 314 1302; x_wconf 75' lang='grc' dir='ltr'>ψαλμιρδὸς,</span> <span class='ocrx_word' id='word_1_60' title='bbox 337 1196 395 1274; x_wconf 81' lang='grc' dir='ltr'>καὶ</span> <span class='ocrx_word' id='word_1_61' title='bbox 423 1191 467 1292; x_wconf 87' lang='grc' dir='ltr'>δὴ</span> <span class='ocrx_word' id='word_1_62' title='bbox 495 1195 554 1272; x_wconf 85' lang='grc' dir='ltr'>καὶ</span> <span class='ocrx_word' id='word_1_63' title='bbox 581 1194 723 1300; x_wconf 82' lang='grc' dir='ltr'>ἀξίωμα</span> <span class='ocrx_word' id='word_1_64' title='bbox 750 1193 953 1275; x_wconf 82' lang='grc' dir='ltr'>κάλλιστον</span> <span class='ocrx_word' id='word_1_65' title='bbox 974 1195 1187 1294; x_wconf 82' lang='grc' dir='ltr'>ἀνατίθησιν</span> <span class='ocrx_word' id='word_1_66' title='bbox 1209 1196 1330 1300; x_wconf 83' lang='grc' dir='ltr'>αὐτῆι·</span> 
     </span>
     <span class='ocr_line' id='line_1_9' title="bbox 99 1314 1387 1421; baseline 0.001 -25"><span class='ocrx_word' id='word_1_67' title='bbox 99 1317 219 1420; x_wconf 82' lang='grc' dir='ltr'>λέγων</span> <span class='ocrx_word' id='word_1_68' title='bbox 241 1327 263 1365; x_wconf 89' lang='lat'>“</span> <span class='ocrx_word' id='word_1_69' title='bbox 276 1314 365 1396; x_wconf 89' lang='grc' dir='ltr'>Ὅτι</span> <span class='ocrx_word' id='word_1_70' title='bbox 391 1314 491 1420; x_wconf 83' lang='grc' dir='ltr'>παρὰ</span> <span class='ocrx_word' id='word_1_71' title='bbox 513 1318 575 1396; x_wconf 78' lang='grc' dir='ltr'>σοὶ</span> <span class='ocrx_word' id='word_1_72' title='bbox 598 1318 698 1421; x_wconf 82' lang='grc' dir='ltr'>πηγῆ</span> <span class='ocrx_word' id='word_1_73' title='bbox 725 1317 848 1421; x_wconf 88' lang='grc' dir='ltr'>ζωῆς.”</span> <span class='ocrx_word' id='word_1_74' title='bbox 887 1317 972 1396; x_wconf 82' lang='grc' dir='ltr'>ἀλλ’</span> <span class='ocrx_word' id='word_1_75' title='bbox 992 1317 1090 1421; x_wconf 84' lang='grc' dir='ltr'>ε’ίπερ</span> <span class='ocrx_word' id='word_1_76' title='bbox 1117 1318 1300 1417; x_wconf 74' lang='grc' dir='ltr'>ὑπέστησε</span> <span class='ocrx_word' id='word_1_77' title='bbox 1345 1332 1387 1382; x_wconf 55' lang='lat' dir='ltr'>P*</span> 
     </span>
     <span class='ocr_line' id='line_1_10' title="bbox 99 1411 1469 1546; baseline 0.001 -26"><span class='ocrx_word' id='word_1_78' title='bbox 99 1439 164 1521; x_wconf 86' lang='grc' dir='ltr'>τὸν</span> <span class='ocrx_word' id='word_1_79' title='bbox 181 1437 311 1520; x_wconf 83' lang='grc' dir='ltr'>Υίὸνὺ</span> <span class='ocrx_word' id='word_1_80' title='bbox 339 1439 477 1544; x_wconf 86' lang='grc' dir='ltr'>Πατὴρ,</span> <span class='ocrx_word' id='word_1_81' title='bbox 496 1443 554 1520; x_wconf 83' lang='grc' dir='ltr'>καὶ</span> <span class='ocrx_word' id='word_1_82' title='bbox 579 1442 643 1521; x_wconf 89' lang='grc' dir='ltr'>οὑκ</span> <span class='ocrx_word' id='word_1_83' title='bbox 668 1444 708 1521; x_wconf 85' lang='grc' dir='ltr'>ἐκ</span> <span class='ocrx_word' id='word_1_84' title='bbox 732 1446 796 1541; x_wconf 90' lang='grc' dir='ltr'>τῆς</span> <span class='ocrx_word' id='word_1_85' title='bbox 820 1441 947 1525; x_wconf 79' lang='grc' dir='ltr'>οὐσίας</span> <span class='ocrx_word' id='word_1_86' title='bbox 973 1441 1045 1546; x_wconf 78' lang='grc' dir='ltr'>ἔχει</span> <span class='ocrx_word' id='word_1_87' title='bbox 1070 1445 1134 1541; x_wconf 88' lang='grc' dir='ltr'>τῆς</span> <span class='ocrx_word' id='word_1_88' title='bbox 1157 1442 1298 1539; x_wconf 83' lang='grc' dir='ltr'>ἑαυτοῦ,</span> <span class='ocrx_word' id='word_1_89' title='bbox 1345 1411 1469 1448; x_wconf 59' lang='lat' dir='ltr'>xxxv-ao.</span> 
     </span>
     <span class='ocr_line' id='line_1_11' title="bbox 47 1562 1303 1671; baseline 0.002 -29"><span class='ocrx_word' id='word_1_90' title='bbox 47 1602 86 1642; x_wconf 81' lang='grc' dir='ltr'>ιο</span> <span class='ocrx_word' id='word_1_91' title='bbox 99 1562 315 1666; x_wconf 80' lang='grc' dir='ltr'>ζωοποιεῖδέ</span> <span class='ocrx_word' id='word_1_92' title='bbox 334 1566 392 1643; x_wconf 78' lang='grc' dir='ltr'>καὶ</span> <span class='ocrx_word' id='word_1_93' title='bbox 414 1567 526 1648; x_wconf 86' lang='grc' dir='ltr'>οὑτως</span> <span class='ocrx_word' id='word_1_94' title='bbox 552 1564 643 1669; x_wconf 78' lang='grc' dir='ltr'>ἔχων</span> <span class='ocrx_word' id='word_1_95' title='bbox 662 1563 708 1645; x_wconf 80' lang='grc' dir='ltr'>τὸ</span> <span class='ocrx_word' id='word_1_96' title='bbox 732 1563 864 1667; x_wconf 79' lang='grc' dir='ltr'>γενητοὶ</span> <span class='ocrx_word' id='word_1_97' title='bbox 890 1567 948 1645; x_wconf 78' lang='grc' dir='ltr'>καὶ</span> <span class='ocrx_word' id='word_1_98' title='bbox 974 1562 1044 1667; x_wconf 87' lang='grc' dir='ltr'>ζωῆ</span> <span class='ocrx_word' id='word_1_99' title='bbox 1071 1562 1164 1644; x_wconf 82' lang='grc' dir='ltr'>κατὰ</span> <span class='ocrx_word' id='word_1_100' title='bbox 1188 1562 1303 1671; x_wconf 84' lang='grc' dir='ltr'>φάσιν</span> 
     </span>
     <span class='ocr_line' id='line_1_12' title="bbox 99 1685 1313 1796; baseline 0.001 -30"><span class='ocrx_word' id='word_1_101' title='bbox 99 1689 201 1768; x_wconf 81' lang='grc' dir='ltr'>ἐστὶν</span> <span class='ocrx_word' id='word_1_102' title='bbox 220 1689 268 1771; x_wconf 84' lang='grc' dir='ltr'>ὡς</span> <span class='ocrx_word' id='word_1_103' title='bbox 293 1685 476 1791; x_wconf 87' lang='grc' dir='ltr'>ζωοποιὸς,</span> <span class='ocrx_word' id='word_1_104' title='bbox 496 1689 535 1767; x_wconf 90' lang='grc' dir='ltr'>τί</span> <span class='ocrx_word' id='word_1_105' title='bbox 556 1687 674 1789; x_wconf 84' lang='grc' dir='ltr'>μάτην</span> <span class='ocrx_word' id='word_1_106' title='bbox 696 1691 716 1769; x_wconf 85' lang='grc' dir='ltr'><strong>ὁ</strong></span> <span class='ocrx_word' id='word_1_107' title='bbox 740 1688 943 1796; x_wconf 78' lang='grc' dir='ltr'>ψαλμῳδὸς</span> <span class='ocrx_word' id='word_1_108' title='bbox 971 1690 1178 1770; x_wconf 90' lang='grc' dir='ltr'>διατείνεται</span> <span class='ocrx_word' id='word_1_109' title='bbox 1202 1686 1313 1790; x_wconf 71' lang='grc' dir='ltr'>παρὸ</span> 
     </span>
     <span class='ocr_line' id='line_1_13' title="bbox 99 1807 1302 1919; baseline 0.001 -29"><span class='ocrx_word' id='word_1_110' title='bbox 99 1807 198 1919; x_wconf 80' lang='grc' dir='ltr'>μόνῳ</span> <span class='ocrx_word' id='word_1_111' title='bbox 231 1816 284 1918; x_wconf 74' lang='grc' dir='ltr'>τῷ</span> <span class='ocrx_word' id='word_1_112' title='bbox 314 1816 397 1918; x_wconf 74' lang='grc' dir='ltr'>Θεῷ</span> <span class='ocrx_word' id='word_1_113' title='bbox 424 1811 545 1913; x_wconf 82' lang='grc' dir='ltr'>πηγὴν</span> <span class='ocrx_word' id='word_1_114' title='bbox 573 1811 662 1915; x_wconf 97' lang='grc' dir='ltr'>ζωῆς</span> <span class='ocrx_word' id='word_1_115' title='bbox 695 1809 783 1893; x_wconf 82' lang='grc' dir='ltr'>εἶναι</span> <span class='ocrx_word' id='word_1_116' title='bbox 815 1813 957 1914; x_wconf 86' lang='grc' dir='ltr'>λέγων;</span> <span class='ocrx_word' id='word_1_117' title='bbox 1000 1812 1194 1918; x_wconf 76' lang='grc' dir='ltr'>ἐπιδέχεται</span> <span class='ocrx_word' id='word_1_118' title='bbox 1229 1811 1302 1916; x_wconf 77' lang='grc' dir='ltr'>γὰρ</span> 
     </span>
     <span class='ocr_line' id='line_1_14' title="bbox 100 1931 1302 2043; baseline 0.002 -31"><span class='ocrx_word' id='word_1_119' title='bbox 100 1931 187 2013; x_wconf 89' lang='grc' dir='ltr'>αὐτὸ</span> <span class='ocrx_word' id='word_1_120' title='bbox 206 1935 265 2013; x_wconf 78' lang='grc' dir='ltr'>καὶ</span> <span class='ocrx_word' id='word_1_121' title='bbox 284 1934 307 2033; x_wconf 90' lang='grc' dir='ltr'>ῆ</span> <span class='ocrx_word' id='word_1_122' title='bbox 325 1940 397 2013; x_wconf 82' lang='grc' dir='ltr'>τῶν</span> <span class='ocrx_word' id='word_1_123' title='bbox 414 1941 574 2035; x_wconf 80' lang='grc' dir='ltr'>γενητῶν</span> <span class='ocrx_word' id='word_1_124' title='bbox 593 1935 714 2043; x_wconf 82' lang='grc' dir='ltr'>φύσις,</span> <span class='ocrx_word' id='word_1_125' title='bbox 733 1942 763 2015; x_wconf 88' lang='grc' dir='ltr'>εί</span> <span class='ocrx_word' id='word_1_126' title='bbox 789 1934 960 2038; x_wconf 82' lang='grc' dir='ltr'>ζωοποιεῖ,</span> <span class='ocrx_word' id='word_1_127' title='bbox 981 1936 1094 2016; x_wconf 91' lang='grc' dir='ltr'>καίτοι</span> <span class='ocrx_word' id='word_1_128' title='bbox 1118 1940 1183 2035; x_wconf 88' lang='grc' dir='ltr'>τῆς</span> <span class='ocrx_word' id='word_1_129' title='bbox 1206 1935 1302 2020; x_wconf 89' lang='grc' dir='ltr'>θείας</span> 
     </span>
     <span class='ocr_line' id='line_1_15' title="bbox 104 2054 1300 2161; baseline 0.005 -26"><span class='ocrx_word' id='word_1_130' title='bbox 104 2057 169 2136; x_wconf 90' lang='grc' dir='ltr'>οὐκ</span> <span class='ocrx_word' id='word_1_131' title='bbox 204 2054 376 2161; x_wconf 88' lang='grc' dir='ltr'>ὑπάρχων</span> <span class='ocrx_word' id='word_1_132' title='bbox 407 2059 533 2143; x_wconf 81' lang='grc' dir='ltr'>οὐσίας</span> <span class='ocrx_word' id='word_1_133' title='bbox 570 2061 591 2138; x_wconf 89' lang='grc' dir='ltr'>ὑ</span> <span class='ocrx_word' id='word_1_134' title='bbox 623 2058 711 2144; x_wconf 79' lang='grc' dir='ltr'>Υἱὸς</span> <span class='ocrx_word' id='word_1_135' title='bbox 748 2058 840 2140; x_wconf 83' lang='grc' dir='ltr'>κατὰ</span> <span class='ocrx_word' id='word_1_136' title='bbox 871 2058 939 2159; x_wconf 80' lang='grc' dir='ltr'>τὴν</span> <span class='ocrx_word' id='word_1_137' title='bbox 970 2066 1077 2139; x_wconf 87' lang='grc' dir='ltr'>τινῶν</span> <span class='ocrx_word' id='word_1_138' title='bbox 1109 2062 1300 2154; x_wconf 85' lang='grc' dir='ltr'>ἀβουλίαν.</span> 
     </span>
     <span class='ocr_line' id='line_1_16' title="bbox 50 2178 1303 2289; baseline 0.003 -25"><span class='ocrx_word' id='word_1_139' title='bbox 50 2203 88 2264; x_wconf 86' lang='lat'>15</span> <span class='ocrx_word' id='word_1_140' title='bbox 101 2178 202 2260; x_wconf 81' lang='grc' dir='ltr'>ἀλλὰ</span> <span class='ocrx_word' id='word_1_141' title='bbox 230 2189 336 2261; x_wconf 88' lang='grc' dir='ltr'>τοῦτο</span> <span class='ocrx_word' id='word_1_142' title='bbox 370 2180 518 2262; x_wconf 77' lang='grc' dir='ltr'>ι’ίτοπον·</span> <span class='ocrx_word' id='word_1_143' title='bbox 562 2183 690 2263; x_wconf 88' lang='grc' dir='ltr'>οὐκοῦν</span> <span class='ocrx_word' id='word_1_144' title='bbox 718 2180 788 2286; x_wconf 86' lang='grc' dir='ltr'>ζωῆ</span> <span class='ocrx_word' id='word_1_145' title='bbox 816 2180 908 2264; x_wconf 77' lang='grc' dir='ltr'>κατὰ</span> <span class='ocrx_word' id='word_1_146' title='bbox 936 2183 1052 2289; x_wconf 83' lang='grc' dir='ltr'>φύσιν</span> <span class='ocrx_word' id='word_1_147' title='bbox 1078 2183 1099 2262; x_wconf 88' lang='grc' dir='ltr'>ὑ</span> <span class='ocrx_word' id='word_1_148' title='bbox 1126 2183 1226 2282; x_wconf 84' lang='grc' dir='ltr'>Υίὸς,</span> <span class='ocrx_word' id='word_1_149' title='bbox 1254 2187 1303 2268; x_wconf 85' lang='grc' dir='ltr'>ὡς</span> 
     </span>
     <span class='ocr_line' id='line_1_17' title="bbox 101 2302 745 2411; baseline 0.005 -26"><span class='ocrx_word' id='word_1_150' title='bbox 101 2302 194 2388; x_wconf 88' lang='grc' dir='ltr'>Θεὸς</span> <span class='ocrx_word' id='word_1_151' title='bbox 218 2306 257 2384; x_wconf 88' lang='grc' dir='ltr'>ἐκ</span> <span class='ocrx_word' id='word_1_152' title='bbox 279 2309 385 2402; x_wconf 82' lang='grc' dir='ltr'>Θεοῦ,</span> <span class='ocrx_word' id='word_1_153' title='bbox 404 2309 463 2385; x_wconf 84' lang='grc' dir='ltr'>καὶ</span> <span class='ocrx_word' id='word_1_154' title='bbox 485 2305 554 2409; x_wconf 88' lang='grc' dir='ltr'>ζωῆ</span> <span class='ocrx_word' id='word_1_155' title='bbox 579 2310 618 2386; x_wconf 88' lang='grc' dir='ltr'>ἐκ</span> <span class='ocrx_word' id='word_1_156' title='bbox 643 2307 745 2411; x_wconf 84' lang='grc' dir='ltr'>ζωῆς.</span> 
     </span>
     <span class='ocr_line' id='line_1_18' title="bbox 156 2424 1303 2534; baseline 0.003 -29"><span class='ocrx_word' id='word_1_157' title='bbox 156 2459 258 2508; x_wconf 67' lang='lat' dir='ltr'>mo,</span> <span class='ocrx_word' id='word_1_158' title='bbox 286 2434 332 2508; x_wconf 82' lang='grc' dir='ltr'>Εἰ</span> <span class='ocrx_word' id='word_1_159' title='bbox 358 2424 427 2532; x_wconf 87' lang='grc' dir='ltr'>ζωῆ</span> <span class='ocrx_word' id='word_1_160' title='bbox 454 2426 546 2508; x_wconf 80' lang='grc' dir='ltr'>κατὰ</span> <span class='ocrx_word' id='word_1_161' title='bbox 570 2428 684 2534; x_wconf 83' lang='grc' dir='ltr'>φύσιν</span> <span class='ocrx_word' id='word_1_162' title='bbox 707 2427 879 2534; x_wconf 80' lang='grc' dir='ltr'>ὑπάρχων</span> <span class='ocrx_word' id='word_1_163' title='bbox 901 2427 1028 2513; x_wconf 84' lang='grc' dir='ltr'>ὑΥίὸς</span> <span class='ocrx_word' id='word_1_164' title='bbox 1052 2429 1199 2531; x_wconf 86' lang='grc' dir='ltr'>γενητὺς</span> <span class='ocrx_word' id='word_1_165' title='bbox 1223 2431 1303 2510; x_wconf 88' lang='grc' dir='ltr'>ἐστι</span> 
     </span>
     <span class='ocr_line' id='line_1_19' title="bbox 100 2549 1304 2653; baseline 0.002 -22"><span class='ocrx_word' id='word_1_166' title='bbox 100 2555 160 2632; x_wconf 82' lang='grc' dir='ltr'>καῖ</span> <span class='ocrx_word' id='word_1_167' title='bbox 177 2553 424 2652; x_wconf 79' lang='grc' dir='ltr'>πεποιημένος,</span> <span class='ocrx_word' id='word_1_168' title='bbox 442 2549 504 2633; x_wconf 84' lang='grc' dir='ltr'>άτε</span> <span class='ocrx_word' id='word_1_169' title='bbox 523 2551 567 2653; x_wconf 89' lang='grc' dir='ltr'>δῆ</span> <span class='ocrx_word' id='word_1_170' title='bbox 587 2551 628 2633; x_wconf 90' lang='grc' dir='ltr'>τὸ</span> <span class='ocrx_word' id='word_1_171' title='bbox 646 2556 685 2632; x_wconf 87' lang='grc' dir='ltr'>ἐκ</span> <span class='ocrx_word' id='word_1_172' title='bbox 703 2558 767 2653; x_wconf 87' lang='grc' dir='ltr'>τῆς</span> <span class='ocrx_word' id='word_1_173' title='bbox 786 2554 911 2638; x_wconf 80' lang='grc' dir='ltr'>οὐσίας</span> <span class='ocrx_word' id='word_1_174' title='bbox 934 2550 1022 2633; x_wconf 82' lang='grc' dir='ltr'>εἶναι</span> <span class='ocrx_word' id='word_1_175' title='bbox 1044 2560 1108 2632; x_wconf 88' lang='grc' dir='ltr'>τοῦ</span> <span class='ocrx_word' id='word_1_176' title='bbox 1127 2558 1222 2634; x_wconf 90' lang='grc' dir='ltr'>Θεοῦ</span> <span class='ocrx_word' id='word_1_177' title='bbox 1245 2556 1304 2634; x_wconf 82' lang='grc' dir='ltr'>καὶ</span> 
     </span>
     <span class='ocr_line' id='line_1_20' title="bbox 103 2674 1304 2785; baseline 0.001 -29"><span class='ocrx_word' id='word_1_178' title='bbox 103 2676 248 2781; x_wconf 87' lang='grc' dir='ltr'>Πατρὸς</span> <span class='ocrx_word' id='word_1_179' title='bbox 267 2678 331 2757; x_wconf 92' lang='grc' dir='ltr'>οὐκ</span> <span class='ocrx_word' id='word_1_180' title='bbox 349 2676 442 2782; x_wconf 76' lang='grc' dir='ltr'>ἔχων</span> <span class='ocrx_word' id='word_1_181' title='bbox 460 2674 552 2755; x_wconf 81' lang='grc' dir='ltr'>κατὰ</span> <span class='ocrx_word' id='word_1_182' title='bbox 570 2676 636 2776; x_wconf 85' lang='grc' dir='ltr'>τῆν</span> <span class='ocrx_word' id='word_1_183' title='bbox 656 2679 798 2758; x_wconf 83' lang='grc' dir='ltr'>ἐκείνων</span> <span class='ocrx_word' id='word_1_184' title='bbox 816 2675 996 2775; x_wconf 85' lang='grc' dir='ltr'>ὑπόνοιαν,</span> <span class='ocrx_word' id='word_1_185' title='bbox 1015 2674 1213 2785; x_wconf 83' lang='grc' dir='ltr'>ἐπιδέξεται</span> <span class='ocrx_word' id='word_1_186' title='bbox 1230 2683 1304 2757; x_wconf 79' lang='grc' dir='ltr'>τῶν</span> 
     </span>
     <span class='ocr_line' id='line_1_21' title="bbox 49 2795 1305 2906; baseline -0.003 -22"><span class='ocrx_word' id='word_1_187' title='bbox 49 2843 89 2884; x_wconf 86' lang='lat'>20</span> <span class='ocrx_word' id='word_1_188' title='bbox 101 2807 262 2904; x_wconf 82' lang='grc' dir='ltr'>γενητῶν</span> <span class='ocrx_word' id='word_1_189' title='bbox 284 2800 307 2899; x_wconf 91' lang='grc' dir='ltr'>ῆ</span> <span class='ocrx_word' id='word_1_190' title='bbox 332 2800 445 2906; x_wconf 80' lang='grc' dir='ltr'>φύσις</span> <span class='ocrx_word' id='word_1_191' title='bbox 469 2797 511 2879; x_wconf 88' lang='grc' dir='ltr'>τὸ</span> <span class='ocrx_word' id='word_1_192' title='bbox 536 2795 626 2879; x_wconf 82' lang='grc' dir='ltr'>εἷναί</span> <span class='ocrx_word' id='word_1_193' title='bbox 648 2835 686 2880; x_wconf 89' lang='grc' dir='ltr'>τε</span> <span class='ocrx_word' id='word_1_194' title='bbox 712 2803 770 2881; x_wconf 84' lang='grc' dir='ltr'>καὶ</span> <span class='ocrx_word' id='word_1_195' title='bbox 795 2806 986 2880; x_wconf 85' lang='grc' dir='ltr'>καλεῖσθαι</span> <span class='ocrx_word' id='word_1_196' title='bbox 1011 2800 1095 2904; x_wconf 81' lang='grc' dir='ltr'>ζωή·</span> <span class='ocrx_word' id='word_1_197' title='bbox 1137 2801 1240 2881; x_wconf 81' lang='grc' dir='ltr'>ἔσται</span> <span class='ocrx_word' id='word_1_198' title='bbox 1265 2797 1305 2880; x_wconf 86' lang='grc' dir='ltr'>δέ</span> 
     </span>
     <span class='ocr_line' id='line_1_22' title="bbox 100 2919 1305 3028; baseline -0.001 -23"><span class='ocrx_word' id='word_1_199' title='bbox 100 2923 221 3005; x_wconf 87' lang='grc' dir='ltr'>πάντα</span> <span class='ocrx_word' id='word_1_200' title='bbox 238 2920 308 3028; x_wconf 88' lang='grc' dir='ltr'>ζωῆ</span> <span class='ocrx_word' id='word_1_201' title='bbox 336 2919 428 3002; x_wconf 91' lang='grc' dir='ltr'>κατά</span> <span class='ocrx_word' id='word_1_202' title='bbox 453 2957 495 3025; x_wconf 94' lang='grc' dir='ltr'>γε</span> <span class='ocrx_word' id='word_1_203' title='bbox 519 2921 583 3004; x_wconf 91' lang='grc' dir='ltr'>τὸν</span> <span class='ocrx_word' id='word_1_204' title='bbox 601 2925 640 3002; x_wconf 92' lang='grc' dir='ltr'>ἐν</span> <span class='ocrx_word' id='word_1_205' title='bbox 658 2923 804 3023; x_wconf 81' lang='grc' dir='ltr'>δυνάμει</span> <span class='ocrx_word' id='word_1_206' title='bbox 822 2922 946 3026; x_wconf 86' lang='grc' dir='ltr'>λόγον,</span> <span class='ocrx_word' id='word_1_207' title='bbox 966 2927 1024 3004; x_wconf 76' lang='grc' dir='ltr'>καὶ</span> <span class='ocrx_word' id='word_1_208' title='bbox 1050 2929 1080 3004; x_wconf 87' lang='grc' dir='ltr'>εῖ</span> <span class='ocrx_word' id='word_1_209' title='bbox 1104 2922 1213 3024; x_wconf 85' lang='grc' dir='ltr'>μῆπω</span> <span class='ocrx_word' id='word_1_210' title='bbox 1238 2923 1305 3022; x_wconf 85' lang='grc' dir='ltr'>τῆν</span> 
     </span>
     <span class='ocr_line' id='line_1_23' title="bbox 100 3044 1301 3152; baseline -0.002 -25"><span class='ocrx_word' id='word_1_211' title='bbox 100 3056 165 3128; x_wconf 90' lang='grc' dir='ltr'>τοῦ</span> <span class='ocrx_word' id='word_1_212' title='bbox 192 3045 406 3149; x_wconf 87' lang='grc' dir='ltr'>πράγματος</span> <span class='ocrx_word' id='word_1_213' title='bbox 433 3045 610 3147; x_wconf 78' lang='grc' dir='ltr'>ἐνέργειαν</span> <span class='ocrx_word' id='word_1_214' title='bbox 638 3047 721 3152; x_wconf 78' lang='grc' dir='ltr'>ἔχει·</span> <span class='ocrx_word' id='word_1_215' title='bbox 761 3046 803 3127; x_wconf 88' lang='grc' dir='ltr'>τὸ</span> <span class='ocrx_word' id='word_1_216' title='bbox 832 3045 904 3151; x_wconf 83' lang='grc' dir='ltr'>γὰρ</span> <span class='ocrx_word' id='word_1_217' title='bbox 932 3047 1027 3130; x_wconf 82' lang='grc' dir='ltr'>ὅλως</span> <span class='ocrx_word' id='word_1_218' title='bbox 1056 3044 1147 3126; x_wconf 81' lang='grc' dir='ltr'>εἷναί</span> <span class='ocrx_word' id='word_1_219' title='bbox 1171 3081 1205 3127; x_wconf 90' lang='grc' dir='ltr'>τι</span> <span class='ocrx_word' id='word_1_220' title='bbox 1232 3081 1301 3127; x_wconf 84' lang='grc' dir='ltr'>πε·</span> 
     </span>
     <span class='ocr_line' id='line_1_24' title="bbox 101 3167 1332 3276; baseline 0.002 -26"><span class='ocrx_word' id='word_1_221' title='bbox 101 3170 227 3276; x_wconf 87' lang='grc' dir='ltr'>φυκὸς,</span> <span class='ocrx_word' id='word_1_222' title='bbox 246 3169 299 3270; x_wconf 88' lang='grc' dir='ltr'>είη</span> <span class='ocrx_word' id='word_1_223' title='bbox 317 3167 432 3269; x_wconf 83' lang='grc' dir='ltr'>δήπου</span> <span class='ocrx_word' id='word_1_224' title='bbox 451 3167 594 3253; x_wconf 84' lang='grc' dir='ltr'>πάντως</span> <span class='ocrx_word' id='word_1_225' title='bbox 612 3169 667 3268; x_wconf 83' lang='grc' dir='ltr'>οῖν,</span> <span class='ocrx_word' id='word_1_226' title='bbox 688 3174 747 3250; x_wconf 80' lang='grc' dir='ltr'>καὶ</span> <span class='ocrx_word' id='word_1_227' title='bbox 765 3174 793 3249; x_wconf 83' lang='grc' dir='ltr'>εί</span> <span class='ocrx_word' id='word_1_228' title='bbox 813 3169 922 3270; x_wconf 88' lang='grc' dir='ltr'>μήπω</span> <span class='ocrx_word' id='word_1_229' title='bbox 941 3168 1103 3274; x_wconf 91' lang='grc' dir='ltr'>γέγονεν·</span> <span class='ocrx_word' id='word_1_230' title='bbox 1132 3170 1205 3276; x_wconf 80' lang='grc' dir='ltr'>ἕχει</span> <span class='ocrx_word' id='word_1_231' title='bbox 1231 3167 1332 3274; x_wconf 82' lang='grc' dir='ltr'>γὸρο</span> 
     </span>
     <span class='ocr_line' id='line_1_25' title="bbox 99 3290 1304 3401; baseline 0.002 -29"><span class='ocrx_word' id='word_1_232' title='bbox 99 3296 202 3398; x_wconf 84' lang='grc' dir='ltr'>ἐντῆ</span> <span class='ocrx_word' id='word_1_233' title='bbox 229 3292 339 3400; x_wconf 88' lang='grc' dir='ltr'>φύσει</span> <span class='ocrx_word' id='word_1_234' title='bbox 363 3290 405 3374; x_wconf 88' lang='grc' dir='ltr'>τὸ</span> <span class='ocrx_word' id='word_1_235' title='bbox 431 3291 619 3374; x_wconf 88' lang='grc' dir='ltr'>δὺνασθαι.</span> <span class='ocrx_word' id='word_1_236' title='bbox 660 3291 718 3375; x_wconf 77' lang='grc' dir='ltr'>ὅτε</span> <span class='ocrx_word' id='word_1_237' title='bbox 744 3294 864 3375; x_wconf 88' lang='grc' dir='ltr'>τοίνυν</span> <span class='ocrx_word' id='word_1_238' title='bbox 886 3293 1005 3375; x_wconf 86' lang='grc' dir='ltr'>κοινὸν</span> <span class='ocrx_word' id='word_1_239' title='bbox 1026 3292 1091 3394; x_wconf 76' lang='grc' dir='ltr'>μέν</span> <span class='ocrx_word' id='word_1_240' title='bbox 1114 3300 1160 3401; x_wconf 83' lang='grc' dir='ltr'>τῆ</span> <span class='ocrx_word' id='word_1_241' title='bbox 1187 3296 1304 3376; x_wconf 86' lang='grc' dir='ltr'>κτίσει</span> 
     </span>
     <span class='ocr_line' id='line_1_26' title="bbox 50 3414 1304 3527; baseline 0.003 -31"><span class='ocrx_word' id='word_1_242' title='bbox 50 3452 87 3511; x_wconf 83' lang='lat'>25</span> <span class='ocrx_word' id='word_1_243' title='bbox 101 3414 144 3498; x_wconf 85' lang='grc' dir='ltr'>τὸ</span> <span class='ocrx_word' id='word_1_244' title='bbox 162 3414 250 3497; x_wconf 80' lang='grc' dir='ltr'>εἶναι</span> <span class='ocrx_word' id='word_1_245' title='bbox 268 3416 349 3518; x_wconf 88' lang='grc' dir='ltr'>ζωῆ,</span> <span class='ocrx_word' id='word_1_246' title='bbox 368 3417 458 3496; x_wconf 86' lang='grc' dir='ltr'>’ίδιον</span> <span class='ocrx_word' id='word_1_247' title='bbox 476 3415 514 3496; x_wconf 83' lang='grc' dir='ltr'>δέ</span> <span class='ocrx_word' id='word_1_248' title='bbox 540 3421 598 3497; x_wconf 78' lang='grc' dir='ltr'>καὶ</span> <span class='ocrx_word' id='word_1_249' title='bbox 622 3416 733 3517; x_wconf 76' lang='grc' dir='ltr'>μόνον</span> <span class='ocrx_word' id='word_1_250' title='bbox 750 3417 901 3517; x_wconf 86' lang='grc' dir='ltr'>οὐδενὸς,</span> <span class='ocrx_word' id='word_1_251' title='bbox 919 3420 959 3500; x_wconf 91' lang='grc' dir='ltr'>τί</span> <span class='ocrx_word' id='word_1_252' title='bbox 978 3418 1096 3520; x_wconf 87' lang='grc' dir='ltr'>μάτην</span> <span class='ocrx_word' id='word_1_253' title='bbox 1113 3419 1170 3526; x_wconf 79' lang='grc' dir='ltr'>ἐφ’</span> <span class='ocrx_word' id='word_1_254' title='bbox 1189 3422 1304 3527; x_wconf 78' lang='grc' dir='ltr'>ἑαυτῷ</span> 
     </span>
     <span class='ocr_line' id='line_1_27' title="bbox 101 3539 1427 3664; baseline 0.002 -45"><span class='ocrx_word' id='word_1_255' title='bbox 101 3540 273 3644; x_wconf 85' lang='grc' dir='ltr'>κομπάζει</span> <span class='ocrx_word' id='word_1_256' title='bbox 306 3540 423 3642; x_wconf 85' lang='grc' dir='ltr'>λέγων</span> <span class='ocrx_word' id='word_1_257' title='bbox 452 3541 472 3620; x_wconf 86' lang='grc' dir='ltr'><strong>ὁ</strong></span> <span class='ocrx_word' id='word_1_258' title='bbox 500 3539 587 3626; x_wconf 81' lang='grc' dir='ltr'>Υἱός</span> <span class='ocrx_word' id='word_1_259' title='bbox 617 3552 639 3589; x_wconf 88' lang='grc'><strong>“</strong></span> <span class='ocrx_word' id='word_1_260' title='bbox 656 3540 756 3643; x_wconf 81' lang='grc' dir='ltr'>Ἐγώ</span> <span class='ocrx_word' id='word_1_261' title='bbox 789 3548 859 3640; x_wconf 82' lang='grc' dir='ltr'>εἶμι</span> <span class='ocrx_word' id='word_1_262' title='bbox 890 3542 913 3640; x_wconf 88' lang='grc' dir='ltr'>ῆ</span> <span class='ocrx_word' id='word_1_263' title='bbox 946 3541 1015 3645; x_wconf 85' lang='grc' dir='ltr'>ζωῆ</span> <span class='ocrx_word' id='word_1_264' title='bbox 1031 3544 1065 3639; x_wconf 86' lang='grc'>;”</span> <span class='ocrx_word' id='word_1_265' title='bbox 1109 3547 1202 3648; x_wconf 88' lang='grc' dir='ltr'>χρῆν</span> <span class='ocrx_word' id='word_1_266' title='bbox 1230 3542 1302 3648; x_wconf 83' lang='grc' dir='ltr'>γὰρ</span> <span class='ocrx_word' id='word_1_267' title='bbox 1346 3548 1427 3664; x_wconf 49' lang='lat' dir='ltr'>{inf}</span> 
     </span>
     <span class='ocr_line' id='line_1_28' title="bbox 102 3650 1435 3769; baseline 0.002 -26"><span class='ocrx_word' id='word_1_268' title='bbox 102 3662 217 3764; x_wconf 81' lang='grc' dir='ltr'>δήπου</span> <span class='ocrx_word' id='word_1_269' title='bbox 238 3670 384 3763; x_wconf 76' lang='grc' dir='ltr'>μᾶλλον</span> <span class='ocrx_word' id='word_1_270' title='bbox 400 3670 511 3744; x_wconf 80' lang='grc' dir='ltr'>εἰπεῖν</span> <span class='ocrx_word' id='word_1_271' title='bbox 527 3665 626 3767; x_wconf 83' lang='grc' dir='ltr'>Ἐγώ</span> <span class='ocrx_word' id='word_1_272' title='bbox 651 3671 721 3763; x_wconf 88' lang='grc' dir='ltr'>είμι</span> <span class='ocrx_word' id='word_1_273' title='bbox 744 3666 825 3764; x_wconf 88' lang='grc' dir='ltr'>μεθ’</span> <span class='ocrx_word' id='word_1_274' title='bbox 847 3667 987 3765; x_wconf 87' lang='grc' dir='ltr'>ὑμῶνὴ</span> <span class='ocrx_word' id='word_1_275' title='bbox 1012 3665 1095 3769; x_wconf 85' lang='grc' dir='ltr'>ζωή.</span> <span class='ocrx_word' id='word_1_276' title='bbox 1135 3663 1304 3746; x_wconf 70' lang='grc' dir='ltr'>τοῦτοδὲ</span> <span class='ocrx_word' id='word_1_277' title='bbox 1391 3652 1397 3664; x_wconf 31' lang='grc' dir='ltr'>ι</span> <span class='ocrx_word' id='word_1_278' title='bbox 1428 3650 1435 3664; x_wconf 47' lang='grc'><strong><em>’</em></strong></span> 
     </span>
     <span class='ocr_line' id='line_1_29' title="bbox 102 3782 1305 3893; baseline 0.005 -29"><span class='ocrx_word' id='word_1_279' title='bbox 102 3782 147 3884; x_wconf 88' lang='grc' dir='ltr'>ἦν</span> <span class='ocrx_word' id='word_1_280' title='bbox 164 3821 242 3869; x_wconf 91' lang='grc' dir='ltr'>πως</span> <span class='ocrx_word' id='word_1_281' title='bbox 259 3791 318 3865; x_wconf 83' lang='grc' dir='ltr'>καὶ</span> <span class='ocrx_word' id='word_1_282' title='bbox 336 3789 592 3891; x_wconf 82' lang='grc' dir='ltr'>ἀληθέστερον,</span> <span class='ocrx_word' id='word_1_283' title='bbox 612 3787 709 3890; x_wconf 84' lang='grc' dir='ltr'>ε’ίπερ</span> <span class='ocrx_word' id='word_1_284' title='bbox 729 3787 840 3871; x_wconf 86' lang='grc' dir='ltr'>ὄντως</span> <span class='ocrx_word' id='word_1_285' title='bbox 864 3788 1012 3889; x_wconf 83' lang='grc' dir='ltr'>γενητὸς</span> <span class='ocrx_word' id='word_1_286' title='bbox 1034 3786 1206 3893; x_wconf 77' lang='grc' dir='ltr'>ὑπάρχων</span> <span class='ocrx_word' id='word_1_287' title='bbox 1224 3791 1305 3869; x_wconf 82' lang='grc' dir='ltr'>ἐστὶ</span> 
     </span>
     <span class='ocr_line' id='line_1_30' title="bbox 101 3906 1303 4021; baseline 0.004 -35"><span class='ocrx_word' id='word_1_288' title='bbox 101 3911 161 3987; x_wconf 80' lang='grc' dir='ltr'>καῖ</span> <span class='ocrx_word' id='word_1_289' title='bbox 178 3906 261 4012; x_wconf 81' lang='grc' dir='ltr'>ζωή·</span> <span class='ocrx_word' id='word_1_290' title='bbox 290 3909 410 4010; x_wconf 87' lang='grc' dir='ltr'>ἐπειδὴ</span> <span class='ocrx_word' id='word_1_291' title='bbox 434 3908 483 4008; x_wconf 82' lang='grc' dir='ltr'>δέ,</span> <span class='ocrx_word' id='word_1_292' title='bbox 502 3913 550 3993; x_wconf 88' lang='grc' dir='ltr'>ὡς</span> <span class='ocrx_word' id='word_1_293' title='bbox 575 3910 664 3991; x_wconf 90' lang='grc' dir='ltr'>’ίδιον</span> <span class='ocrx_word' id='word_1_294' title='bbox 681 3910 820 4013; x_wconf 80' lang='grc' dir='ltr'>ἀγαθὸν</span> <span class='ocrx_word' id='word_1_295' title='bbox 837 3913 952 4021; x_wconf 74' lang='grc' dir='ltr'>ἑαυτῷ</span> <span class='ocrx_word' id='word_1_296' title='bbox 976 3913 1179 4016; x_wconf 80' lang='grc' dir='ltr'>περιτίθησι</span> <span class='ocrx_word' id='word_1_297' title='bbox 1203 3910 1303 4021; x_wconf 78' lang='grc' dir='ltr'>μόνῳ</span> 
     </span>
     <span class='ocr_line' id='line_1_31' title="bbox 47 4027 1301 4139; baseline 0.004 -30"><span class='ocrx_word' id='word_1_298' title='bbox 47 4065 90 4122; x_wconf 83' lang='grc' dir='ltr'>3ο</span> <span class='ocrx_word' id='word_1_299' title='bbox 102 4030 145 4111; x_wconf 84' lang='grc' dir='ltr'>τὸ</span> <span class='ocrx_word' id='word_1_300' title='bbox 172 4027 260 4112; x_wconf 81' lang='grc' dir='ltr'>εἶναι</span> <span class='ocrx_word' id='word_1_301' title='bbox 284 4032 364 4135; x_wconf 86' lang='grc' dir='ltr'>ζωὴ,</span> <span class='ocrx_word' id='word_1_302' title='bbox 384 4037 495 4134; x_wconf 86' lang='grc' dir='ltr'>δῆλος</span> <span class='ocrx_word' id='word_1_303' title='bbox 520 4031 565 4114; x_wconf 83' lang='grc' dir='ltr'>ἂν</span> <span class='ocrx_word' id='word_1_304' title='bbox 583 4034 637 4134; x_wconf 85' lang='grc' dir='ltr'>ε’ίη</span> <span class='ocrx_word' id='word_1_305' title='bbox 662 4033 792 4116; x_wconf 90' lang='grc' dir='ltr'>λοιπὸν</span> <span class='ocrx_word' id='word_1_306' title='bbox 810 4036 852 4117; x_wconf 89' lang='grc' dir='ltr'>οὐ</span> <span class='ocrx_word' id='word_1_307' title='bbox 877 4043 951 4120; x_wconf 89' lang='grc' dir='ltr'>τοῖς</span> <span class='ocrx_word' id='word_1_308' title='bbox 976 4041 1137 4139; x_wconf 86' lang='grc' dir='ltr'>γενητοῖς</span> <span class='ocrx_word' id='word_1_309' title='bbox 1160 4034 1301 4133; x_wconf 81' lang='grc' dir='ltr'>ἑαυτὸν,</span> 
     </span>
     <span class='ocr_line' id='line_1_32' title="bbox 139 4244 1303 4318; baseline 0.003 -21"><span class='ocrx_word' id='word_1_310' title='bbox 139 4256 166 4313; x_wconf 88' lang='lat'>5.</span> <span class='ocrx_word' id='word_1_311' title='bbox 185 4245 226 4297; x_wconf 81' lang='grc' dir='ltr'>καὶ</span> <span class='ocrx_word' id='word_1_312' title='bbox 238 4261 292 4298; x_wconf 83' lang='lat' dir='ltr'>om.</span> <span class='ocrx_word' id='word_1_313' title='bbox 306 4244 340 4300; x_wconf 89' lang='grc' dir='ltr'>Β.</span> <span class='ocrx_word' id='word_1_314' title='bbox 494 4261 537 4301; x_wconf 84' lang='grc'>10.</span> <span class='ocrx_word' id='word_1_315' title='bbox 555 4245 630 4303; x_wconf 82' lang='grc' dir='ltr'>οὗτος</span> <span class='ocrx_word' id='word_1_316' title='bbox 642 4245 714 4301; x_wconf 65' lang='grc' dir='ltr'>ΒΕ.</span> <span class='ocrx_word' id='word_1_317' title='bbox 761 4247 855 4317; x_wconf 76' lang='grc' dir='ltr'>γενητὰ</span> <span class='ocrx_word' id='word_1_318' title='bbox 868 4245 939 4300; x_wconf 85' lang='lat' dir='ltr'>D.E.</span> <span class='ocrx_word' id='word_1_319' title='bbox 952 4253 979 4298; x_wconf 81' lang='lat' dir='ltr'>et</span> <span class='ocrx_word' id='word_1_320' title='bbox 991 4244 1030 4300; x_wconf 71' lang='grc' dir='ltr'>εἰς</span> <span class='ocrx_word' id='word_1_321' title='bbox 1041 4244 1148 4318; x_wconf 81' lang='lat' dir='ltr'><strong>conjicit</strong></span> <span class='ocrx_word' id='word_1_322' title='bbox 1159 4245 1232 4300; x_wconf 83' lang='lat' dir='ltr'><strong>Aub.</strong></span> <span class='ocrx_word' id='word_1_323' title='bbox 1243 4267 1303 4317; x_wconf 83' lang='grc' dir='ltr'>γεν·</span> 
     </span>
     <span class='ocr_line' id='line_1_33' title="bbox 104 4311 1304 4390; baseline 0.003 -23"><span class='ocrx_word' id='word_1_324' title='bbox 104 4315 166 4381; x_wconf 81' lang='grc' dir='ltr'>νητδ</span> <span class='ocrx_word' id='word_1_325' title='bbox 179 4313 212 4367; x_wconf 84' lang='grc' dir='ltr'>Β.</span> <span class='ocrx_word' id='word_1_326' title='bbox 225 4316 302 4383; x_wconf 74' lang='grc' dir='ltr'>νοητὰ</span> <span class='ocrx_word' id='word_1_327' title='bbox 315 4315 367 4370; x_wconf 83' lang='lat' dir='ltr'>Ed.</span> <span class='ocrx_word' id='word_1_328' title='bbox 517 4332 558 4370; x_wconf 81' lang='lat'>12.</span> <span class='ocrx_word' id='word_1_329' title='bbox 576 4317 662 4390; x_wconf 77' lang='grc' dir='ltr'>λέγων</span> <span class='ocrx_word' id='word_1_330' title='bbox 674 4311 736 4371; x_wconf 80' lang='grc' dir='ltr'>εῖναι</span> <span class='ocrx_word' id='word_1_331' title='bbox 748 4316 854 4370; x_wconf 71' lang='lat' dir='ltr'>inverso</span> <span class='ocrx_word' id='word_1_332' title='bbox 866 4315 959 4370; x_wconf 82' lang='lat' dir='ltr'><strong>ordine</strong></span> <span class='ocrx_word' id='word_1_333' title='bbox 973 4314 1005 4370; x_wconf 87' lang='lat' dir='ltr'>B.</span> <span class='ocrx_word' id='word_1_334' title='bbox 1153 4333 1193 4382; x_wconf 81' lang='lat'>14.</span> <span class='ocrx_word' id='word_1_335' title='bbox 1212 4315 1304 4372; x_wconf 83' lang='grc' dir='ltr'>οὐσίας</span> 
     </span>
    </p>
   </div>
   <div class='ocr_carea' id='block_1_3' title="bbox 104 4385 1303 4472">
    <p class='ocr_par' dir='ltr' id='par_1_3' title="bbox 104 4385 1303 4472">
     <span class='ocr_line' id='line_1_34' title="bbox 104 4385 1303 4472; baseline 0.003 -34"><span class='ocrx_word' id='word_1_336' title='bbox 104 4393 274 4472; x_wconf 73' lang='lat' dir='ltr'><strong>assumptum</strong></span> <span class='ocrx_word' id='word_1_337' title='bbox 285 4403 316 4439; x_wconf 78' lang='lat' dir='ltr'>ex</span> <span class='ocrx_word' id='word_1_338' title='bbox 332 4386 364 4441; x_wconf 89' lang='lat' dir='ltr'>B.</span> <span class='ocrx_word' id='word_1_339' title='bbox 516 4403 559 4442; x_wconf 77' lang='grc' dir='ltr'>το.</span> <span class='ocrx_word' id='word_1_340' title='bbox 578 4389 603 4442; x_wconf 79' lang='lat' dir='ltr'>A</span> <span class='ocrx_word' id='word_1_341' title='bbox 616 4388 666 4458; x_wconf 73' lang='grc' dir='ltr'>(οη</span> <span class='ocrx_word' id='word_1_342' title='bbox 679 4386 712 4442; x_wconf 79' lang='grc' dir='ltr'>αδ</span> <span class='ocrx_word' id='word_1_343' title='bbox 725 4388 775 4455; x_wconf 73' lang='grc' dir='ltr'>ζωὴ</span> <span class='ocrx_word' id='word_1_344' title='bbox 788 4387 903 4440; x_wconf 78' lang='lat' dir='ltr'><strong>transilit</strong></span> <span class='ocrx_word' id='word_1_345' title='bbox 916 4385 948 4439; x_wconf 88' lang='lat' dir='ltr'>B.</span> <span class='ocrx_word' id='word_1_346' title='bbox 1100 4401 1144 4442; x_wconf 76' lang='grc' dir='ltr'>ατ.</span> <span class='ocrx_word' id='word_1_347' title='bbox 1161 4408 1187 4441; x_wconf 74' lang='grc' dir='ltr'>τι</span> <span class='ocrx_word' id='word_1_348' title='bbox 1198 4402 1253 4442; x_wconf 88' lang='lat' dir='ltr'>om.</span> <span class='ocrx_word' id='word_1_349' title='bbox 1270 4385 1303 4442; x_wconf 87' lang='lat' dir='ltr'>B.</span> 
     </span>
    </p>
   </div>
   <div class='ocr_carea' id='block_1_4' title="bbox 104 4455 1305 4597">
    <p class='ocr_par' dir='ltr' id='par_1_4' title="bbox 104 4455 1305 4597">
     <span class='ocr_line' id='line_1_35' title="bbox 105 4455 1305 4538; baseline 0.003 -29"><span class='ocrx_word' id='word_1_350' title='bbox 105 4470 148 4523; x_wconf 84' lang='lat'>²3·</span> <span class='ocrx_word' id='word_1_351' title='bbox 167 4476 268 4538; x_wconf 72' lang='grc' dir='ltr'>παντως</span> <span class='ocrx_word' id='word_1_352' title='bbox 279 4478 329 4510; x_wconf 82' lang='grc' dir='ltr'>που</span> <span class='ocrx_word' id='word_1_353' title='bbox 341 4457 446 4510; x_wconf 74' lang='lat' dir='ltr'>inverso</span> <span class='ocrx_word' id='word_1_354' title='bbox 459 4455 553 4512; x_wconf 78' lang='lat' dir='ltr'><strong>ordine</strong></span> <span class='ocrx_word' id='word_1_355' title='bbox 565 4458 599 4515; x_wconf 89' lang='lat' dir='ltr'>B.</span> <span class='ocrx_word' id='word_1_356' title='bbox 617 4464 620 4472; x_wconf 93' lang='grc'><strong>’</strong></span> <span class='ocrx_word' id='word_1_357' title='bbox 714 4471 757 4527; x_wconf 84' lang='lat'>25.</span> <span class='ocrx_word' id='word_1_358' title='bbox 775 4459 853 4524; x_wconf 86' lang='grc' dir='ltr'>μόνον</span> <span class='ocrx_word' id='word_1_359' title='bbox 865 4456 899 4512; x_wconf 87' lang='grc' dir='ltr'>Β.</span> <span class='ocrx_word' id='word_1_360' title='bbox 910 4457 994 4528; x_wconf 76' lang='grc' dir='ltr'>μόνως</span> <span class='ocrx_word' id='word_1_361' title='bbox 1006 4455 1059 4512; x_wconf 76' lang='lat' dir='ltr'>Ed.</span> <span class='ocrx_word' id='word_1_362' title='bbox 1173 4470 1216 4530; x_wconf 74' lang='grc' dir='ltr'>νγ.</span> <span class='ocrx_word' id='word_1_363' title='bbox 1233 4457 1305 4528; x_wconf 78' lang='grc' dir='ltr'>ὑμῶν</span> 
     </span>
     <span class='ocr_line' id='line_1_36' title="bbox 104 4524 871 4597; baseline 0.007 -19"><span class='ocrx_word' id='word_1_364' title='bbox 104 4524 213 4579; x_wconf 89' lang='lat' dir='ltr'><strong>B.D.E.</strong></span> <span class='ocrx_word' id='word_1_365' title='bbox 226 4525 277 4580; x_wconf 74' lang='lat' dir='ltr'>hd.</span> <span class='ocrx_word' id='word_1_366' title='bbox 289 4543 345 4596; x_wconf 77' lang='lat' dir='ltr'>mg.</span> <span class='ocrx_word' id='word_1_367' title='bbox 358 4525 429 4597; x_wconf 73' lang='grc' dir='ltr'>ἡμῶν</span> <span class='ocrx_word' id='word_1_368' title='bbox 441 4526 492 4582; x_wconf 83' lang='lat' dir='ltr'>Ed.</span> <span class='ocrx_word' id='word_1_369' title='bbox 636 4527 679 4583; x_wconf 82' lang='lat'>28.</span> <span class='ocrx_word' id='word_1_370' title='bbox 699 4527 757 4583; x_wconf 71' lang='grc' dir='ltr'>ἐστι</span> <span class='ocrx_word' id='word_1_371' title='bbox 769 4543 824 4583; x_wconf 85' lang='lat' dir='ltr'>om.</span> <span class='ocrx_word' id='word_1_372' title='bbox 838 4525 871 4583; x_wconf 88' lang='grc' dir='ltr'>Β.</span> 
     </span>
    </p>
   </div>
   <div class='ocr_carea' id='block_1_5' title="bbox 0 0 1524 5018">
    <p class='ocr_par' dir='ltr' id='par_1_5' title="bbox 0 0 1524 5018">
     <span class='ocr_line' id='line_1_37' title="bbox 0 0 1524 5018; baseline 0 0"><span class='ocrx_word' id='word_1_373' title='bbox 0 0 1524 5018; x_wconf 95' lang='lat' dir='ltr'> </span> 
     </span>
    </p>
   </div>
  </div>
 </body>
</html>
