3038 5018
243 289 309 352 400
547 289 585 353 B.
611 288 821 354 CYRILLI
852 286 1139 353 ALEXANDR.
1355 283 1398 348 vi.
1417 302 1451 347 ιι·

243 461 353 559 χωρεῖ
376 452 422 534 τά
448 460 576 535 παθεῖν
593 455 797 560 ἀνεχόμενα.
835 463 948 535 ταῦτα
975 455 1093 533 τοίνυν
1119 453 1183 532 ούκ
1211 448 1397 552 ἀγνοήσας
1424 448 1448 528 ό

246 576 380 679 Κύριος
398 579 629 659 ύπεκκλέπτει
650 577 714 678 μέν
730 584 795 678 τῆς
810 576 1050 681 Ἰερουσαλὴμ
1074 575 1150 677 ἅμα
1172 583 1246 660 τοῖς
1267 581 1448 674 μαθηταῖς

245 701 380 798 ἑαυτὸν,
399 704 595 808 ἀφικνεῖται
618 702 656 782 δέ
681 701 739 795 τῖς
761 701 939 795 θαλάσσης
960 703 1060 807 πέραν
1077 700 1134 795 τῆς
1152 694 1359 806 Τιβεριάδος·
1389 698 1449 778 ότι

247 824 285 905 δέ
317 832 504 931 φονῶντας
534 833 756 930 παραιτεῖται
787 825 869 909 τούς
887 826 1089 922 Ἰουδαίους,
1113 830 1234 907 καλῶς
1266 822 1309 922 δὴ
1341 821 1448 925 μάλα

247 955 368 1045 ποιεῖν,
387 948 556 1047 εἰσόμεθα
582 948 695 1030 πάλιν
713 952 771 1028 καὶ
799 948 858 1029 διὰ
884 948 1033 1029 τούτων.
1072 949 1171 1052 λε’γει
1199 946 1271 1050 γὰρ
1295 944 1402 1030 αὐτὸς
1425 947 1480 1042 ὃ5

79 1088 151 1168 Ιηῐη
247 1070 418 1174 μακάριος
455 1071 731 1176 Εύαγγελιστής
760 1082 783 1119 “
802 1075 874 1152 Καὶ
910 1072 1001 1173 μετὰ
1037 1080 1150 1154 ταῦτα
1183 1070 1386 1175 περιεπάτει
1425 1073 1448 1150 ὁ

80 1169 154 1206 Μ
219 1206 270 1284 0“
288 1197 431 1296 Ἰησοῦς
456 1199 494 1277 ἐν
518 1204 563 1302 τῇ
587 1199 779 1304 Γαλιλαίᾳ·
812 1199 854 1278 ού
881 1196 954 1300 γὰρ
986 1198 1114 1298 ἤθελεν
1146 1199 1261 1300 ε’ντῄ
1289 1198 1448 1303 Ἰουδαίᾳ

247 1330 269 1367 “
287 1328 503 1422 περιπατεῖν,
527 1321 581 1401 ότι
609 1320 750 1424 ἐζήτουν
774 1319 881 1401 αὐτὸν
901 1327 934 1401 οἱ
956 1323 1121 1401 Ἰουδαῖοι
1149 1322 1387 1414 ἀποκτεῖναι.”

296 1442 385 1523 ’Ότι
406 1444 471 1545 μὲν
489 1446 552 1524 οὖν
569 1452 790 1547 παραιτεῖται
808 1444 850 1524 τὸ
868 1447 906 1524 ἐν
923 1447 968 1550 τῇ
986 1446 1140 1552 Ἰουδαίᾳ
1156 1452 1372 1547 περιπατεῖν,
1387 1446 1449 1525 ἵνα

245 1565 295 1665 μὴ
323 1564 488 1670 πρόαρον
516 1569 686 1672 ὑπομείνῃ
713 1566 777 1646 τὸν
804 1565 968 1665 θάνατον,
997 1567 1291 1670 ουγκατανεύσω,
1316 1573 1447 1673 φησὶν,
1466 1611 1504 1651 ιο

245 1692 319 1792 ἐρεῖ
342 1724 394 1774 τις
422 1690 546 1796 τυχὸν,
570 1693 655 1771 ἀλλ’
683 1695 797 1771 εἶκαὶ
825 1689 948 1796 φεύγει
975 1690 1042 1790 τὴν
1069 1690 1203 1794 ἑορτὴν,
1227 1692 1327 1772 οὕτω
1353 1728 1449 1789 μανὰ

247 1811 355 1894 θάνω.
393 1815 519 1895 οὐκοῦν
537 1821 570 1896 οἱ
587 1816 652 1915 μὲν
672 1815 897 1912 νομισθέντες
915 1818 1068 1922 ἀδελφοὶ
1084 1816 1261 1918 προσίασι
1277 1816 1449 1918 λε’γοντες

80 1949 157 2011 1b.3.
246 1938 285 2015 ἐν
304 1941 348 2042 τῇ
368 1940 548 2046 Γαλιλαίᾳ
572 1946 623 2046 τῷ
645 1945 798 2045 Χριστῷ
816 1950 837 1986 “
851 1937 1030 2038 Ἀνάβηθι
1054 1939 1212 2017 ἐντεῦθεν
1240 1942 1297 2019 καὶ
1329 1942 1449 2043 ὕπαγε

248 2068 269 2106 “
288 2065 336 2146 εἰς
363 2059 430 2159 τὴν
457 2063 643 2160 Ἰουδαίαν,
672 2063 730 2142 ἵνα
762 2067 820 2141 καὶ
852 2067 885 2141 οί
916 2063 1074 2161 μαθηταί
1100 2095 1171 2142 σου
1199 2064 1370 2156 βλέπωσι
1401 2064 1450 2145 τὰ

80 2204 186 2262 ΞΜ
218 2194 270 2259 ιι“
288 2191 421 2284 σημεῖα
445 2184 469 2266 ἃ
493 2186 637 2270 ποιεῖς.”
674 2185 764 2289 πρὸς
787 2183 914 2270 αύτούς
931 2186 968 2266 δέ
987 2189 1007 2266 ὁ
1028 2187 1159 2290 Κύριος
1177 2198 1199 2234 “
1212 2190 1334 2286 Ὑμεῖς
1352 2188 1444 2269 ἀνά-
1467 2222 1502 2283 ¹5

80 2281 155 2332 lb.8.
249 2320 270 2356 “
288 2316 377 2408 βητε
404 2314 453 2393 είς
479 2308 545 2408 τὴν
572 2309 707 2413 ἑορτὴν,
735 2309 806 2410 ἐγὼ
838 2311 902 2389 ούκ
932 2313 1115 2405 ἀναβαίνω
1147 2319 1196 2396 είς
1226 2311 1292 2411 τὴν
1318 2311 1451 2416 ἑορτὴν

247 2442 269 2503 5‘
287 2433 432 2532 ταύτην,
454 2432 508 2512 ότι
527 2435 547 2511 ό
564 2436 646 2531 ἐμὸς
665 2433 784 2535 καιρὸς
804 2437 903 2515 οὔπω
921 2434 1189 2536 πεπλήρωται.”

305 2554 501 2658 Πρόδηλον
532 2558 595 2636 οὖν
627 2557 697 2660 ἀρα
734 2559 792 2636 καὶ
826 2556 955 2662 σαφὲς,
988 2557 1043 2638 ότι
1076 2566 1149 2639 τῶν
1179 2558 1451 2660 Ἱεροσολύμων

247 2678 485 2784 ἐκκεχάρηκεν
513 2681 531 2757 ὁ
559 2679 698 2782 Σωτὴρ,
727 2682 789 2760 ούκ
823 2682 1030 2784 αὐθαίρετον
1059 2678 1126 2780 τὴν
1160 2685 1208 2766 ὡς
1239 2682 1283 2788 ἐξ
1314 2680 1452 2765 ἐκεῖθεν

247 2803 449 2905 ἀποδημίαν
485 2800 728 2902 στειλάμενος,
764 2801 865 2883 ἀλλά
901 2809 960 2884 καὶ
996 2804 1061 2891 τὰς
1096 2813 1169 2886 τῶν
1204 2808 1453 2889 ἀπειθούντων
1468 2844 1506 2891 ιο

246 2929 438 3030 βδελυρίας
455 2926 771 3024 ἐκμυσαττόμενος,
785 2930 844 3007 καὶ
860 2936 933 3009 τῶν
949 2928 1149 3009 διωκόντων
1166 2929 1232 3029 τὴν
1250 2929 1454 3033 ἀγριότητα

244 3054 312 3150 τῆς
333 3051 521 3155 εὐστοχίας
544 3059 785 3152 περιπλανῶν,
804 3056 862 3131 καὶ
887 3054 994 3159 τέχνη
1020 3063 1084 3134 τοῦ
1106 3053 1244 3159 φθόνου
1267 3054 1309 3135 τὸ
1335 3056 1455 3151 βόλος

248 3172 541 3275 ἀποκρουόμενος.
592 3174 766 3254 ύπεκνεύει
794 3175 832 3254 δέ
859 3173 982 3273 πάλιν,
1010 3179 1123 3257 καίτοι
1154 3184 1280 3259 παθεῖν
1308 3180 1455 3284 ἰσχύων

214 3295 360 3392 δούδέν,
378 3296 412 3376 εἴ
433 3330 474 3398 γε
501 3298 558 3374 καὶ
582 3302 710 3398 παρῆν,
729 3298 787 3377 ἵνα
806 3299 917 3378 τύπον
935 3300 1018 3397 ἡμῖν
1035 3300 1233 3408 άναγράφη
1252 3300 1383 3398 καλὸν,
1409 3307 1455 3385 ού

245 3420 382 3504 ’δειλίας
411 3425 568 3518 μᾶλλον,
601 3422 685 3500 ἀλλ’
720 3423 906 3517 εὐλαβείας
941 3425 998 3501 καὶ
1030 3424 1173 3525 ἀγάπης
1203 3429 1269 3524 τῆς
1301 3432 1351 3509 είς
1384 3426 1454 3508 τὸν
1469 3459 1505 3520 25

243 3540 373 3627 πίλας.
417 3540 587 3640 εἰσόμεθα
616 3543 698 3646 γὰρ,
727 3548 774 3629 ὡς
804 3547 843 3624 ἐκ
872 3545 986 3627 τύπου
1014 3546 1106 3650 πρὸς
1133 3548 1331 3650 ἐπίγνωσιν
1359 3585 1454 3655 χρη-

247 3666 359 3766 σίμου
384 3667 705 3772 χειραγωγούμενοι
730 3668 951 3772 πράγματος,
970 3670 1024 3751 ότι
1047 3671 1245 3752 διωκόντων
1263 3674 1358 3771 ἡμεῖς
1376 3683 1455 3756 τῶν

246 3793 396 3896 ἐχθρῶν,
425 3792 483 3868 καὶ
517 3796 546 3870 εἰ
578 3791 689 3890 μηδὲν
717 3793 830 3899 ὁρῷτο
858 3802 1045 3878 παντελῶς
1072 3798 1110 3873 ἐν
1136 3801 1188 3901 τῷ
1214 3803 1382 3898 παρεῖναι
1410 3798 1454 3879 τὸ

247 3912 401 4012 βλάβος,
425 3915 509 3993 ἀλλ’
530 3913 759 4020 ἐξιστάμενοί
780 3951 867 4014 πως,
891 3920 950 3997 καὶ
978 3917 1036 3998 διὰ
1062 3918 1189 4000 τούτου
1216 3920 1455 4025 σοφιζόμενοι

247 4037 311 4122 τὰς
347 4043 420 4118 τῶν
452 4037 593 4143 ἐφόδων
624 4037 750 4135 ἀκμάς,
783 4040 1054 4146 ὑπεκτρέχοντές
1091 4077 1128 4122 τε
1165 4040 1207 4122 τὸ
1244 4049 1455 4146 παραυτίκα
1469 4081 1506 4140 30

248 4159 389 4263 θερμόν,
421 4161 564 4268 ἐξήβοις
599 4161 667 4262 ἤδη
704 4163 983 4271 περιτευξόμεθα
1015 4173 1091 4250 ταῖς
1126 4172 1200 4246 τῶν
1231 4168 1455 4283 ἀδικούντων

282 4448 308 4495 4.
327 4433 428 4498 μᾶλλον
442 4431 474 4486 B.
545 4446 572 4557 3.
592 4433 669 4490 οὗτὸς
681 4452 735 4488 om.
751 4433 783 4489 Β.
866 4436 892 4489 8.
912 4437 1003 4492 olom.
1018 4437 1050 4492 B.
1125 4438 1166 4493 18.
1183 4437 1408 4511 Ἰεροσολυμιτόν
1423 4444 1455 4500 Β.

248 4500 571 4569 14.ἡμῖν1).ίημεῖςΕ.
680 4504 722 4558 26.
741 4503 819 4577 πρὸς]
836 4507 925 4575 ψτὴν
939 4506 972 4562 Β.
