3038 5018
253 291 318 353 666
556 289 595 352 Β.
620 286 827 352 OYRILLI
858 285 1148 352 ALEXANDR.
1348 279 1404 344 vii.
1415 298 1463 365 30.

254 455 374 554 καιρὸς
394 456 645 560 ἐπιψηφιεῖταί
660 488 766 548 τισιν,
786 454 923 533 ἐποίσει
942 450 979 530 δέ
997 458 1144 550 μᾶλλον
1162 449 1207 530 τὸ
1232 445 1400 543 πάντων,
1419 450 1464 526 ὡς

224 578 338 662 οέπος
356 584 475 674 εἰπεῖν,
488 577 741 681 χαλεπώτερον
759 582 817 656 καὶ
835 583 909 660 τοῖς
927 576 981 657 ότι
999 577 1124 679 πρέπει
1142 574 1210 674 τὴν
1223 579 1301 655 τοῖν
1316 573 1465 674 ἀγαθῶν

253 702 429 802 ἐργασίαν
444 707 624 805 προτιμᾶν
643 703 682 781 εὖ
699 700 801 800 μα’λα
819 700 1094 801 διεσκεμμένυις.

309 823 418 904 Ἀλλ’
439 825 541 905 οῦδέν
559 823 624 923 μὲν
643 826 746 905 ἐσται
770 825 917 921 τούτων,
936 828 1010 927 ἐρεῖ
1030 858 1085 909 τις
1108 820 1232 929 τυχόν,
1249 819 1405 927 ἑκάστῳ
1429 815 1465 895 δέ

253 944 295 1027 τὸ
315 945 425 1052 τυχὸν
443 948 490 1027 τά
508 950 605 1057 αὐτῷ
622 950 807 1054 πρέποντα
826 951 975 1029 δίδωσιν
994 949 1017 1049 ἡ
1035 947 1111 1051 ὥρα
1129 951 1187 1027 καὶ
1207 949 1228 1027 ὃ
1247 941 1390 1048 καιρός.
1474 970 1490 1030 5

309 1073 454 1152 Οῦκοῦν
471 1073 686 1166 βασιλεύσει
708 1073 774 1173 μὲν
792 1073 861 1174 ἤδη
886 1071 1055 1153 λοιπὸνό
1081 1069 1229 1174 καιρός;
1261 1067 1309 1151 τὸ
1337 1067 1377 1148 δὲ
1402 1069 1464 1165 τῆς

251 1196 421 1296 προνοίας
440 1197 583 1303 ἀξίωμα
606 1205 684 1281 ταῖς
709 1194 816 1300 ὥραις
840 1195 1094 1300 περιθήσομεν,
1113 1193 1214 1275 οὐδὲν
1232 1194 1287 1274 ἐτι
1308 1192 1459 1300 φροντί-

253 1317 370 1421 §ww
398 1329 462 1399 τοῦ
491 1326 612 1418 Θεοῦ;
644 1318 841 1420 αἰτήσομεν
869 1318 906 1400 δέ
935 1322 978 1400 δι’
1007 1321 1111 1425 εῦχῆς
1138 1320 1223 1421 παρ’
1252 1318 1371 1397 αι’ντοῦ
1399 1313 1463 1414 μέν

253 1441 364 1539 οόδέν,
383 1443 484 1547 παρὰ
502 1441 539 1523 δέ
558 1449 621 1542 τῆς
639 1443 734 1546 ὧρας
751 1440 775 1544 ἢ
794 1453 858 1524 τοῦ
877 1452 1023 1547 καιροῦ;
1055 1447 1113 1523 καὶ
1135 1444 1173 1522 τί
1194 1442 1239 1521 τὸ
1263 1445 1459 1535 ἐντεῦθεν;

252 1576 525 1670 προσκυνοῦμεν
546 1574 591 1671 τῇ
619 1569 733 1648 κτίσει
759 1567 860 1670 παρά
884 1566 948 1647 τόν
967 1569 1152 1665 κτίσαντα,
1171 1568 1230 1647 καὶ
1253 1560 1327 1664 τὴν
1348 1562 1462 1670 δόξαν
1475 1599 1505 1642 ιο

253 1699 316 1772 τοῦ
349 1697 583 1793 Δημιουργοῦ
621 1697 694 1775 τοῖς
726 1693 810 1793 παρ’
844 1693 953 1771 αὐτοῦ
984 1690 1155 1794 γεγονόσι
1188 1696 1463 1782 δυσσεβοῦντες

218 1813 506 1918 ἁπεριθήσομεν.
547 1813 695 1896 αὐτόθεν
712 1814 778 1913 μέν
797 1816 920 1895 οὖντὸ
939 1819 976 1895 ἐν
995 1816 1133 1898 τούτοις
1156 1809 1301 1917 αἶσχος,
1319 1813 1381 1890 καῖ
1400 1813 1462 1909 τῆς

252 1937 470 2036 δυσσεβείας
494 1938 536 2018 τὸ
561 1940 712 2041 μέγεθος
736 1942 778 2020 οὐ
802 1937 874 2020 σῦν
896 1946 1028 2047 πολλῷ
1055 1946 1107 2046 τῷ
1132 1935 1234 2045 πόνιρ
1261 1933 1462 2039 περιαθρή-

252 2097 368 2162 σομεν
406 2066 464 2143 καὶ
505 2064 660 2164 γυναίων
698 2065 816 2144 αὐτῶν
851 2071 925 2145 τῶν
964 2061 1197 2168 ἐταιρίζεσθαι
1239 2059 1462 2167 πεφυκότων

251 2188 517 2293 ἐκφανεστέραν
539 2187 701 2292 λαχόντα
727 2187 794 2288 τὴν
817 2189 1024 2291 βδελυρίαν·
1063 2187 1106 2267 τὸ
1134 2186 1172 2268 δέ
1199 2185 1243 2286 δὴ
1271 2182 1393 2266 πόλιν
1414 2188 1460 2266 εἷς
1474 2208 1503 2270 ¹5

252 2321 337 2394 νοῦν
366 2315 561 2405 ἀναβαῖνον
593 2314 739 2415 ἐροῦμεν
771 2311 830 2393 διά
863 2311 905 2393 τὸ
943 2310 1136 2416 χρήσιμον.
1188 2315 1382 2414 περιττῶς,
1414 2311 1461 2393 ὧν

252 2436 373 2533 ἐοικεν,
388 2440 421 2515 οῖ
441 2435 531 2515 θεῖοί
546 2469 585 2514 τε
604 2439 662 2514 καὶ
682 2435 898 2538 ἀνθρώπινοι
917 2437 1030 2533 νόμοι,
1041 2444 1116 2521 τοῖς
1132 2434 1197 2533 μέν
1215 2440 1291 2514 τῶν
1304 2431 1462 2539 φαύλων

252 2562 421 2661 ἐρασταῖς
450 2558 514 2641 τὰς
543 2559 662 2642 αύτοῖς
689 2560 899 2660 πρεπούσας
927 2560 1084 2663 ὁρίζουσι
1112 2561 1220 2656 δίκας,
1243 2565 1321 2641 τοῖς
1351 2556 1394 2637 δέ
1422 2555 1463 2636 τῦ

253 2682 320 2785 ζῖγν
338 2681 473 2762 ε’θέλειν
491 2681 750 2786 ἐπιεικέστερον
771 2686 851 2785 περὶ
877 2692 1021 2763 πολλοῦ
1047 2681 1269 2782 ποιουμένοις
1294 2715 1459 2784 προστε-

223 2806 395 2885 θθείκασι
425 2802 491 2889 τάς
523 2803 641 2905 τιμάς.
697 2810 726 2885 εί
758 2804 830 2909 γάρ
863 2806 957 2891 ὅλως
988 2807 1091 2887 ούδέν
1118 2809 1156 2886 ἐν
1183 2813 1256 2889 τοῖς
1286 2804 1346 2912 ἐφ’
1378 2806 1505 2905 ἡμῖνιθ

152 3028 160 3042 ,
253 2935 364 3009 κεῖται
393 2928 608 3029 θελήμασιν,
634 2931 867 3011 ῦποπέπτωκε
896 2932 933 3011 δέ
960 2938 1038 3016 ταῖς
1064 2932 1109 3038 ἐξ
1134 2933 1237 3033 ὡρῶν
1264 2928 1459 3031 ἀνάγκαις,

253 3052 422 3158 ἀφύκτως
450 3086 489 3134 τε
517 3056 576 3133 καὶ
604 3053 854 3157 ἀπαραιτήτως
881 3055 1056 3157 ἀγούσαις
1081 3057 1134 3135 ἐπ’
1160 3054 1283 3160 ἀμφω,
1307 3061 1392 3139 πῶς
1420 3053 1462 3135 ἀν

252 3176 302 3258 ἐτι
321 3178 463 3261 δικαίως
481 3185 555 3261 τοῖς
578 3175 644 3277 μὲν
663 3180 811 3281 ἀγαθοῖς
836 3177 879 3260 τὸ
904 3182 1125 3260 ἐπαινεῖσθαι
1149 3176 1300 3280 πρέπειν
1318 3180 1458 3274 όμολο·

253 3301 444 3403 γήσαιμεν,
462 3308 536 3386 τοῖς
555 3301 592 3382 δέ
609 3301 661 3402 μὴ
680 3301 850 3386 τοιούτοις
875 3303 917 3383 τὸ
942 3305 1100 3384 ἐναντίον
1119 3306 1167 3386 ὡς
1186 3303 1224 3381 ἐν
1242 3300 1462 3407 ὀφλήματος

253 3421 354 3529 τάξει
386 3424 661 3525 καταθήσομενς
703 3428 742 3505 τί
771 3425 819 3520 δέ,
852 3424 930 3506 είπί
955 3462 1027 3526 μοι,
1060 3430 1118 3506 καὶ
1147 3424 1502 3528 ἐπαναγκάζουσιννε

254 3546 346 3644 ἡμᾶς
363 3551 397 3625 οὶ
415 3546 516 3645 νόμοι
534 3555 608 3628 τῶν
626 3547 691 3647 μέν
711 3550 863 3654 φαύλων
881 3552 1095 3655 ἀποφοιτᾶν,
1113 3557 1187 3634 τοῖς
1210 3549 1247 3629 δέ
1271 3552 1463 3649 ἀμείνοσιν

86 3689 200 3745 455ss
225 3668 448 3775 αέπιτρέχειν
466 3673 683 3772 ἐπείγεσθαι,
701 3674 829 3776 ἐτέρων
849 3674 1005 3780 ἐχόντων
1027 3681 1100 3755 τῶν
1124 3676 1162 3753 ἐν
1185 3673 1271 3772 ἡμῖν
1297 3681 1459 3767 βουλευ-

253 3793 378 3894 μάτων
401 3793 466 3878 τάς
495 3796 603 3894 ἡνίας,
629 3800 687 3876 καὶ
715 3799 771 3903 ἐφ’
796 3798 885 3901 ὅπερ
913 3795 958 3877 ἀν
982 3797 1188 3890 βούλωνται
1215 3796 1463 3903 διεξαγόντων

254 3915 436 4015 εύκόλως;
467 3926 545 4003 ταῖς
569 3919 640 4023 γάρ
662 3927 734 4000 τῶν
753 3923 856 4024 ὡρῶν
880 3920 1060 4029 ἐξουσίαις
1087 3924 1298 4002 ὑποκεῖσθαι
1322 3926 1401 4003 δεῖν
1419 3920 1463 4004 τά

254 4043 471 4144 ἀνθρώπινα,
491 4046 549 4122 καὶ
569 4046 664 4150 φασὶ
691 4049 748 4125 καὶ
773 4044 1025 4145 βεβούληνται,
1046 4049 1109 4144 τῆς
1128 4047 1288 4125 ἐντεῦθεν
1307 4045 1463 4130 ἀτοπίας
1473 4067 1503 4126 30

293 4330 333 4383 13.
351 4312 572 4402 περιαθρῆσομεν]
590 4321 617 4376 -Ι-
634 4315 707 4384 δμέν
720 4315 783 4386 (sic)
799 4315 830 4370 B.
1023 4332 1063 4387 19.
1082 4317 1276 4387 προστεθείκασι
1290 4317 1367 4374 Aub.
1381 4337 1415 4375 ex
1430 4319 1463 4376 Β.

531 4384 682 4440 emendavit
689 4385 761 4441 Aub.
770 4405 784 4440 ε
793 4386 852 4441 Cat.
860 4393 891 4441 ut
903 4386 999 4457 opinor
1010 4405 1096 4458 quum
1106 4398 1131 4442 et
1143 4406 1175 4443 ex
1187 4406 1203 4442 a
1215 4406 1270 4443 var.
1279 4390 1350 4444 null.
1360 4393 1462 4449 notavi.

255 4387 711 4597 wmmothw
725 4456 813 4511 Holst.
934 4474 977 4528 27.
996 4457 1084 4528 ἕτερον
1098 4459 1130 4513 Β.
1256 4460 1300 4513 28.
1318 4459 1388 4531 ὅπερ
1403 4462 1462 4518 Ba.
