3038 5018
120 292 230 379 vi.27.
298 297 355 362 IN
386 298 420 364 S.
444 295 699 363 JOANNEM.
746 297 932 363 LIB.III.
978 296 1081 365 cAP.
1104 299 1146 364 V.
1255 301 1320 363 445

120 457 222 540 οὐδὲν
246 460 341 545 ὅλως
368 460 415 540 τοί
441 461 541 565 παρὰ
568 469 639 542 σοῦ
666 460 756 566 πρὸς
783 460 849 562 τὴν
873 458 1104 566 προκειμέιην
1122 461 1322 564 εὑρίσκεται

120 578 278 683 ζήτησιν·
307 580 361 664 διδ
389 583 433 682 δὴ
459 585 573 665 πάλιν
597 581 838 681 ἀναλαβόντες
865 585 1014 688 ἐροῦμεν
1035 586 1085 664 Ἡ
1108 586 1271 689 σφραγίς
1297 584 1321 684 ἡ

121 704 194 786 ἀπὸ
219 706 370 810 σιδήρου
394 705 504 813 τυχὸν
528 706 552 810 ἢ
578 711 638 788 καί
664 716 805 812 χρυσοῦ
832 707 1002 809 νοουμείη
1023 704 1234 812 ἐγχαράττει
1255 705 1322 807 τὴν

121 829 295 926 ὁμοίωσιν
320 830 387 931 τὴν
413 833 540 930 ἑαυτῆς
572 838 650 916 ταῖς
682 833 793 928 ὕλαις,
821 838 898 914 ταῖς
926 832 982 937 ἐφ’
1010 829 1066 915 αἰς
1095 829 1140 910 ἀν
1165 829 1319 932 γίνοιτο,

88 955 365 1048 ὅάποβαλοῦσα
392 954 459 1052 μὲν
483 954 528 1061 ἐξ
552 957 677 1053 ἑαυτῆς
707 954 817 1051 οὐδέν,
843 953 956 1055 μόνην
981 954 1019 1035 δέ
1049 955 1125 1034 κατ’
1145 953 1322 1056 ἐνέργειαν

120 1075 187 1176 τὴν
216 1079 256 1155 ἐκ
284 1084 349 1156 τοῦ
379 1079 670 1183 προστεθλίφθαι
703 1080 1023 1179 κατασημαίνουσα
1053 1075 1100 1157 τά
1131 1074 1320 1182 δεχόμενα·

120 1200 214 1281 οὕτω
245 1207 394 1300 νοοῦμεν
425 1201 674 1306 ἐσφραγίσθαι
708 1200 809 1304 παρὰ
845 1208 909 1282 τοῦ
941 1198 1089 1305 Πατρὸς
1120 1198 1184 1281 τὸν
1213 1199 1318 1300 Υἰὸν,

121 1321 223 1403 οὐδὲν
241 1323 369 1429 ἔχοντα
395 1327 460 1423 τῆς
486 1325 612 1408 οὐσίας
639 1325 757 1423 αὐτοῦ,
776 1322 1040 1405 ἀπολαύσαντα
1065 1321 1104 1404 δέ
1127 1321 1240 1423 μόνης
1257 1327 1322 1422 τῆς

121 1447 291 1550 ἀκριβοῦς
318 1446 531 1547 ὁμοιώσεως,
557 1451 616 1527 καὶ
644 1447 762 1550 ἕτερόν
789 1482 824 1529 τι
850 1449 933 1553 παρ’
959 1444 1068 1528 αὐτὸν
1095 1444 1318 1552 ὑπάρχοντα,

71 1596 109 1639 10
121 1568 282 1674 καθάπερ
301 1569 417 1651 εἰκόνα
434 1570 525 1676 πρὸς
543 1568 585 1651 τὸ
604 1570 817 1676 ἀρχέτιπτον.
1332 1596 1350 1636 ⁸
1371 1581 1486 1641 ⁸0³1·

170 1690 223 1772 Ὢ
240 1695 437 1798 παρανοίας·
459 1695 613 1798 ἀμέτρου
639 1699 697 1775 καί
721 1694 974 1802 ῥιψοκινδύνου
1000 1693 1242 1802 φρονήματος·
1273 1697 1322 1780 ὡς

120 1816 276 1903 εὐκόλως
311 1816 491 1900 ἐπελάθου
527 1825 600 1898 τῶν
630 1818 712 1920 ἀρτι
743 1818 1059 1921 γεγυμνασμένων.
1111 1821 1322 1924 χαρακτῆρα

120 1938 279 2043 μὲνγὰρ
305 1949 370 2022 τοῦ
399 1939 545 2046 Πατρός
571 1940 635 2022 τὸν
651 1941 742 2022 Υἰὸν
766 1940 961 2044 εἰρήκαμεν,
984 1941 1255 2048 σφραγίζεσθαι
1282 1941 1322 2023 δέ

120 2064 159 2142 ἐν
177 2065 273 2170 αὐτῷ
296 2063 339 2145 τὸ
366 2063 653 2169 ἀλλότριον,καί
678 2067 742 2144 οὐκ
767 2064 885 2162 αὐτὸν,
903 2065 961 2145 ἵνα
986 2062 1037 2164 μὴ
1064 2063 1170 2148 αὐτὸς
1194 2065 1321 2145 ἑαυτοῦ

71 2193 237 2266 ῐόνοοῖτο
264 2187 459 2294 χαρακτήρ.
511 2188 561 2269 σύ
589 2186 625 2268 δέ
654 2188 737 2289 ἡμῖν
765 2190 828 2267 οὐκ
860 2189 975 2291 ὀρθῶς
1004 2186 1067 2266 τὸν
1095 2189 1153 2268 ἐπὶ
1183 2185 1321 2271 τούτοις

120 2311 371 2396 ἀπολακτίσας
399 2310 522 2414 λόγον,
544 2310 659 2412 μόνην
683 2313 779 2420 αὐτῷ
806 2310 873 2413 τὴν
898 2311 976 2392 κατ’
996 2309 1171 2414 ἐνέργειαν
1195 2308 1316 2408 όμοιά·

121 2466 213 2533 τητα
230 2440 417 2538 περιτιθεὶς
434 2437 498 2515 οὐκ
514 2438 688 2543 ἐρυθριᾷς.
726 2438 765 2516 ἐν
782 2433 904 2534 μόνοις
921 2435 985 2514 οὐν
1003 2433 1075 2536 ἀρα
1092 2438 1319 2540 χαρακτῆρσι

123 2554 215 2641 Θεὸς
234 2559 337 2639 ἔσται
354 2561 435 2638 καθ’
456 2562 546 2657 ὑμᾶς
571 2559 707 2658 ὁΥἰύς,
727 2562 785 2639 καί
809 2558 919 2667 φύσει
944 2556 1010 2658 μὲν
1028 2559 1205 2657 οὐδαμῶς,
1226 2555 1352 2638 mab

123 2679 160 2760 δέ
187 2679 229 2761 τὸ
256 2688 520 2789 μεμορφῶσθαι
546 2682 658 2783 μόνον
685 2687 743 2763 καί
776 2684 1041 2787 ἐσχηματίσθαι
1073 2688 1195 2766 καλῶς
1227 2679 1318 2784 πρὸς

69 2801 188 2903 νοτίην
205 2812 270 2885 τοῦ
287 2805 449 2890 τεκόντος
466 2806 667 2912 ἐμφέρειαν.
707 2806 803 2911 τάχα
827 2805 865 2886 δέ
890 2804 1003 2885 οὐκέτι
1027 2803 1189 2890 τεκόντος
1208 2804 1315 2889 ὅλως·

123 2926 199 3031 ὥρα
216 2926 288 3032 γάρ
308 2930 398 3025 ὑμᾶς
415 2927 474 3007 διά
492 2929 629 3009 τούτων
646 2932 801 3031 ἀναιρεῖν
820 2931 878 3008 καί
895 2927 962 3029 τὴν
980 2928 1160 3030 γέννησιν,
1174 2934 1319 3025 μᾶλλον

123 3049 161 3131 δέ
192 3049 331 3154 ἀνάγκη
361 3058 476 3149 ποῦσα,
504 3054 563 3132 καί
590 3057 620 3131 εἰ
647 3050 697 3150 μὴ
725 3050 918 3148 βούλεσθε.
959 3053 1041 3154 περὶ
1071 3047 1138 3148 μέν
1165 3051 1319 3132 οὖντοῦ

122 3178 251 3279 χρῆναι
277 3174 456 3255 πιστεύειν
484 3180 722 3277 γεγεννῆσθαι
749 3172 813 3256 τὸν
834 3171 925 3255 Υἰδν
952 3177 991 3254 ἐκ
1020 3173 1177 3277 Πατρύς,
1202 3173 1320 3261 πολύς

122 3299 206 3396 ἡμῖν
224 3297 293 3398 ἤδη
312 3296 550 3398 δεδαπάνηται
569 3299 689 3402 λόγος,
706 3295 730 3399 ἢ
749 3301 808 3377 καί
826 3300 864 3377 ἐν
882 3298 995 3406 οἰκείῳ
1020 3303 1131 3406 καιρῷ
1154 3303 1315 3400 δαπανη-

71 3438 109 3499 25
123 3420 283 3522 θήσεται·
311 3421 607 3527 πρεπωδέστερον
624 3423 667 3502 δέ
680 3456 758 3506 πως
775 3423 832 3502 ἐπί
850 3420 893 3502 τὸ
910 3424 947 3502 ἐν
964 3423 1070 3526 χερσί
1088 3421 1319 3520 βαδιούμεθα,

122 3551 196 3628 τοῖς
213 3547 501 3647 ἀθυρογλωττείν
519 3543 737 3652 ἀφυλάκτως
760 3544 926 3626 εἰωθόσιν
944 3546 1052 3625 ἐκεῖνο
1075 3545 1348 3648 πρατείνοντεςο

123 3672 171 3752 εἰς
196 3668 372 3770 ἐρώτησιν
389 3665 475 3773 'Ap‘
502 3670 581 3774 οὐχί
604 3666 748 3754 πάντως
774 3665 817 3749 τὸ
846 3666 951 3748 δοτὸν
975 3670 1098 3771 ἐροῦσι
1125 3671 1184 3747 καί
1209 3669 1319 3774 ἀφαι·

121 3787 226 3894 ρετύν
253 3794 312 3871 καί
341 3788 383 3870 τῦ
410 3791 658 3895 προσγεγονύς
687 3790 782 3875 ἰίλως
811 3792 981 3896 ἐγχωρεῖν
1008 3792 1232 3890 ὁμολογοῦσι
1259 3791 1318 3870 καί

122 3913 427 4009 ἀποβάλλεσθαι,
466 3912 489 4012 ἢ
517 3912 589 4016 γάρ
621 3914 701 4019 οὐχί
734 3917 793 3994 καί
821 3911 1073 3994 ἀποπτύεσθαι
1101 3919 1175 3992 πᾶν
1201 3914 1319 3991 ὁτιοῦν

69 4054 110 4114 30
122 4037 203 4118 ἐσθ’
223 4036 283 4117 ὅτε
301 4034 537 4136 σνμβαίνει,δ
555 4034 605 4138 μὴ
624 4036 716 4116 κατά
734 4035 849 4144 φύσιν
865 4035 1071 4139 ἐνερῤιζῶθη
1089 4034 1209 4130 τισίν;
1231 4032 1318 4115 ἀλλ’

159 4314 184 4352 2.
202 4248 295 4354 λάίἀδν
307 4297 322 4367 ἡ
334 4297 386 4354 ἀπὸ
398 4296 505 4367 σιδήρου
517 4296 624 4352 inverso
636 4294 729 4350 ordine
742 4296 775 4352 B.
864 4314 891 4368 3.
909 4297 961 4352 ἀπὸ
972 4314 1021 4368 pro
1033 4296 1075 4351 καί
1088 4294 1121 4350 Β.
1215 4297 1241 4350 ό.
1260 4294 1319 4351 τεθ-

121 4368 287 4510 ξὲθὲἰὲι.)
301 4439 334 4493 Β.
394 4365 1038 4510 9·.θὲῑ“.ἑιῖ;ἰι·ἱῖἐῗΐ“’“ῗὶ;ῗθθῖ;ῗθ·
1109 4451 1152 4506 2⁵.
1169 4381 1213 4507 ’.ἦ
1226 4367 1319 4492 m:

121 4526 165 4580 30·
184 4509 307 4579 ἕννιξόθο
321 4508 352 4563 B.
