3038 5018
91 289 209 378 vii.30.
292 293 350 357 IN
381 294 415 356 S.
438 291 692 358 JOANNEM.
739 291 834 356 LIB.
851 291 892 354 V.
938 288 1091 355 CARI.
1224 288 1289 350 669

91 459 269 559 ἀμελλητὶ
303 459 543 549 κατανεύσειν,
576 462 634 539 καὶ
666 464 738 537 τῶν
771 460 885 537 ε’κεῖνα
918 456 1149 563 φρονούντων
1179 486 1289 533 κατά

91 581 328 686 ψηφίζεσθαι.

150 709 222 784 Καὶ
249 703 293 805 ἦν
311 705 376 805 μέν
398 708 446 789 ὡς
472 705 582 786 έοικεν
603 711 678 789 τοῖς
703 703 894 808 εἰρημένοις
920 706 1107 807 ἀρκεῖσθαι
1131 703 1318 804 πρέπον,ο

91 831 175 908 ἀλλ’
215 830 272 909 ἵνα
308 830 359 929 μὴ
395 837 468 914 τοῖς
504 828 740 935 ε’νδεχομένοις
778 832 836 909 καὶ
874 835 1101 932 στοχασμοῖς
1138 827 1181 907 τὸ
1214 833 1290 908 πᾶν

59 953 285 1058 ὅέπιτρέψας
325 955 571 1057 εύρεσιλογίας
616 951 805 1059 πρόφασιν
842 954 1053 1057 καταλείψω
1088 957 1195 1048 τισὶν,
1231 954 1289 1030 ε’πὶ

90 1077 316 1179 πραγμάτων
344 1077 518 1184 ἐξήγησιν
545 1076 808 1176 μεταβήσομαι,
835 1080 891 1156 καὶ
920 1079 959 1155 ἐκ
987 1081 1059 1155 τῶν
1087 1073 1290 1179 γεγονότων

92 1199 352 1307 ἀναμφιλόγως
389 1205 620 1308 ε’πισφραγιῶ
656 1199 721 1280 τὸν
753 1200 880 1304 ἀρτίως
919 1200 1003 1299 ἡμῖν
1039 1198 1291 1280 δαππενθέντα

92 1325 215 1429 λόγον.
258 1330 384 1407 οὐκοῦν
401 1327 599 1429 Ἀσσύριοί
613 1360 701 1405 ποτε
719 1324 841 1433 κύκλῳ
860 1325 1080 1429 περιέχοντες
1098 1323 1164 1422 τὴν
1183 1323 1290 1425 ἁγίαν

91 1450 213 1530 πόλιν·
246 1456 339 1558 φημὶ
367 1449 411 1550 δὴ
440 1449 506 1550 τὴν
535 1452 641 1551 ἁγίαν
662 1447 914 1553 Ἰερουσαλήμ·
946 1455 1151 1549 πολιορκεῖν
1179 1450 1286 1543 ε’βου·

44 1572 252 1654 ιολεύοντο·
292 1577 311 1654 ὁ
340 1573 378 1654 δὲ
406 1575 541 1654 τούτων
570 1571 785 1676 στρατηγός·
816 1570 1005 1679 Ῥαψάκης
1034 1569 1071 1651 δὲ
1098 1573 1199 1655 οὗτος
1227 1568 1323 1670 ἦνᾱ

90 1698 177 1777 ποτὲ
215 1699 280 1795 μὲν
311 1702 510 1796 ἀπατηλοῖς
541 1704 775 1799 προεπειράτο
809 1695 933 1799 λόγοις
965 1697 1289 1790 καταμαλθάσσειν

92 1826 165 1900 τῶν
183 1825 219 1901 ἐν
241 1825 330 1928 αὐτῇ
349 1822 515 1926 μαχίμων
537 1820 600 1901 τὸν
619 1830 712 1919 νοῦν,
731 1819 818 1902 ποτὲ
838 1821 874 1900 δὲ
893 1827 970 1905 ταῖς
994 1822 1158 1903 ἀπειλαῖς
1183 1828 1289 1899 τοῦτο

93 1953 204 2026 ποιεῖν
222 1947 426 2028 ἐσκέπτετο·
458 1951 516 2027 καὶ
534 1950 554 2027 ὁ
572 1945 637 2045 μὲν
655 1946 827 2049 μακάριος
844 1947 1003 2050 Ἑζεκιάς
1028 1944 1094 2045 τὴν
1112 1948 1290 2042 βασιλίδα

93 2067 173 2150 τότε
200 2072 376 2172 περιέπων
394 2071 510 2172 τιμὴν,
528 2072 569 2151 ού
587 2079 661 2154 τοῖς
680 2071 778 2154 ἰδίοις
795 2073 983 2174 ε’πιθαρσεῖ
1003 2069 1288 2172 στρατεύμασιν,

45 2209 81 2270 ¹5
94 2194 195 2273 ἀλλὰ
214 2201 297 2303 Θεῷ
315 2201 367 2304 τῷ
388 2194 534 2275 πάντων
553 2196 702 2274 ἀνετίθει
727 2200 789 2294 τῆς
816 2195 913 2294 νίκης
937 2192 980 2273 τὸ
1005 2191 1122 2288 τέλος,
1143 2195 1200 2273 καὶ
1225 2192 1291 2292 τήν

93 2320 176 2421 παρ’
208 2321 315 2400 αὑτοῦ
346 2317 459 2420 μάνην
490 2321 692 2421 ἐπικουρίαν
724 2318 766 2397 δι’
798 2317 1049 2418 ε’κτενεστάτης
1079 2316 1197 2397 ε’κάλει
1226 2320 1290 2414 τῆς

93 2448 310 2547 προσευχῆς,
330 2447 389 2522 καὶ
414 2442 596 2523 κατέκλινε
619 2443 661 2523 τὸ
687 2445 747 2527 οὖς
771 2449 823 2551 τῷ
848 2443 971 2550 δικαίῳ
988 2446 1207 2547 παραχρῆμα
1225 2438 1292 2540 μέν

96 2566 199 2663 Θεὸς,
219 2569 360 2669 γείτονα
388 2566 425 2647 δὲ
452 2574 529 2651 ταῖς
558 2569 676 2672 εὐχαῖς
703 2566 769 2666 τήν
794 2565 898 2671 χάριν
916 2567 1030 2646 ε’τίθει.
1072 2575 1094 2613 “
1110 2566 1291 2673 Ἐξῆλθεν
1337 2591 1381 2642 Fa.
1407 2657 1423 2671 ..

96 2699 118 2736 “
136 2688 207 2792 γάρ
233 2690 389 2792 ἀγγελος
409 2692 554 2794 Κυρίου,
574 2689 667 2770 καθά
691 2692 902 2793 γέγραπται,
921 2694 978 2770 καὶ
1003 2693 1145 2770 ἀνεῖλεν
1163 2693 1202 2769 ἐκ
1226 2693 1290 2790 τῆς
1303 2710 1321 2753 0
1336 2673 1433 2786 ἔξω

45 2841 81 2889 εο
96 2822 117 2859 “
134 2819 368 2915 παρεμβολῆς
405 2821 477 2895 τῶν
514 2816 740 2920 ἀλλοφύλων
771 2813 899 2894 ἑκατόν
930 2814 1151 2916 ὀγδοήκοντα
1186 2814 1291 2894 πέντε

95 2947 116 2984 “
134 2936 334 3041 χιλιάδας.”
375 2939 413 3017 τί
433 2935 554 3035 οὖν,ιῖ
579 2939 760 3035 βέλτιστε,
778 2937 869 3040 πρὸς
894 2946 1001 3018 τοῦτο
1024 2940 1136 3040 ε’ρεῖς;
1172 2941 1209 3017 ἐν
1227 2942 1293 3044 μιᾷ

95 3067 203 3158 νυκτὶ,
223 3065 280 3141 καὶ
300 3063 382 3141 καθ’
402 3061 498 3165 ὤραν
515 3061 581 3161 τὴν
601 3062 711 3162 αὐτὴν
731 3067 788 3142 καῖ
809 3061 945 3165 καιρόν,
966 3066 986 3142 ό
1007 3061 1071 3160 μέν
1089 3060 1291 3164 Ἀσσύριος

94 3185 239 3265 ἔπιπτεν
257 3186 417 3288 ἀγγέλου
433 3189 521 3290 χειρὶ
542 3185 804 3284 δαπανώμενος,
822 3187 1008 3290 διεσώζετο
1030 3182 1067 3266 δέ
1085 3191 1158 3265 τῶν
1175 3186 1289 3287 Ἱερο-

94 3316 303 3407 σολυμιτῶν
321 3311 342 3409 ἡ
360 3308 513 3409 πληθύς,
532 3313 590 3389 καὶ
609 3316 642 3390 οἱ
661 3307 726 3407 μέν
746 3308 841 3410 ἦσαν
860 3313 896 3390 ἐν
916 3318 988 3394 τοῖς
1005 3308 1182 3416 ε’σχάτοις,
1201 3314 1234 3389 σῖ
1253 3308 1291 3389 δέ

46 3451 80 3512 ²5
95 3434 132 3510 ε’ν
160 3433 284 3538 τέρψει
313 3437 370 3511 καὶ
398 3438 505 3540 χαρᾷ.
556 3442 626 3514 ποῦ
655 3438 718 3532 τῆς
745 3432 839 3536 ὥρας
866 3435 889 3534 ἡ
917 3433 1089 3534 δύναμις;
1128 3439 1207 3518 πῶς
1235 3432 1289 3514 ἐπ’

94 3557 230 3660 ἀμφοῖν
252 3556 452 3655 ἀνωμάλως
477 3557 679 3660 ἐμερίζετο,
711 3563 770 3636 καὶ
797 3564 871 3641 τοῖς
898 3557 963 3655 μέν
985 3555 1027 3637 τὸ
1053 3560 1198 3665 χαίρειν,
1217 3564 1291 3643 τοῖς

94 3678 131 3757 δὲ
149 3678 191 3758 τὸ
211 3680 378 3780 θνήσκειν
397 3689 512 3764 κακῶς
529 3679 730 3786 εἶργάζετο;
765 3683 809 3761 ού
825 3681 897 3784 γὰρ
916 3687 1027 3786 διφυᾶ
1045 3684 1157 3761 τεκαὶ
1176 3681 1322 3763 πολύ-ε
1342 3704 1459 3763 45η.

92 3808 237 3907 μορφον
265 3804 539 3904 ἀποτολμήσαις
569 3803 614 3884 ἀν
642 3804 752 3904 αὐτὴν
781 3804 970 3904 ὀνομάσαι,
999 3809 1058 3884 καὶ
1084 3812 1115 3885 εῖ
1143 3804 1292 3910 σφόδρα

93 3935 223 4027 ληρεῖς.
269 3931 289 4008 ό
317 3928 422 4011 αὐτὸς
450 3931 484 4008 δ’
514 3927 559 4007 ἀν
587 3928 671 4028 ἡμῖν
698 3930 850 4036 ἰσχύσαι
878 3927 989 4032 λόγος
1017 3930 1080 4010 ε’πί
1103 3964 1142 4010 τε
1161 3936 1293 4010 Δαθάν

133 4146 155 4183 1.
175 4129 300 4198 ἀμελλητὶ
314 4130 414 4184 correxi
428 4139 489 4200 post
502 4128 604 4199 Migne.
617 4129 724 4198 ἀμελητὶ
737 4129 809 4185 Aub.
952 4133 977 4187 8.
996 4131 1159 4204 περιέχοντες
1173 4130 1205 4185 Β.
1218 4153 1289 4199 περι·

95 4203 205 4271 σχόντες
220 4200 269 4254 Ed.
400 4201 439 4255 16.
458 4203 539 4269 μόνην
552 4201 584 4254 B.
599 4201 689 4255 Holst.
702 4204 781 4269 μόνον
792 4200 876 4265 Aub„
889 4204 936 4272 qui
948 4211 1060 4259 testatur
1073 4223 1101 4259 ιο
1113 4222 1127 4259 e
1140 4202 1199 4257 Cat.
1215 4202 1292 4257 Harl.

95 4271 249 4324 correxisse.
371 4287 411 4342 ιγ.
431 4273 561 4326 κατέκλινε
576 4271 608 4326 Β.
623 4270 671 4325 Ht.
685 4271 825 4324 κατέκτεινε
838 4271 910 4326 Aub.
1028 4291 1070 4328 οι.
1088 4275 1290 4344 &assumptum

95 4359 127 4393 ox
143 4341 174 4394 B.
308 4359 351 4412 23.
369 4343 474 4396 ἔπιπτεν
488 4343 519 4395 Β.
533 4343 671 4397 ε’πίπεπτεν
684 4342 746 4411 (sic)
763 4342 820 4404 Ht.,
833 4340 905 4395 unde
917 4342 1054 4397 ε’πίπιπτεν
1065 4343 1137 4398 Aub.
1152 4345 1292 4398 ὑπέπιπτεν

95 4411 200 4481 Migne.
227 4485 238 4497 .
368 4485 378 4496 .
389 4413 431 4466 26.
448 4413 589 4500 ἀχωμάλως
603 4413 749 4484 [ἀνομιίλως
763 4410 846 4501 θοὰ]
862 4412 892 4466 Β.
905 4412 1032 4481 ἀνόμολος
1047 4413 1094 4467 Ht.
1107 4414 1225 4496 ἀνόμοιος
1240 4414 1289 4468 Ed.

96 4497 139 4551 27.
159 4482 240 4551 διφυα
254 4482 286 4536 Β.
300 4484 380 4553 διφυη
395 4483 443 4537 Ht.
459 4483 509 4537 hd.
654 4485 696 4536 28.
715 4484 900 4552 ἀποτολμησος
914 4482 946 4537 Β.
962 4483 1010 4538 Ht.
1046 4483 1206 4539 Emendmt
1217 4484 1291 4539 Aub-

95 4569 137 4622 29.
158 4552 268 4624 ἰσχύσαι
280 4554 430 4609 emendavit
444 4553 541 4625 Heyse.
554 4552 664 4623 ἰ’σχνσαι
678 4553 710 4608 Β.
723 4553 820 4626 ἰ’σχυσε
836 4555 883 4610 Ht.
897 4554 948 4610 Ed.
