3038 5018
195 276 238 338 24
499 279 537 342 Β.
561 278 772 342 CYRILLI
802 277 1089 342 ALEXANDR.
1328 276 1350 340 i.
1368 296 1396 338 1.

195 445 396 543 περιαθρῶν
414 441 671 542 βλαστήματα,
690 449 878 548 μονονουχὶ
895 442 986 546 πρὸς
1004 442 1094 522 αὑτὰ
1113 447 1279 545 δρομαῖος
1297 440 1399 546 ἔρχε-

196 596 265 660 ται,
276 566 334 643 καὶ
348 567 535 665 ἀποτέμνει
553 574 694 668 γοργῶς
708 564 944 672 πανταχόθεν,
955 573 1028 651 τοῖς
1047 565 1305 673 ἐπευξαμένοις
1323 571 1400 650 τοῖς

196 686 279 788 παρ’
299 688 408 769 αὑτοῦ
426 689 691 793 συγγράμμασι
711 689 808 770 τὸέν
827 692 917 796 ὀρθῇ
938 695 983 796 τῇ
1005 690 1126 771 πίστει
1145 686 1398 798 φυλάττεσθαι

197 809 393 916 προξενῶν.
426 813 490 893 θέα
508 812 579 916 γάρ
598 812 642 913 δη
660 812 772 893 πάλιν
791 822 854 895 τοὺ
872 811 1170 919 πνευματοφόρου
1188 811 1254 915 τὴν
1273 816 1398 918 νῆφιν.

198 934 358 1041 ἐδίδαξεν
375 938 413 1015 ἐν
431 944 504 1020 τοῖς
527 943 792 1039 προλαβοῦσιν,
811 941 859 1022 ὡς
882 935 928 1038 ἦν
947 940 966 1016 ὑ
987 937 1106 1040 Λόγος
1130 940 1168 1017 ἐν
1185 939 1292 1042 ἀρχῇ,
1310 971 1396 1015 του·
1413 966 1430 1025 5

198 1056 332 1156 τέστιν,
350 1061 388 1139 ἐν
406 1066 458 1169 τῷ
476 1066 560 1168 Θεῷ
577 1064 635 1140 καὶ
657 1064 785 1165 Πατρ),
805 1058 966 1164 καθάπερ
984 1059 1181 1164 εἰρήκαμεν.
1220 1057 1339 1159 ἐπειδὴ
1359 1058 1399 1140 δέ

166 1178 242 1260 1)τὺ
267 1185 330 1280 τῆς
356 1183 510 1268 διανοίας
537 1183 636 1284 ὄμμα
659 1186 935 1292 πεφωτισμένον
957 1184 1049 1291 έχων
1067 1185 1131 1264 οὑκ
1156 1182 1287 1287 ἠγνόει,
1306 1181 1400 1262 κατά

199 1304 241 1385 τὸ
258 1304 359 1405 εἰκός,
377 1296 426 1393 ὡς
442 1307 715 1408 ἀναστήσονταί
728 1344 820 1392 τινες
844 1312 883 1389 ἐκ
907 1313 1050 1410 πολλῆς
1075 1308 1230 1409 ἀμαθίας
1254 1307 1317 1386 ἕνα
1339 1310 1399 1386 καὶ

198 1426 263 1509 τόν
300 1429 407 1511 αὑτὸν
444 1428 531 1512 εἶναι
567 1430 733 1533 λέγοντες
773 1431 916 1536 Πατέρα
953 1435 1011 1512 καὶ
1048 1430 1148 1531 Υὶὺν,
1186 1433 1245 1510 καὶ
1286 1430 1400 1529 μόνον

199 1552 354 1654 ὀνόμασι
371 1554 437 1655 τὴν
455 1557 561 1658 ἁγίαν
576 1556 716 1660 Τριάδα
734 1556 1021 1655 διαστέλλοντες,
1035 1559 1073 1637 ἐν
1091 1553 1129 1635 δέ
1147 1553 1401 1635 ὑποστάσεσιν
1417 1592 1451 1632 ιο

200 1680 325 1762 ίδικαῖς
352 1679 394 1759 οὑ
421 1689 691 1784 συγχωροῦντες
719 1679 900 1784 ὑπάρχειν,
924 1681 967 1760 ἵν’
996 1681 1016 1759 ὑ
1041 1675 1169 1784 Πατὴρ
1196 1677 1262 1779 μέν
1287 1676 1400 1762 ὅντως

201 1804 323 1900 νοῆται
352 1799 481 1905 Πατὴρ
512 1807 571 1882 καὶ
604 1804 671 1906 οὑχ
700 1801 799 1895 Υἱὸς,
829 1803 918 1888 Υἱὸς
946 1804 983 1884 δ’
1013 1804 1059 1882 αὑ
1086 1801 1200 1883 πάλιν
1227 1800 1401 1907 ὑπάρχειν

201 1923 297 2009 ἰδίως
320 1924 447 2008 ὁΥἱὸς
475 1929 531 2005 καὶ
560 1927 602 2005 οὑ
622 1923 759 2028 Πατὴρ,
780 1925 903 2031 ὥσπερ
929 1928 1068 2006 οὖνκαὶ
1093 1928 1113 2006 ὁ
1138 1931 1202 2026 τῆς
1229 1928 1400 2026 ἀληθείας

174 2046 273 2154 οέχει
305 2047 426 2151 λόγος·
465 2052 665 2152 ἀναγκαίως
694 2053 753 2131 καὶ
780 2050 871 2152 πρὸς
899 2049 1043 2149 ταύτην,
1071 2054 1119 2136 ὡς
1151 2053 1401 2154 ἐπιπαροῦσαν

201 2172 280 2272 ἤδη,
313 2175 388 2253 κατ’
422 2176 532 2254 ἐκεῖνο
564 2182 687 2279 καιροῦ
719 2174 954 2275 κεκινημένην,
985 2171 1009 2274 ἢ
1042 2178 1100 2254 καὶ
1131 2173 1286 2254 ἔσεσθαί
1312 2208 1401 2254 ποτε
1417 2207 1452 2266 15

201 2292 423 2395 μέλλουσαν,
444 2297 510 2397 τὴν
535 2298 672 2402 αἵρεσιν
696 2297 930 2402 ἐξοπλίζεται,
953 2301 1010 2379 καὶ
1036 2297 1080 2398 δὴ
1103 2297 1194 2401 πρὸς
1216 2298 1401 2400 ἀναίρεσιν

176 2422 179 2427 ’
202 2422 310 2520 αι’σῆς
333 2423 575 2524 παρατίθησιν
596 2420 697 2506 εὑθὺς
724 2429 776 2531 τῷ
799 2419 866 2501 Ἐν
887 2424 981 2527 ἀρχῇ
1008 2421 1053 2522 ἧν
1076 2421 1234 2525 ὁΛόγος
1260 2419 1304 2501 τό
1329 2428 1399 2502 Καὶ

204 2553 219 2625 ὑ
248 2544 359 2646 Λόγος
391 2539 424 2639 ἦν
452 2549 532 2652 πρός
561 2545 611 2625 τὺν
639 2548 731 2627 Θείν·
775 2549 940 2650 πανταχῆ
970 2543 1036 2642 μέν
1067 2542 1108 2626 τδ
1140 2541 1173 2640 ἧν
1199 2546 1402 2648 ἀναγκαίως

203 2667 382 2774 ἐπιφέρων
411 2666 470 2746 διά
498 2666 564 2768 τὴν
591 2670 805 2772 προαιιόνιον
833 2669 1002 2773 γέννησιν
1032 2671 1151 2766 αὑτοῦ,
1181 2668 1239 2749 διά
1267 2667 1305 2750 δέ
1337 2676 1403 2750 τοῦ

203 2788 315 2898 φάναι
342 2789 551 2895 τὸνλόγον
578 2790 665 2871 ὄντα
691 2793 774 2898 πρὶς
803 2791 854 2873 τόν
882 2791 974 2891 Θεάν,
1004 2793 1042 2873 ἐν
1068 2793 1134 2892 μέν
1160 2827 1193 2872 τι
1222 2794 1280 2871 καὶ
1308 2795 1398 2899 ὑφε-
1419 2828 1456 2869 ιο

204 2911 338 3013 σιηκὺς
367 2913 453 2994 αὑτὸ
487 2916 567 2995 καθ’
602 2913 706 2997 ἑαυτό
739 2913 803 2996 τόν
831 2913 921 2997 Υίὺν
951 2915 1184 3010 ἐπιδεικνύων,
1214 2915 1332 3018 ἕτερον
1364 2915 1403 2997 δέ

204 3035 316 3118 πάλιν
345 3036 409 3119 τὸν
440 3035 535 3121 Θεὸν
567 3045 624 3119 καὶ
660 3037 817 3143 Πατέρα,
851 3041 934 3145 πρός
966 3036 1007 3119 δν
1038 3033 1071 3132 ἦν
1103 3049 1118 3120 o‘
1152 3042 1275 3141 Λόγος·
1325 3044 1404 3139 πῶς

171 3159 276 3263 ᾱγάρ
308 3159 353 3242 ἀν
380 3162 475 3247 ὅλως
505 3160 548 3243 τὸ
582 3162 620 3244 ἐν
647 3165 788 3272 ἀριθμῷ
820 3160 907 3243 αὑτὸ
939 3161 1030 3266 πρὸς
1061 3159 1175 3260 ἐαυτδ,
1204 3161 1283 3262 ἤτοι
1316 3163 1402 3265 παρ’

206 3285 328 3391 ἐαυτῷ,
349 3293 464 3366 νοοῖτο
483 3284 678 3390 ὑπάρχειν;

255 3406 343 3488 Ὀτι
366 3409 404 3489 δέ
429 3407 568 3509 ἀμαθὴς
588 3417 662 3493 τοῖς
683 3414 867 3515 αίρετικοῖς
885 3412 944 3489 καὶ
963 3413 982 3489 ὁ
1001 3408 1236 3514 περὶτούτων
1254 3407 1399 3514 εὑρεθή·
1420 3445 1456 3505 ²5

205 3564 309 3610 σεται
332 3530 457 3633 λόγος,
480 3530 538 3612 διά
566 3537 629 3632 τῆς
653 3535 783 3618 ἐντοῖς
807 3531 1102 3634 ὑποτεταγμένοις
1128 3535 1274 3635 θεωρίας
1298 3533 1399 3613 διδά-

205 3654 325 3762 ξομεν,
345 3654 410 3754 τὴν
428 3661 500 3735 τῶν
518 3653 737 3757 ζητουμένων
755 3656 921 3753 βάσανον
939 3659 1068 3759 ἀκριβῆ
1087 3653 1332 3756 ποιησάμενοι.

244 3925 267 3965 1.
285 3909 445 4036 περιάἒθρῶν
458 3910 491 3964 Β.
552 3995 592 4034 η
611 3874 695 4052 δέ.
706 3908 955 4035 διχοὲαευιιωρῑυω
968 3927 999 3962 ex
1014 3907 1045 3962 B.
1226 3927 1252 3980 9.
1269 3911 1358 3978 μόνοις
1371 3909 1405 3965 Β.

209 3997 249 4034 11.
269 3979 344 4038 ἰδίαις
944 3998 986 4047 14.
1004 3979 1182 4048 ἐπιποροὺσαν
1195 3980 1222 4033 D
1235 3997 1289 4050 mg.
1304 3978 1338 4033 E.
1352 3979 1405 4050 (di-

206 4049 305 4118 visim.)
325 4051 513 4120 ἐπισπορεῑσαν
531 4050 567 4104 Ι).
587 4048 639 4133 Ιᾷδ.
700 4050 797 4133 Β..(Ικῑ
815 4049 1062 4121 ὡσηπαρονσανείδὴ
1076 4073 1099 4093 =
1111 4049 1176 4104 ὦσε)
1193 4053 1329 4120 παροῦσαν
1346 4051 1405 4120 ἤδη.

209 4133 250 4188 15.
259 4117 370 4200 μιαροῦ]
387 4127 415 4184 4
430 4122 471 4176 καὶ
484 4120 534 4176 Ed.
551 4130 636 4176 mvlto
649 4121 692 4186 Β,
705 4138 748 4176 cm
761 4121 832 4176 favet
844 4139 950 4193 quoque
963 4123 1006 4185 E„
1016 4121 1056 4175 καὶ
1068 4118 1201 4189 κινημένην
1210 4144 1234 4164 =
1244 4120 1406 4192 κεκινημένην

206 4189 593 4334 ξςριρὲιμὲηωυμένωνῖεὲνζίρ
600 4201 820 4338 garaman
835 4192 866 4248 B.
1013 4207 1054 4262 23.
1072 4190 1104 4246 δν
1115 4201 1285 4263 assumptum
1297 4209 1330 4246 ex
1344 4192 1405 4246 ss.1.
