3038 5018
221 299 287 363 σοι
525 297 564 360 Β.
588 292 801 359 οἵαισιν
830 288 1122 355 ALEXANDR.
1249 283 1430 365 »αμα

223 461 347 566 φύσει,
367 459 527 562 καθάπερ
546 461 609 540 οὖν
626 460 695 558 ἤδη
719 453 1015 562 προεδιόόξσμεν.
1056 452 1148 532 όταν
1167 450 1302 530 τοίνυν
1321 447 1430 549 ήμῖνό

194 591 317 668 θθεῖος
340 583 616 686 Εὐαγγελιστής
640 582 751 663 Οῦτα
778 579 848 688 γαρ
876 574 910 672 ἦν
933 580 1073 678 Πνεῦμα
1099 575 1206 676 λε’γει
1237 574 1294 655 ’ότι
1320 573 1431 664 Ἰησοῦς

225 701 351 787 ιόθέπω
382 702 553 813 ἑθιξάσθη,
581 705 648 806 τὴν
678 706 862 808 ὁλοσχερῆ
894 704 953 806 καὶ
983 699 1192 800 ὁλόκληρον
1222 698 1432 794 κατοίκησυ

223 832 262 909 ἐν
286 829 488 933 ἀνθρώποις
514 837 579 910 τοῦ
595 829 725 929 Ἀγίου
747 826 959 926 Πνεύματος
985 825 1178 925 σημαίνειν
1204 820 1329 903 αὐτόν
1353 823 1432 901 ῦτο·

223 952 455 1052 τοπήσωμεν.
1443 951 1456 1011 ό

174 1175 283 1240 4οἘκ
310 1181 367 1240 τοῦ
397 1176 497 1262 ὄχλου
525 1171 583 1241 οὖν
610 1174 812 1241 ἀκούσαντές
842 1195 928 1238 τινες
962 1171 1017 1238 τόν
1043 1171 1141 1245 λότον
1170 1175 1300 1235 τοῦτον
1326 1167 1432 1241 ἔλεςον

174 1327 210 1381 41
278 1298 383 1366 Οὗτόο
415 1299 503 1367 ἐστιν
535 1299 670 1365 ἀλκθῶο
697 1301 717 1364 ό
748 1298 933 1386 προφήτεω·
971 1296 1067 1361 ἄλλοι
1098 1295 1217 1369 ἔλεςον
1253 1296 1308 1361 ότι
1343 1288 1432 1359 οὗτός

276 1424 364 1489 ἐστιν
391 1425 525 1490 ἀλαθῶο
551 1426 570 1491 ό
597 1424 744 1512 Χριστόι.

283 1585 610 1685 Καταπλήττονται
637 1584 705 1686 τήν
730 1584 938 1688 παῤῥησίαν
964 1586 1014 1668 ὡς
1041 1585 1241 1685 θεοπρεπῆ,
1268 1583 1330 1661 καὶ
1357 1578 1432 1662 τοῦς

58 1722 176 1780 476A.
195 1707 360 1809 ελόγους
391 1711 543 1810 ὁρῶντες
579 1710 695 1789 οῦκέτι
724 1717 798 1792 τοῖς
827 1708 1019 1810 όνθροῦτον
1045 1705 1253 1810 πρέποντας
1281 1702 1429 1808 μέτροις,
1442 1734 1468 1773 10

225 1834 284 1912 ἂπὶ
315 1830 381 1931 τὴν
412 1840 477 1912 τοῦ
514 1829 625 1931 νόμου
662 1830 933 1937 καταφεύγουσι
969 1828 1123 1930 μνήμην,
1154 1831 1205 1912 ὡς
1238 1826 1431 1931 προαγγεί-

226 1963 359 2039 λαντος
389 1954 459 2055 ἤδη
489 1957 572 2058 περὶ
609 1960 787 2058 Χριστοῦ,
824 1956 883 2034 καὶ
920 1950 1113 2060 προφήτην
1149 1948 1431 2050 ἀναστήσεσθαι

226 2081 285 2158 καὶ
324 2077 494 2180 λε’γοντος
532 2083 584 2185 τῷ
626 2075 813 2185 πανσόφιρ
850 2082 1009 2159 Μωυσεῖ
1047 2073 1317 2176 παραπλήσιον
1354 2078 1426 2153 διο·

226 2200 438 2303 πορθμεύειν
460 2197 646 2299 μέλλοντα
670 2198 754 2284 τοῦς
777 2197 876 2302 παρὰ
901 2204 998 2279 θεοῦ
1023 2198 1157 2300 λόγους
1180 2203 1237 2304 τῷ
1259 2195 1428 2300 Ἰσραήλ.

226 2326 321 2404 οὕτω
349 2324 421 2424 γάρ
447 2359 519 2405 που
547 2327 664 2428 φησὶν
693 2326 713 2403 ό
743 2321 836 2408 Θεός
862 2325 944 2425 περὶ
971 2323 1081 2402 αῦτοῦ
1110 2319 1201 2423 πρός
1235 2316 1304 2399 τόν
1332 2318 1431 2421 ἅγιον
1443 2352 1468 2411 ¹5

58 2439 180 2554 2⁶3}st
230 2447 394 2527 Μωυσέα
426 2458 447 2494 “
468 2446 671 2551 Προφήτην
701 2448 820 2530 αὐτοῖς
852 2444 1053 2544 ἀναστήσω
1083 2447 1123 2525 εἰ(
1154 2450 1230 2524 τῶν
1260 2447 1432 2548 ἀδελφόν

228 2581 251 2617 “
269 2572 387 2648 αὐτῶν
419 2570 543 2670 ὥσπερ
579 2569 636 2667 σέ,
668 2573 726 2650 καὶ
764 2568 869 2668 θήσω
905 2568 987 2653 τοῦς
1025 2568 1157 2670 λόγους
1192 2602 1268 2665 μου
1305 2575 1358 2652 εὶς
1393 2565 1432 2648 τό

228 2702 250 2740 “
268 2692 391 2791 στόμα
423 2696 542 2791 αὑτοῦ,
570 2696 628 2772 καὶ
661 2690 816 2792 λαλήσει
850 2693 969 2776 αῦτοῖς
1002 2689 1093 2772 κατὰ
1124 2688 1248 2771 πάντα
1280 2689 1361 2770 όσα
1390 2689 1433 2769 όν

193 2815 250 2880 b“
268 2814 491 2914 ἔντε’λλωμαι
510 2817 637 2924 αύτῷ.”
669 2817 796 2896 ούκοῦν
814 2813 887 2896 ἀπὸ
905 2819 969 2914 τῆς
987 2821 1060 2894 τῶν
1078 2812 1202 2916 λόγων
1219 2813 1430 2914 ποιότητος,

227 2941 286 3017 καὶ
304 2942 369 3037 τῆς
386 2945 458 3019 τῶν
475 2938 645 3041 ῥημάτων
664 2941 869 3041 ὑπερβολῆς
887 2937 997 3017 αὐτόν
1013 2941 1144 3018 ἐκεῖνον
1162 2938 1232 3038 ἤδη
1251 2942 1353 3044 φασὶ
1373 2937 1470 3019 τῦνιο

227 3059 287 3140 διὰ
311 3059 422 3161 νόμου
446 3062 782 3164 προκεκηρυγμεῦον
804 3059 1055 3166 όναπεφύνθαι
1082 3060 1222 3140 λοιπόν.
1261 3061 1336 3141 τίνι
1364 3060 1432 3164 γὰρ

228 3181 273 3262 ἂν
299 3184 428 3286 πρέποι
455 3183 497 3265 τῦ
524 3184 642 3284 λε’γειν
661 3196 684 3231 “
698 3184 747 3264 Εἴ
771 3218 825 3268 τις
855 3187 959 3290 διψᾷ,
987 3184 1149 3289 ἐρχεότθα
1176 3180 1270 3286 πρός
1297 3220 1347 3282 με
1377 3188 1432 3264 καὶ

229 3315 251 3355 “
268 3308 430 3387 πινέτω·”
460 3311 523 3388 καί
538 3319 560 3355 “
573 3310 622 3387 ‘O
641 3307 824 3388 πιστεύων
841 3312 890 3391 εὶς
908 3304 978 3406 ε’μέ,
998 3306 1115 3391 καθὼς
1133 3304 1229 3387 εἶπεν
1248 3308 1274 3408 ἡ
1290 3308 1430 3414 γραφή,

229 3438 251 3474 “
269 3433 424 3526 ποταμοὶ
443 3433 482 3510 ἐκ
499 3434 562 3530 τῆς
582 3431 719 3515 κοιλίας
736 3432 846 3511 αῦτοῦ
862 3431 1058 3534 ῥεύσουσιν
1077 3432 1204 3513 ὕδατος
1222 3432 1392 3534 ζῶντος,”
1404 3437 1431 3511 εἰ

227 3549 278 3651 μή
297 3552 395 3660 μόνῳ
413 3559 466 3659 τῷ
483 3552 575 3633 κατὰ
593 3552 708 3658 φύσιν
727 3559 822 3661 Θεῷ,
841 3564 948 3634 τοῦτο
971 3552 1009 3634 δὲ
1029 3552 1075 3653 ἦν
1093 3563 1108 3635 ό
1128 3555 1282 3661 Χριστός.
1326 3562 1358 3635 εἰ
1376 3559 1431 3635 καὶ
1442 3593 1471 3653 ¹⁵

228 3672 337 3777 μικρὰ
374 3682 590 3781 φρονοῦντες
618 3678 783 3755 Ἰουδαῖοι
818 3679 900 3779 περὶ
934 3678 1055 3774 αὐτοῦ,
1092 3677 1265 3783 προφήτην
1303 3680 1432 3762 ἅπλῶς

199 3798 475 3902 σόνομάζουσιν,
505 3789 569 3878 οῦιι
599 3796 728 3882 εἰδότες
760 3797 826 3898 τὴν
855 3796 947 3879 κατὰ
977 3798 1125 3879 πάντων
1157 3799 1343 3905 ὑπεροχὴν
1372 3810 1432 3882 τοῦ

228 3920 477 4022 Ἐμμανουήλ,
498 3923 583 4002 ἀλλ’
603 3924 652 4007 ὡς
677 3921 738 4002 ἕνα
764 3928 837 4001 τῶν
855 3920 982 4002 ἄλλων
1000 3922 1278 4024 ἀναμετροῦντες
1304 3926 1430 4023 αὑτὸν,

267 4139 291 4176 ι.
310 4123 395 4178 τοίνυν
407 4122 628 4179 Β.ο.οόνΗοΙιι.
642 4123 693 4178 Εό.
799 4142 826 4190 4.
844 4123 1080 4194 ιλτοτοπήσομενο.
1179 4142 1206 4196 9.
1223 4127 1312 4185 τοῖςλ
1366 4152 1389 4187 ις
1402 4129 1433 4184 Β.

229 4193 380 4246 emendavit
393 4193 441 4247 Ht.
551 4211 591 4248 10.
611 4191 768 4264 πρέποντας]
781 4194 997 4262 προοήκοντοςα.
1112 4211 1153 4250 11.
1170 4218 1191 4250 π

229 4280 253 4316 a.
267 4262 325 4317 Cat.
341 4263 416 4316 Harl.
537 4281 577 4334 ¹3·
596 4266 637 4318 καὶ
649 4265 772 4336 λέγοντος
782 4264 925 4332 με’λλοντος
939 4265 971 4320 Β.
984 4283 1039 4319 om.
1053 4265 1095 4318 καὶ
1106 4275 1168 4336 post
1181 4218 1340 4325 ἅσοῖπέζγςλ.
1352 4223 1433 4336 m

227 4354 369 4424 μέλλοντος
384 4356 432 4410 Ht.
446 4357 498 4414 Ed.
569 4358 765 4428 διαπορθμεύειν
776 4376 800 4414 a.
813 4358 886 4414 Aub.
898 4348 1088 4432 δισπορθεύόῦῦν
1097 4362 1130 4416 Β.
1145 4361 1195 4418 Ht.
1344 4369 1387 4423 18.
1404 4368 1434 4423 όν

228 4442 318 4507 οιαμ.
369 4428 464 4482 Statim
478 4428 628 4496 ε’ντεθλυμαι
641 4446 664 4483 a.
757 4445 800 4484 νο.
819 4429 1018 4486 εἰιεῖνοναειιιιω
1038 4444 1179 4488 tumen.
1271 4451 1318 4492 22.
1338 4438 1433 4509 τρόποι

228 4496 298 4550 ed1d1
311 4516 325 4550 ο
338 4497 398 4553 Cat.
413 4498 489 4553 Harl.
503 4507 570 4552 ιοιιο
581 4499 652 4554 Aub.
666 4498 736 4553 ‘mter
747 4517 817 4556 varr.
830 4501 891 4556 lect.
904 4501 997 4573 πρέπει
1034 4503 1062 4561 d.
