3038 5018
240 276 307 342 496
368 278 370 283 ’
546 282 583 346 Β.
607 280 818 346 CYRILLI
848 281 1136 346 ALEXANDR.
1265 282 1307 346 vi.
1317 279 1375 368 ⁴38,
1390 300 1445 366 39.

243 443 425 528 διδάσκων
453 444 535 548 γὰρ,
564 445 688 536 ὅτιτὸ
717 445 805 548 ῦπὲρ
832 444 978 526 πάντων
1005 445 1169 525 τεθνάναι
1197 444 1350 544 θελητὸν
1377 439 1449 542 μέν

75 581 190 641 83η
215 565 315 671 οἴχει
342 567 400 646 διὰ
422 566 464 649 τῦ
488 571 580 649 οὕτω
605 574 857 668 βεβουλῆσθαι
883 568 949 669 τῆν
968 572 1066 649 θείαν
1086 568 1210 674 φῦσιν,
1228 568 1449 664 ἀνεθέλητον

245 685 283 770 δὲ
311 691 369 772 διά
396 692 442 771 τά
468 694 526 773 ε’πὶ
551 698 603 800 τῷ
628 698 776 800 σταυρῷ
800 693 911 791 πάθη,
934 698 992 773 καὶ
1018 691 1060 773 τῦ
1085 693 1176 772 ὅσον
1199 692 1282 792 ἧκεν
1305 697 1353 774 είς
1380 690 1450 787 τῆν

159 852 161 856 ·
244 812 367 918 σάρκα
393 816 678 918 παραιτουμένην
705 813 769 896 τάν
798 813 1035 912 θάνατον,τά
1063 817 1209 896 τοιαῦτά
1237 824 1344 919 φησι.
1388 817 1450 893 καὶ

245 936 380 1042 μακρὸς
397 937 462 1038 μέν
480 941 564 1040 ἡμῖν
581 941 649 1041 ἤδη
668 941 922 1043 προανήλωται
941 940 1062 1044 λόγος·
1092 939 1147 1020 ότι
1173 939 1211 1020 δέ
1237 942 1293 1018 καὶ
1320 937 1445 1020 ἀνεθέ·
1465 963 1484 1021 5

213 1098 223 1135 τ’
246 1062 359 1163 λητόν
375 1099 452 1147 πως
477 1065 602 1166 ὁρᾶται
626 1071 678 1172 τῷ
704 1070 844 1168 Σωτῆρι
869 1070 1033 1172 Χριστῷ,
1053 1060 1211 1165 καθόπερ
1236 1061 1282 1163 ἦν
1301 1063 1446 1165 ἀνθρωιι

245 1221 324 1284 ποι,
343 1185 385 1269 τῦ
407 1189 464 1268 ἐπὶ
489 1194 541 1296 τῷ
563 1195 710 1294 σταυρῷ
727 1185 853 1286 πάθος,
871 1194 929 1267 καὶ
947 1188 991 1295 ἐξ
1007 1191 1116 1288 αὐτῆς
1134 1189 1334 1268 ἀκόλουθον
1354 1187 1452 1286 ἡμᾶς

243 1316 311 1410 τῆς
338 1318 411 1394 τεῦυ
433 1312 658 1415 πραγμάτων
682 1314 827 1418 φύσεως
856 1317 1020 1392 κατιδεῖν.
1062 1312 1181 1416 φαμὲν
1202 1313 1275 1408 οῦν,
1299 1310 1355 1390 ότι
1384 1315 1452 1409 τῆς

247 1437 443 1535 Ἰουδαϊκῆς
461 1434 567 1540 ἔργον
586 1435 629 1535 ἦν
648 1436 828 1534 ἀπονοίας,
841 1435 883 1515 τῦ
901 1434 1020 1535 πάντη
1039 1470 1076 1514 τε
1096 1439 1154 1514 καὶ
1173 1432 1315 1518 πάντως
1334 1469 1452 1514 σταυὸ

241 1558 481 1664 ’ρωθῆσεσθοιι
509 1560 572 1639 τὸν
597 1558 772 1661 Χριστὸν,
801 1563 860 1639 καὶ
890 1568 996 1640 τοῦτο
1024 1558 1267 1659 ἀνυπερθέτως
1296 1558 1453 1653 ε”μελλεν
1469 1591 1507 1630 ιο

215 1683 400 1764 οἴσεσθαι
426 1685 509 1785 παρ’
539 1684 665 1780 αῦτῶν,
694 1685 758 1762 οῦκ
785 1684 1004 1784 ἀμελέτητον
1031 1681 1186 1786 ἑχόντων
1214 1679 1280 1780 τῆν
1307 1679 1454 1779 τόλμαν

247 1803 315 1907 τῆν
333 1808 389 1886 ε’πὶ
412 1807 558 1902 τούτοις,
578 1806 642 1912 ἀφ’
663 1804 712 1886 ὧν
732 1808 800 1907 ῆδη
826 1805 1061 1911 πεπράχεσαν
1080 1804 1129 1889 εἴς
1153 1840 1192 1885 τε
1216 1801 1299 1886 τοῦς
1325 1806 1453 1905 ἁγίους

243 1929 447 2035 προφήτας,
467 1934 526 2011 καὶ
550 1931 632 2014 τοῦς
658 1932 759 2034 οἵπερ
785 1930 830 2010 ἀν
848 1929 946 2033 ἦσαν
965 1932 1042 2010 κατ’
1063 1932 1173 2009 έκεῖνο
1197 1936 1320 2032 καιροῦ
1339 1962 1451 2028 γεγο·

210 2060 222 2122 ἶ
249 2051 348 2139 νάτες
383 2053 489 2156 ἀγιοι.
546 2053 663 2155 ἐπειδὴ
697 2054 735 2135 δέ
769 2058 836 2161 οῦχ
868 2055 993 2156 ἑτέρως
1028 2053 1073 2155 ἦν
1105 2053 1147 2133 τὸ
1178 2051 1365 2135 πεπτωκὸς
1402 2056 1454 2135 είς

241 2177 415 2278 θάνατον,
444 2180 691 2285 ἐξαναστῆσαι
718 2178 832 2259 πάλιν
857 2185 904 2263 είς
933 2177 1035 2280 ζωῆν,
1063 2183 1093 2257 εἰ
1123 2175 1173 2276 μῆ
1205 2178 1352 2280 γε’γουεν
1381 2177 1450 2254 άν-
1471 2204 1506 2262 15

249 2307 392 2406 θρωπος
414 2305 434 2382 ὁ
456 2300 666 2404 Μονογενῆς
684 2310 748 2382 τοῦ
767 2303 863 2383 Θεοῦ
882 2302 1013 2405 Λόγος,
1032 2302 1100 2382 ἔδει
1120 2299 1157 2380 δέ
1175 2300 1317 2384 πάντως
1336 2334 1450 2402 γεγο-

243 2425 338 2507 νότα
364 2433 504 2506 παθεῖν·
540 2427 583 2505 τὸ
611 2425 828 2526 ἀνεθέλητον
852 2427 1047 2528 ἐποιήσατο
1071 2422 1234 2524 θελητὸν,
1260 2428 1317 2503 καὶ
1343 2433 1455 2504 τοῦτο

242 2553 315 2650 τῆς,
333 2551 427 2633 θείας
446 2551 591 2656 φύσεως
611 2549 668 2628 διὰ
686 2549 750 2648 τὴν
769 2551 927 2650 εἶςῆμάς
946 2548 1229 2656 καταδεξαμένης
1248 2546 1408 2648 ἀγάπην.

223 2698 249 2743 0·
307 2673 358 2751 ‘H
384 2672 456 2775 γάρ
484 2671 629 2753 πάντων
653 2681 802 2778 τεχνῖτις
828 2674 954 2779 σοφία,
977 2673 1163 2768 τουτέστιν
1183 2673 1203 2751 ὁ
1226 2671 1324 2767 Υἱὸς,
1342 2670 1386 2751 τῦ
1415 2675 1457 2751 ἐκ

241 2801 461 2896 διαβολικῆς
500 2796 718 2898 δυστροπίας
756 2796 991 2900 σκευωρηθὲν,
1023 2800 1116 2903 φημὶ
1150 2795 1187 2875 δέ
1225 2792 1289 2875 τὸν
1323 2798 1456 2876 ἑαυτοῦ
1472 2825 1508 2869 ω

252 2918 345 3001 κατά
362 2919 483 3023 σάρκα
500 2922 667 3015 θάνατον,
685 2918 769 3000 ὁδὸν
787 2921 871 3019 ἡμῖν
890 2919 1070 3023 σωτηρίας
1089 2924 1146 2999 καὶ
1166 2920 1277 3022 θύραν
1295 2920 1457 3026 ἀνέδειξε

252 3040 352 3148 ζωῆς,
371 3048 429 3125 καὶ
445 3043 710 3146 ἀντέστραπται
729 3052 786 3152 τῷ,
798 3045 959 3154 διαβόλῳ
978 3044 1024 3124 τά
1045 3046 1083 3122 ε’ν
1102 3045 1239 3134 ε’λπίσι,
1260 3044 1317 3122 καὶ
1345 3043 1466 3140 μόλις

240 3167 344 3269 ε”γνω
363 3168 499 3263 παθὼν,
516 3167 571 3247 ὅτι
597 3166 763 3272 σκληρὸν
781 3171 877 3276 αὐτῷ
901 3168 943 3248 τὸ
969 3175 1168 3273 θεομαχεῖν.
1208 3171 1305 3247 δοκεῖ
1326 3168 1370 3247 δέ
1392 3203 1457 3265 μοι

253 3293 311 3371 καὶ
342 3293 362 3370 ῦ
395 3290 587 3376 θεσπέσιος
605 3291 778 3399 μελῳδὸς
812 3299 886 3374 τοῖς
918 3297 997 3393 περὶ
1031 3294 1168 3371 τούτων
1196 3292 1457 3396 συμφέρεσθαι

239 3411 387 3515 λόγοις,
420 3413 482 3494 καί
514 3449 548 3493 τι
585 3423 746 3495 τοιοῦτον
771 3417 995 3514 ῦποδηλοῦν,
1027 3413 1086 3493 ὅτε
1125 3418 1251 3521 φησὶν,
1284 3419 1333 3498 ὡς
1370 3420 1457 3516 περὶ
1473 3445 1506 3502 25

119 3530 146 3660 ,⁸
174 3632 181 3646 ι
239 3568 246 3605 i
255 3542 422 3641 Χριστοῦ
437 3539 495 3617 καὶ
513 3545 576 3617 τοῦ
596 3536 770 3631 διαβόλου
790 3548 811 3585 “
822 3540 889 3618 ’Ev
907 3541 952 3644 τῆ
969 3539 1093 3641 παγίδι
1111 3541 1219 3617 αὑτοῦ
1238 3542 1457 3619 ταπεινώσει

238 3670 275 3730 ·=-“
293 3660 434 3789 αῦτόν·”
449 3664 615 3763 παγίδα
651 3662 716 3758 μέν
747 3663 818 3764 γάρ
851 3661 1082 3769 συνεπήξατο
1114 3668 1165 3769 τῷ
1197 3668 1351 3770 Χριστῷ
1392 3663 1457 3743 τὸν

332 3881 391 3952 ἡμῖν
403 3881 497 3937 deest
490 3901 518 3937 m
532 3881 713 3938 Conciliorum
726 3881 779 3945 ed..
792 3882 839 3936 sed
856 3882 956 3937 habent
970 3882 1053 3937 Cone.
1066 3901 1121 3952 mg.
1136 3881 1204 3936 Cod.
1218 3883 1316 3936 Vienn.
1356 3883 1456 3938 Statim

249 3851 481 4078 ἒδάῆιιῦιιιωριιιω
494 3971 526 4008 ex
540 3953 625 4010 Cone.
667 3954 732 4008 Post
744 3952 795 4007 hoc
808 3971 833 4007 v.
846 3975 897 4023 προ
898 3977 914 4007 α
915 3953 1025 4022 νῆλωτοι
1039 3953 1122 4007 Cone.
1135 3953 1309 4020 ἀνῆλωταιΒ
1323 3954 1456 4009 ἀνάλωται

341 4024 549 4095 &assumptum
563 4043 595 4078 ex
609 4025 693 4079 Cone.
709 4024 741 4078 Β.
779 3975 897 4079 Statimp⁰
888 4025 929 4078 καὶ
942 4043 995 4078 om.
1008 4024 1039 4078 Β.
1050 4023 1130 4077 habet
1143 4023 1227 4079 Cone.
1299 4026 1326 4079 6.
1329 4026 1457 4111 ,καθότερ

251 4094 347 4153 retinui
361 4112 392 4147 ετ
404 4094 454 4149 Ed
464 4095 570 4150 favente
580 4093 649 4150 cod.
659 4095 754 4148 Vienn.
765 4095 878 4163 καθάπερ
890 4095 922 4148 Β.
934 4093 1115 4148 Conciliorum
1128 4093 1217 4147 editio.
1267 4109 1292 4165 7.
1305 4099 1341 4148 τῶ
1355 4113 1412 4150 om.
1424 4097 1456 4152 Β.

251 4161 331 4218 habet
345 4164 429 4219 Cone.
504 4183 545 4220 12.
543 4187 731 4252 πεπραχοσον
744 4165 813 4219 cod
824 4165 920 4219 Vienn.
996 4182 1036 4234 ¹3·
1051 4165 1083 4217 ἂν
1094 4183 1184 4218 assum
1204 4175 1263 4219 tum
1275 4183 1307 4218 ex
1322 4149 1410 4220 Cone.
1424 4167 1458 4221 Β.

255 4252 295 4300 14.
309 4235 364 4289 ἐπει
355 4234 462 4289 Cone
508 4236 564 4305 ε’τέρ
566 4259 600 4291 ως
613 4236 696 4291 Cone
712 4236 783 4291 B..D
795 4246 823 4290 et
835 4253 874 4290 ειο
886 4236 997 4308 ςοιηςοιι
1010 4234 1061 4289 Ed
1073 4234 1203 4302 ἕτεροις
1183 4184 1233 4289 δᾶ
1310 4251 1350 4305 ¹5·
1365 4237 1458 4303 ἐξανα-

251 4306 349 4374 στῆσαι
363 4306 447 4360 Conc.
460 4257 633 4395 ἐξαναστηνοι
642 4306 692 4360 Ed.
890 4323 929 4377 19.
949 4309 1074 4395 τεχνῆτις
1072 4305 1148 4360 Aub.
1162 4306 1262 4359 correxi
1276 4315 1338 4375 post
1352 4306 1459 4378 Migue.

252 4391 296 4430 21.
311 4376 440 4444 εδειξεΒ.
513 4392 556 4430 22.
572 4375 791 4445 ἀντέστρεπτεΒ.
865 4393 907 4446 23
913 4377 991 4458 αῦτιρ
978 4376 1074 4459 τδ]’
1061 4398 1119 4430 εστι
1130 4378 1160 4429 τὸ
1173 4376 1287 4447 αυτωΒ
1364 4393 1410 4445 25.
1424 4379 1460 4434 ὥς

251 4462 305 4500 om.
321 4446 354 4500 Β
449 4461 487 4515 27.
507 4450 543 4518 τῷ
557 4464 611 4501 om
627 4447 658 4499 B.
673 4446 772 4502 hubent
785 4447 919 4501 Catenae
913 4464 939 4501 ιη
954 4448 1017 4502 Pe.
1011 4465 1047 4501 ικ.
1086 4445 1168 4519 [Est
1162 4464 1189 4499 m
1203 4429 1271 4500 Cod.
1287 4445 1356 4518 Reg.
1372 4447 1458 4504 Paris.

254 4516 336 4586 139(
339 4533 391 4572 sec.
401 4535 427 4570 x.
440 4501 628 4588 ineuntis)sol.
640 4533 684 4587 31.
698 4517 766 4573 eod.
780 4517 808 4574 S.
821 4517 905 4572 Marci
919 4517 987 4572 Ven.
1000 4534 1041 4588 17
1055 4519 1118 4585 (see.
1132 4517 1230 4584 x..)sol
1242 4533 1322 4584 24v:
1343 4527 1461 4592 utraque
