3038 5018
84 293 192 380 νί.15.
243 295 302 360 IN
331 295 645 362 S.JOANNEM.
691 295 788 360 LIB.
811 295 877 359 111.
923 293 1110 359 cAP.1v.
1218 292 1281 353 425

82 459 189 540 πέντε
222 461 342 563 ἀρτων
373 467 432 543 καὶ
464 470 540 543 τοῖν
574 468 671 543 δυοῖν
703 463 881 569 όψαρίοιν·
924 462 980 568 ἐφ’
1014 455 1044 566 ᾧ
1076 458 1120 556 δή
1155 462 1282 560 χρῆναι

83 585 501 701 νοεῖσθαιδιωριζόμεθα
525 593 598 666 τῶν
619 587 733 690 ἁγίων
757 582 1029 688 συγγράμματα
1053 588 1221 663 παλαιῶν
1243 615 1282 661 τε

84 708 144 786 καὶ
171 705 261 788 νέων
285 705 352 809 τὴν
375 708 434 790 διὰ
457 716 530 790 τῶν
547 708 768 790 ἀποστόλων
789 707 991 813 παράθεσιν
1012 712 1086 790 τοῖς
1111 707 1315 807 ἀγαπῶσιο

84 830 261 934 Χριστόν.
289 830 381 939 πρὸς
400 832 438 913 δὲ
456 831 603 930 τούτοις,
618 832 673 913 ότι
690 834 748 913 καὶ
766 830 831 913 τὸν
848 836 912 931 τῆς
930 835 978 915 είς
996 831 1089 930 ἡμᾶς
1107 828 1283 913 διακονίας

48 953 226 1058 ὅκαρπδν
242 955 423 1038 πλούσιον
435 963 606 1055 κομιεῖται
625 955 725 1060 παρά
743 962 839 1036 Θεοῦ
855 962 927 1036 τῶν
940 960 1110 1055 μαθητῶν
1127 954 1147 1031 ὁ
1165 950 1284 1057 χορὸς,

86 1080 146 1157 καὶ
169 1076 244 1178 μετ’
265 1080 425 1178 ἐκείνους,
444 1084 477 1160 οἱ
494 1087 567 1160 τῶν
585 1081 697 1181 ἁγίων
712 1087 776 1159 τοῦ
794 1085 890 1159 Θεοῦ
907 1083 1132 1180 προεστῶτες
1150 1079 1280 1174 ἐκκλη·

85 1206 191 1280 σιῶν·
221 1202 279 1283 ἐπὶ
297 1201 370 1307 γὰρ
391 1200 530 1288 πάντας
555 1207 592 1283 ἐν
610 1204 752 1288 ἐκείνοις
771 1206 791 1283 ὁ
816 1202 928 1286 τύπος
952 1199 996 1302 ἦν
1015 1203 1053 1280 ἐν
1070 1203 1178 1305 ἀρχῇ.
1209 1195 1285 1280 εἶτα

86 1321 329 1427 θαυμάζουσιν
353 1332 385 1408 οἱ
411 1331 537 1431 θεωροὶ
562 1327 605 1409 τό
629 1336 780 1427 σημεῖον
797 1329 855 1407 καὶ
876 1326 1038 1434 ἁρπάζειν
1057 1329 1105 1409 είς
1127 1321 1284 1415 βασιλέα

86 1447 321 1543 βουλεύονται
351 1447 416 1532 τόν
442 1454 580 1544 Ἰησοῦν.
629 1449 649 1531 δ
678 1451 721 1551 δὴ
749 1455 807 1531 καὶ
835 1451 965 1545 συνείς,
992 1455 1164 1554 ἀναχωρεῖ
1186 1450 1284 1549 μόνος

32 1602 75 1646 ιο
88 1577 136 1656 τίς
163 1571 201 1653 τδ
230 1572 297 1682 ίρος
324 1576 373 1659 ὡς
399 1574 608 1678 γέγραπται·
645 1573 703 1654 ὅτε
736 1574 808 1678 γάρ
838 1573 937 1675 παρὰ
970 1579 1042 1656 τοῖς
1070 1571 1209 1666 ἔθνεσιν
1236 1573 1314 1654 ὡςο

65 1696 338 1800 ’μεγαλουργδς
375 1702 434 1779 καὶ
471 1697 565 1784 Θεὸς
601 1699 812 1798 ἐθαυμάσθη
849 1694 1021 1799 Χριστὸς,
1061 1696 1119 1777 ότε
1156 1694 1285 1780 πάντες

88 1816 197 1900 αὐτόν
214 1820 470 1929 ἐπεγράψαντο
493 1824 652 1919 βασιλέοι
677 1824 735 1902 καὶ
758 1821 889 1926 κύριον,
907 1821 988 1901 τότε
1013 1824 1071 1899 καὶ
1098 1819 1286 1924 ἀνελήφθη

87 1938 197 2040 μόνος
214 1949 263 2027 είς
280 1941 345 2025 τόν
362 1945 524 2049 οὐρανόν,
543 1943 683 2030 οῦδενός
709 1948 804 2052 αὐτῷ
826 1945 868 2024 τὸ
892 1943 1065 2047 παράπαν
1083 1943 1283 2041 ἀκολουθή-

89 2096 236 2152 σαντος·
271 2069 417 2174 ἀπαρχὴ
434 2068 507 2173 γάρ
523 2077 595 2150 τῶν
612 2077 744 2171 νεκρῶν
761 2069 982 2167 ἀναβέβηκεν
1000 2066 1094 2150 όλως
1117 2069 1215 2172 μόνος
1240 2072 1286 2149 είς

36 2219 75 2278 ¹5
89 2188 126 2271 τῦ
153 2190 221 2294 ίροτ
244 2191 286 2271 τὸ
310 2190 406 2295 μέγα
429 2197 487 2275 καὶ
513 2193 756 2295 ἀληθέστερον
773 2190 864 2271 κατά
881 2191 924 2270 τό
943 2187 1122 2292 εἰρημένον
1139 2185 1198 2268 διά
1221 2194 1285 2267 τοῦ

89 2316 295 2424 ψαλμηνδοῦ
313 2326 336 2365 “
349 2319 415 2401 Τίς
439 2319 661 2418 ἀναβήσεται
686 2323 734 2400 είς
759 2315 801 2395 τὸ
827 2316 909 2419 ὅρος
936 2321 999 2395 τοῦ
1021 2310 1207 2417 Κυρίου,ἢ
1232 2310 1285 2396 τίς
1330 2309 1452 2439 ξξηῗχῇἰ·

90 2445 115 2484 “
131 2435 365 2538 στήσεταιέν
382 2442 483 2549 τόπερ
505 2443 595 2549 ἀγίιρ
619 2443 750 2536 αὐτοῦ;
782 2442 897 2546 ἀθῷος
919 2442 1022 2543 χερσὶ
1049 2440 1106 2517 καὶ
1132 2434 1287 2539 καθαρὸς

90 2570 114 2609 “
131 2565 177 2666 τῇ
195 2564 351 2669 καρδίᾳ.”
371 2564 609 2666 ἀκολουθήσει
629 2564 701 2667 γάρ
721 2566 740 2644 ὁ
759 2572 917 2647 τοιοῦτος
935 2567 987 2670 τῷ
999 2567 1152 2668 Χριστῷ
1169 2563 1227 2640 καὶ
1242 2568 1288 2645 εἰς

91 2685 157 2790 ἀρος
177 2683 219 2764 τό
238 2685 365 2786 νοητὸν
383 2688 614 2787 ἀναβήσεται,
633 2687 724 2768 κατὰ
743 2722 807 2767 τον
824 2722 888 2788 της
907 2719 980 2766 των
997 2692 1157 2788 ουρανῶν
1174 2694 1286 2780 βασι·

36 2847 78 2888 αο
93 2808 191 2891 λείας
218 2811 349 2911 καιρόν·
382 2814 616 2920 ἀνακεχιόρηκε
644 2813 681 2892 δέ
710 2820 755 2898 εἰς
783 2813 819 2892 τδ
849 2812 926 2918 όρος,
945 2811 1140 2906 τουτέστιν,
1158 2808 1287 2900 ἀναβέ-

90 2939 204 3032 βηκεν
219 2938 269 3018 είς
287 2934 350 3014 τὸν
368 2935 531 3039 οὐρανὸν,
550 2938 592 3016 ού
616 2934 658 3016 τὸ
684 2935 891 3028 βασιλεύειν
909 2941 982 3014 τῶν
998 2933 1316 3013 πεπιστευκότωνα
1338 2952 1455 3006 ωοοΔ.

92 3055 190 3165 αύτῷ
213 3058 502 3160 παραιτούμενος,
526 3062 610 3139 ἀλλ’
632 3059 898 3163 ὑπερτιθέμενος
922 3056 985 3135 τὸν
1009 3059 1074 3154 τῆς
1097 3055 1288 3148 βασιλείας

92 3183 158 3276 τῆς
182 3181 446 3288 ἐκφανεστέρας
467 3183 590 3286 καιρὸν
608 3189 656 3267 εἰς
681 3181 747 3281 τὴν
770 3182 905 3263 ἀνωθεν
928 3184 976 3264 ὡς
1000 3180 1093 3279 ἡμᾶς
1116 3180 1286 3281 ἐπιστρο-

91 3301 179 3408 φήν,
204 3302 264 3384 ότε
291 3310 350 3385 καὶ
376 3308 414 3386 ἐν
441 3307 531 3414 δόξῃ
558 3312 604 3413 τῇ
632 3314 695 3387 τοῦ
726 3304 870 3407 Πατρός
897 3301 1152 3403 καταβήσεται,
1176 3301 1289 3381 οὐκέτι

37 3453 79 3515 25
94 3423 153 3507 διά
171 3428 339 3528 σημείων,
358 3430 519 3534 καθάπερ
542 3435 601 3510 καὶ
621 3427 807 3533 πρότερον,
827 3425 1149 3532 ἐπιγινωσκόμενος
1167 3426 1289 3526 ὅτιπερ

93 3551 206 3636 ὅντως
231 3554 310 3633 ἐστὶ
336 3552 428 3632 κατά
453 3554 567 3659 φύσιν
588 3555 729 3657 Κύριος,
754 3555 839 3632 ἀλλ’
867 3556 905 3632 ἐκ
934 3548 1043 3660 δόξης
1071 3557 1290 3651 θεοπρεποῦς

94 3668 217 3781 ὅτιπερ
236 3678 385 3782 ῦπάρχει
402 3676 576 3773 βασιλεῦς
594 3677 852 3760 ἀνευδοιάστως
871 3674 1168 3779 ὁμολογούμενος.

141 3803 296 3881 Οῦκοῦν·
315 3803 384 3903 ἐρῶ
397 3800 468 3904 γὰρ
482 3802 582 3885 αὖθις
595 3803 633 3881 ἐν
646 3802 761 3906 όλίγιρ
775 3797 998 3901 συνενεγκὼν
1012 3805 1084 3877 τῶν
1098 3796 1288 3899 εἰρημένων
1301 3803 1323 3867 b
1410 3882 1418 3890 ,

95 3922 138 4004 τῦ
155 3923 309 4008 πλάτος·
339 3923 398 4004 ὅτε
417 3923 475 4004 διά
493 3926 652 4026 σημείων
670 3923 861 4023 ἐπιστεύθη
880 3927 938 4002 καὶ
956 3920 1169 4023 ἐπεγνώσθη
1185 3916 1288 4013 Θεὸς,

39 4082 83 4140 30
95 4054 168 4128 τῶν
185 4049 388 4128 Ἰουδαικῦν
405 4048 622 4153 ἐκφοιτήσας
647 4053 757 4143 λαῶν,
776 4044 855 4126 τότε
881 4042 925 4144 δή
949 4042 1080 4162 πάντες
1104 4041 1213 4122 αὐτὸν
1231 4044 1289 4121 καὶ

95 4177 144 4256 είς
170 4171 329 4268 βασιλέα
356 4170 555 4268 λαμβάνειν
582 4171 792 4274 ἐπείγονται·
831 4169 1013 4264 ἀναβαίνει
1042 4166 1080 4248 δέ
1107 4165 1215 4266 μόνος
1243 4173 1290 4251 είς

133 4409 158 4448 2.
176 4393 316 4464 όριζίομεθο
331 4393 363 4448 Β.
532 4409 558 4464 3.
577 4393 619 4447 διδ
631 4399 683 4448 τῶν
696 4392 765 4448 B.D.
779 4391 811 4447 δι’
826 4391 877 4447 Ed.
1050 4411 1076 4458 4.
1094 4392 1132 4445 ἔτι
1144 4407 1193 4462 pro
1205 4389 1246 4444 ὅτι
1259 4390 1292 4445 Β.

96 4481 123 4588 ἓ.
142 4462 241 4535 συνεὶς]
255 4463 366 4520 συνίσαν
379 4464 414 4553 Β..
540 4482 582 4531 14.
600 4464 668 4546 ὅλας
680 4473 848 4546 οοοιιοῑρῒιιια
861 4482 893 4517 ex
907 4463 940 4516 B.
1080 4475 1121 4532 ιγ.
1140 4460 1224 4534 τύπῳ]
1238 4460 1293 4530 όρςι

124 4536 230 4604 .(275.)
339 4534 381 4590 26.
400 4533 471 4606 ml]
488 4542 515 4599 ÷
532 4537 572 4589 καὶ
587 4535 733 4589 Ed.1nv1to
748 4535 779 4588 Β.

138 4637 208 4681 τοι.
226 4637 249 4682 1.
670 4639 689 4704 3
706 4639 718 4681 1
