3038 5018
101 299 233 369 viii.12.
291 304 347 369 IN
378 304 411 370 S.
436 304 690 370 JOANNEM.
737 302 832 367 LIB.
850 303 891 368 V.
937 302 1111 368 CARII.
1238 301 1298 365 711

102 538 204 604 Πάλιν
228 537 284 606 οὖν
309 543 470 611 ἐλάκτισεν
498 539 608 610 αὐτοῖο
634 545 653 610 ὁ
676 543 804 609 Ἰασοῦς
832 544 937 618 λὲτων
954 540 1045 617 Ἐτώ
1072 535 1136 618 εἰμι
1163 539 1201 606 τὸ
1228 537 1393 625 φῶαΚεφ.
1408 536 1448 621 η’.

595 675 653 734 τοῦ
682 670 814 746 κόσμου.

151 825 298 935 Ὥσπερ
316 832 487 934 ἐλέγομεν
505 831 690 936 πρέποντα
708 835 879 935 τοῖςπερὶ
901 835 965 930 τῆς
990 834 1113 935 ἑορτῆς
1136 863 1297 933 γεγραμ·
1347 827 1381 954 ῗ“
1406 907 1445 956 q,

101 949 217 1050 μένοις
248 960 466 1055 πεποιῆσθαι
502 956 565 1037 τὸν
598 955 711 1058 λόγον
740 955 803 1036 τὸν
833 956 991 1056 Ἰησοῦν,
1021 954 1079 1035 ὅτε
1114 953 1205 1034 κατὰ
1236 951 1302 1052 τὴν

1348 1072 1431 1137 Supra

70 1075 261 1179 δέσχάτην
279 1079 413 1182 ἡμέραν
431 1079 586 1181 εἱστήκει
605 1087 703 1177 βοῶν
722 1091 743 1127 “
759 1080 808 1160 Εἰ
827 1115 881 1165 τις
903 1083 1009 1186 διψᾷ,
1028 1076 1190 1183 ἐρχέσθω
1211 1075 1302 1178 πρός
1314 1097 1334 1161 d
1347 1138 1389 1187 ,ἢ
1402 1149 1442 1201 37·

103 1209 125 1245 “
142 1233 188 1298 με
222 1205 282 1281 καὶ
318 1203 485 1302 πινέτω,”
515 1206 657 1308 ε’πείπερ
695 1201 887 1310 χειμάρρου
922 1202 965 1282 τὸ
1005 1200 1193 1285 Μωυσέως
1227 1204 1298 1280 διε·
1347 1202 1469 1332 kiviim

101 1324 260 1424 μέμνητο
288 1326 426 1428 λόγιον·
462 1331 555 1407 οὕτω
584 1332 641 1407 καὶ
670 1336 734 1407 νῦν
761 1324 1033 1431 ἐπικαιροτάτην
1059 1330 1209 1407 ποιεῖται
1235 1323 1302 1424 τὴν

101 1446 287 1554 ε’ζηγησιν,
316 1456 374 1531 καί
410 1458 456 1556 τῇ
486 1460 559 1531 τῶν
591 1451 816 1554 πραγμάτων
848 1451 958 1558 φύσει
993 1449 1317 1555 χρεωστσυμένην.·

101 1573 222 1674 ἐπειδὴ
249 1574 321 1678 γάρ
348 1575 661 1682 συναφραίνσντας
689 1583 762 1659 τοῖς
790 1575 914 1680 ὄχλοις
941 1576 1064 1654 ε’θεᾶτο
1093 1571 1175 1657 τοῦς
1205 1576 1303 1652 διδα-

50 1738 88 1777 ιο
102 1697 272 1795 σκάλους,
296 1702 354 1778 καί
382 1697 463 1783 τοῦς
487 1707 671 1803 γελῶντας
695 1707 768 1782 τοῖς
793 1700 1008 1802 γελωμένοις
1035 1706 1231 1782 νοσοῦντας
1256 1695 1302 1776 τά

101 1822 353 1923 παραπλήσια,
376 1830 442 1931 μιᾷ
469 1823 506 1903 δὲ
535 1822 660 1924 ῶσπερ
688 1829 786 1903 νυκτὶ
816 1828 861 1928 τῇ
889 1828 952 1922 τῆς
980 1824 1135 1919 ἀμαθίας
1162 1830 1301 1918 βεβαπ-

102 1944 299 2042 τισμένονς,
318 1951 376 2026 καί
401 1947 591 2050 ζητοῦντας
616 1943 682 2042 μέν
700 1949 886 2051 ἐπιχειρεῖν
904 1945 945 2025 τὸ
964 1947 1018 2027 ἐπ’
1039 1948 1135 2053 αὐτῷ
1157 1943 1300 2045 μυστή·

101 2105 189 2174 ρισν,
217 2071 445 2173 εὑρίσκοντας
472 2069 511 2151 δέ
539 2070 580 2149 τὸ
608 2068 781 2172 παράπαν
807 2069 918 2166 οὐδὲν,
943 2068 1009 2170 τὴν
1036 2070 1152 2149 αἰτίαν
1179 2068 1303 2168 ῶσπερ

101 2197 165 2293 τῆς
183 2194 333 2294 ἐνούσης
350 2197 469 2280 αῦτοῖς
487 2195 682 2278 ἀσυνεσίας
706 2200 754 2278 εἰς
778 2192 891 2292 μέσον
910 2193 998 2295 ἀγει’
1007 2200 1104 2289 βοῶν
1123 2193 1217 2295 Ἐγῶ
1234 2201 1333 2298 ιίμιο

53 2317 138 2402 15τί
172 2316 248 2425 φῶς
280 2321 335 2399 τοῦ
369 2319 505 2425 κόσμου.
559 2317 618 2397 διὰ
655 2316 788 2417 πάσης,
820 2322 924 2424 φησί,
959 2321 1022 2416 τῆς
1055 2318 1158 2418 ἁγίας
1193 2313 1304 2399 ἰόντες

103 2447 258 2549 γραφῆς,
278 2445 335 2522 καί
353 2442 399 2522 τά
417 2446 468 2524 ἐπ’
489 2445 566 2544 ἐμοὶ
585 2442 643 2521 διὰ
661 2449 734 2522 τῶν
751 2448 950 2548 προφητῶν
969 2438 1132 2545 εἰρημένα
1150 2440 1306 2535 βασανί-

103 2688 316 2785 θαυμαστδν
348 2688 460 2770 οὐδέν·
503 2692 545 2770 οῦ
577 2689 648 2794 γάρ
678 2694 778 2771 ἐστιν
810 2694 848 2770 ἐν
878 2692 960 2788 ῦμῖν
989 2691 1009 2768 ό
1039 2687 1306 2768 ἀποκαλύπτων

102 2812 295 2914 μυστήρια,
325 2817 384 2893 καὶ
412 2814 533 2894 πάντα
564 2815 821 2919 καταφωτίζων
854 2811 919 2894 τὸν
951 2812 1102 2913 κόσμον,
1130 2809 1235 2910 ἡλίου
1266 2845 1305 2891 τε

51 2968 90 3008 20
104 2940 205 3036 δίκην
232 2942 280 3021 εἰς
308 2936 372 3021 τάς
405 2946 477 3017 τῶν
506 2943 704 3043 δεχομένων
732 2937 841 3018 αῦτδν
869 2936 1118 3034 καταλάμπων
1146 2935 1301 3038 καρδίας.

103 3060 166 3142 τόν
186 3063 223 3141 δὲ
242 3063 305 3142 οῦκ
325 3063 452 3166 έχοντα
473 3069 551 3166 φῶς
570 3066 607 3143 έν
625 3066 738 3171 ἑαυτῷ
756 3059 799 3142 τό
824 3068 918 3142 θεῖον
937 3065 995 3141 καί
1019 3060 1146 3160 νοητὸν
1165 3060 1305 3161 ἀνάγκη

104 3185 148 3286 δη
179 3184 322 3272 πάντως
359 3188 397 3264 ἐν
428 3184 550 3294 σκότῳ
580 3194 795 3289 περιπατεῖν,
826 3190 884 3265 καῖ
919 3191 1074 3268 πολλοῖς
1106 3182 1165 3263 διά
1198 3190 1304 3262 τοῦτο

102 3311 320 3413 περιπταίων
336 3316 410 3393 τοῖς
428 3308 669 3409 ἀτοπήμασιν.
711 3311 765 3390 ὅτι
789 3310 826 3390 δέ
854 3316 933 3416 φῶς
959 3308 1049 3389 κατὰ
1072 3307 1187 3416 φύσιν
1205 3309 1333 3387 ἐστίνο
1351 3320 1472 3378 485Δ·

104 3432 363 3534 ὁΜονογενὴς,
383 3436 431 3516 ῶς
454 3436 492 3512 έκ
518 3433 639 3541 φωτὸς
663 3443 728 3514 τοῦ
751 3433 843 3514 κατὰ
866 3433 981 3540 φύσιν
998 3431 1221 3537 ἀναλάμψας
1240 3439 1304 3510 τσῦ

51 3574 89 3635 ²5
104 3562 199 3637 Θεοῦ
226 3561 284 3636 καί
311 3557 468 3660 Πατρός,
486 3559 544 3637 διὰ
571 3566 719 3661 μακρῶν
743 3559 826 3658 ἡμῖν
851 3556 1021 3638 δέδεικται
1049 3555 1173 3659 λόγων
1193 3557 1232 3634 έν
1253 3561 1305 3662 τηῦ

102 3681 234 3788 πρώτῳ
252 3683 397 3790 βιβλίῳ,
416 3684 525 3784 ῥητοῦ
544 3683 776 3787 προτεθέντος
790 3678 867 3762 Ἦν
885 3678 928 3762 τὸ
947 3687 1026 3788 φῶς
1044 3680 1087 3759 τὸ
1106 3680 1291 3780 ἀληθινόν.
1348 3759 1374 3807 p·

158 3804 354 3906 Ἀθρητέον
373 3804 409 3885 δέ
428 3802 541 3885 πάλιν
561 3805 615 3885 ὅτι
635 3806 709 3914 φῶς
730 3803 856 3885 ἑαυτὸν
875 3802 966 3885 εἰναί
986 3813 1102 3910 φησιν
1121 3805 1184 3883 οῦκ
1209 3804 1305 3887 ἰδίως

101 3927 125 4030 ἢ
144 3927 404 4035 ἀφωρισμένως
422 3937 494 4009 τῶν
512 3931 556 4036 ἐξ
579 3930 743 4031 Ἰσραὴλ,
763 3931 848 4009 ἀλλ’
870 3929 959 4008 ὅλου
984 3931 1040 4009 τοῦ
1068 3931 1207 4034 κόσμου.
1246 3930 1305 4006 καί

101 4061 252 4156 πρᾶγμα
283 4051 348 4150 μέν
381 4053 439 4131 διὰ
471 4054 600 4134 τούτου
629 4056 745 4159 φησὶν
775 4053 1038 4152 ἀληθέστατον·
1091 4050 1200 4132 αὑτὸν
1231 4050 1304 4155 γάρ

141 4283 164 4320 1.
183 4265 269 4320 αὐτοῖς
281 4267 295 4318 δ
307 4262 409 4332 Ἰησοῦς
421 4263 473 4317 hoc
486 4263 579 4318 ordine
594 4264 625 4317 Β.
641 4262 692 4335 [3.]
871 4281 897 4335 3.
917 4260 1158 4334 ῶσπερ-Ἰησοῦν]
1172 4264 1262 4331 ὥσπερ
1274 4263 1303 4317 δέ

103 4336 228 4408 ε’λέγομεν
240 4335 278 4389 ὅτι
291 4336 593 4406 πρέποντα-πεποίηται
603 4336 741 4407 τὸνλόγον
753 4337 768 4389 δ
778 4333 881 4403 Ἰησοῦς
892 4353 916 4389 a.
993 4348 1018 4406 7.
1037 4336 1232 4402 ε’πικσιροτάτην
1245 4335 1304 4390 Bm.

105 4408 164 4461 Cat.
180 4408 256 4461 Harl.
268 4406 310 4460 ε’πί
323 4427 380 4476 κοιρ
389 4409 400 4422 ”
415 4404 508 4473 ταύτην
522 4406 611 4460 Holst.
625 4405 676 4460 Ed.
789 4422 830 4460 12.
848 4409 931 4474 ζητεῖν
942 4406 989 4472 μέν
1001 4407 1194 4476 ἐπιχειροῦντος
1205 4422 1229 4458 a.
1244 4405 1303 4460 cat.

106 4478 183 4532 Harl.
275 4492 316 4548 ιη.
332 4481 402 4532 πολυ
429 4477 493 4530 κατὰ
505 4477 573 4530 πολὺ
584 4494 608 4530 α.
701 4491 742 4547 19.
760 4497 789 4529 τε
801 4484 971 4547 assumptum
983 4494 1016 4530 ex
1029 4476 1088 4531 Βιι.
1182 4491 1224 4529 20.
1243 4475 1303 4530 ἀνα-

105 4550 215 4618 λάμπων
226 4566 250 4603 a.
324 4564 365 4602 22.
385 4548 415 4616 δη
428 4566 453 4602 a.
465 4547 505 4601 δεῖ
519 4546 551 4602 Β.
564 4548 618 4601 δεῖν
632 4546 680 4601 Ht.
695 4545 745 4601 Ed.
794 4549 882 4602 σκότει
894 4547 967 4602 Aub.
1039 4548 1083 4601 28.
1101 4545 1241 4619 η]σιίδε“α.
