3038 5018
98 325 129 368 v.
145 322 196 390 23.
261 302 318 367 IN
348 301 660 368 S.JOANNEM.
706 302 801 367 LIB.
827 301 873 366 ΙΙ.
919 302 1022 367 CAP.
1038 302 1137 369 VIII.
1235 304 1300 367 339

98 467 183 547 ἀλλ’
212 467 293 547 ἔστι
323 465 453 571 Πατὴρ
482 467 559 547 κατ’
590 466 761 568 ἀλήθειαν
787 470 806 547 ό
835 464 939 551 Θεός·
984 466 1073 569 Υἱὸς
1106 468 1177 571 ἄρα
1209 466 1301 547 κατὰ

98 590 214 698 φύσιν
234 593 255 672 ό
276 590 498 694 Μονογενὴς,
515 589 603 671 εἰσιν
621 626 660 671 τε
683 589 827 675 πάντως
852 592 930 671 ε’στί
956 597 1029 671 τῶν
1047 597 1110 690 τῆς
1134 590 1300 690 θεότητος

98 713 205 818 ὅρων·
244 715 338 799 Θεὸς
365 715 437 817 γὰρ
465 717 503 795 ε’κ
532 720 628 795 θεοῦ
655 712 878 820 τεχθήσεται,
907 712 1069 818 καθάπερ
1097 715 1159 794 οὖν
1188 716 1207 794 ό
1238 714 1300 793 ἅν-

98 843 241 941 θρωπος
269 838 314 946 ἐξ
338 839 529 943 οἰνθρεύπου
556 837 676 945 τυχόν,
702 842 759 918 καί
784 840 826 918 ού
853 838 1090 944 διαφεύσεται
1114 847 1178 919 τοῦ
1203 843 1329 917 Θεοῡε

61 983 84 1047 -5
98 964 156 1041 καί
186 960 331 1066 Πατρδς
359 963 382 1061 ἦ
409 963 456 1043 τὰ
481 961 602 1044 πάντα
631 960 859 1063 ὑπερκειμένη
888 963 1012 1071 φύσις,
1040 961 1104 1042 τὸν
1131 964 1221 1066 αὐτῇ
1249 961 1299 1061 μὴ

97 1084 282 1189 πρέποντα
306 1095 462 1168 τεκοῦσα
485 1085 634 1188 καρπόν.

154 1209 301 1310 Ἐπειδὴ
330 1207 368 1290 δί
396 1216 588 1306 δυσσεβῶς
615 1246 653 1291 τε
679 1212 737 1290 καί
762 1208 920 1310 ἀνοήτως
945 1212 1063 1316 φασίν
1084 1211 1125 1288 ού
1150 1206 1216 1309 τὴν
1236 1217 1300 1289 τοῦ

99 1340 196 1414 θεοῦ
225 1367 264 1413 τε
295 1337 353 1415 καὶ
383 1333 530 1439 Πατρός
558 1334 809 1441 ἐξυβρίζεσθαι
836 1334 950 1442 φύσιν
977 1336 1015 1414 ἐν
1042 1338 1130 1441 Υἰῷ,
1157 1333 1209 1433 μὴ
1237 1338 1300 1449 τῆς

97 1457 356 1561 προσηκούσης
383 1457 602 1540 ἀπολαύοντι
631 1458 740 1566 δόξης
767 1458 858 1563 πρός
885 1493 1001 1556 τινων,
1027 1461 1074 1542 ὡς
1102 1457 1232 1542 εἰκόνος
1261 1456 1300 1536 δί

47 1614 87 1656 10
98 1588 244 1679 μᾶλλον
269 1584 359 1669 ἰδίας
384 1582 627 1684 ήτιμασμένης
651 1585 690 1662 ἐν
713 1584 809 1690 αύτῷ
833 1586 1073 1689 χαλεπαίνειν,
1092 1581 1233 1666 εἰκότως
1258 1616 1300 1683 γε

99 1705 144 1806 δὴ
162 1715 332 1788 ποιοῦντα
352 1711 409 1787 καὶ
428 1714 558 1793 καλῶς·
591 1709 784 1810 ε’ρωτητείιν
803 1706 940 1805 αύτούς,
960 1707 1050 1788 κατὰ
1069 1707 1148 1787 τίνα
1166 1705 1302 1809 τρόπον

100 1828 217 1910 εἰκόνα
236 1831 432 1925 βούλονται
451 1841 515 1911 τοῦ
532 1831 677 1933 Πατρὸς
696 1829 788 1911 εἰναί
801 1867 838 1911 τε
859 1835 917 1911 καὶ
936 1831 1108 1935 λε’γεσθαι
1127 1828 1189 1911 τόν
1200 1830 1300 1912 Υίόν.

99 1953 300 2053 μᾶλλονδὲ
319 1957 419 2035 αύτοί
437 1955 501 2035 τὸν
518 1957 602 2057 παρ’
623 1955 763 2035 ἐκείνων
783 1953 990 2062 φθάσαντες
1017 1955 1131 2057 λόγον
1147 1957 1296 2057 προδια-

100 2076 317 2178 στίλλωμεν
343 2083 407 2178 τῆς
435 2079 567 2163 εἰκόνος
600 2078 646 2158 τὰ
679 2079 764 2178 εἰδη,
791 2076 884 2158 κατοί
913 2114 954 2179 γε
984 2078 1048 2159 τὸν
1075 2081 1331 2183 ἐγχωροῦνται
1353 2097 1420 2152 2³0
1429 2094 1470 2151 A·

51 2221 89 2282 ¹5
102 2201 224 2305 λόγον·
255 2205 350 2284 οὗτοιΙ
367 2202 439 2305 γοίρ
457 2200 503 2283 οἰν
521 2203 661 2306 γίνοιτο
678 2202 804 2307 σαφής
822 2236 860 2281 τε
879 2205 938 2281 καὶ
957 2203 1041 2281 λίαν
1055 2203 1302 2305 εύκρινεστέρα

99 2332 173 2406 τῶν
190 2326 412 2431 ζητουμένων
433 2328 456 2427 ἡ
482 2330 629 2430 εὕρεσις.
675 2328 802 2407 ούκοῦν
824 2327 889 2423 μία
913 2325 978 2423 μὲν
1001 2326 1068 2425 ἤδη
1094 2327 1152 2404 καὶ
1175 2325 1302 2429 πρώτη

100 2454 164 2549 τῆς
183 2451 274 2530 κατὰ
292 2451 407 2556 φύσιν
424 2449 640 2551 ταντότητος
658 2454 696 2530 ἐν
709 2448 1003 2553 ἀπαραλλάκτως
1023 2456 1095 2533 τοῖς
1114 2450 1303 2548 ἰδιώμασιν

101 2574 123 2674 ἦ
155 2573 268 2671 εἰκὼν,
302 2579 350 2659 ὡς
382 2576 426 2683 ἐξ
455 2573 575 2673 Ἀδὰμ
610 2578 630 2654 ὁ
657 2572 793 2673 Ἀβελ,
824 2570 847 2674 ἢ
880 2572 1007 2653 Ἰσαὰκ
1040 2573 1085 2681 ἐξ
1116 2572 1298 2677 Ἀβραάμ.

101 2698 245 2802 δευτέρα
270 2695 306 2778 δὲ
331 2697 484 2798 πάλινὴ
512 2697 603 2778 κατὰ
626 2696 739 2798 μόνην
763 2698 827 2798 τὴν
851 2705 915 2777 τοῦ
939 2703 1164 2803 χαρακτῆρος
1187 2698 1300 2800 ε’μφέ·

50 2857 89 2896 20
100 2854 209 2923 ρειαν,
234 2825 292 2902 καί
317 2822 360 2902 τὸ
387 2819 530 2924 ἀκριβὲς
555 2830 619 2901 τοῦ
645 2822 756 2906 εἴδους
782 2821 983 2918 ἐκτύπωμα,
1005 2821 1167 2922 καθάπερ
1192 2821 1214 2919 ἡ
1239 2829 1303 2901 τοῦ

100 2945 284 3040 βασιλέως
302 2947 340 3024 ε’ν
359 2943 461 3052 ξύλῳ
479 2942 651 3049 γραφη,ἢ
672 2947 729 3023 καί
749 2945 833 3024 καθ’
853 2942 973 3046 ἕτερόν
990 2978 1070 3023 τινα
1085 2943 1303 3044 πεποιημένη

100 3065 245 3169 τρόπον,
269 3071 318 3153 ὡς
341 3068 432 3172 πρὸς
459 3067 567 3147 αὐτὸν
589 3067 723 3170 ἄριστοί
747 3102 785 3147 τε
810 3072 867 3146 καί
892 3065 1160 3171 ε’ντεχνέστατα.
1202 3066 1334 3146 εἰκὼνο

101 3191 140 3270 δὲ
157 3192 257 3292 ἑτέρα
276 3190 499 3291 λαμβάνεται
518 3190 631 3270 πάλιν
648 3189 740 3294 πρὸς
765 3191 835 3292 ἤθη
860 3196 917 3269 καί
944 3189 1099 3294 τρόπους
1118 3193 1175 3269 καί
1193 3200 1300 3271 πολι-

101 3316 198 3394 τείαν
214 3323 272 3394 καί
290 3313 433 3414 θέλημα
451 3311 493 3394 τὸ
512 3316 572 3394 ε’πί
587 3350 684 3394 τισιν
702 3317 851 3417 ἀγαθοῖς
869 3312 892 3415 ἦ
912 3314 1076 3421 φαύλοις,
1092 3318 1140 3399 ὡς
1158 3312 1302 3393 εὀικέναι

50 3456 89 3517 ²5
103 3439 275 3540 λέγεσθαι
303 3437 412 3544 τυχὸν
436 3436 501 3518 τὸν
525 3434 591 3537 μὲν
614 3440 905 3542 ἀγαθοεργοῦντα
928 3443 980 3544 τῷ
1007 3439 1158 3546 Παύλῳ,
1179 3434 1243 3517 τὸν
1266 3436 1303 3517 δὲ

101 3561 152 3662 μὴ
171 3571 331 3643 τοιοῦτον
350 3568 400 3670 τῷ
421 3561 526 3642 Κοίῖν.
560 3559 602 3640 τὸ
624 3559 696 3664 γὰρ
715 3565 752 3642 ἐν
769 3570 844 3647 τοῖς
862 3561 955 3646 ἰσοις
974 3564 1130 3665 ὁρᾶσθαι
1149 3562 1304 3668 φαύλοις

102 3720 141 3765 τε
171 3689 233 3766 ’καί
267 3687 428 3786 ἀγαθοῖς,
458 3684 524 3785 τὴν
552 3685 726 3783 ὁμοίωσιν
758 3685 900 3794 ἑκάστῳ
930 3687 1218 3789 πραγματεύεται
1247 3689 1304 3765 καί

101 3811 325 3915 περιτίθησιν
344 3807 496 3892 εἰκότως.
537 3807 627 3895 εἰδος
652 3807 696 3888 δέ
714 3844 792 3893 πως
819 3808 951 3894 εἰκόνος
979 3813 1079 3889 ε’στίν
1097 3810 1226 3909 ἕτερον,
1246 3811 1305 3886 καὶ

101 3934 143 4014 τὸ
162 3937 200 4014 ἐν
217 3933 393 4040 ἀξιώματι
412 3937 470 4012 καί
489 3938 574 4039 τιμῇ
592 3935 651 4012 καί
677 3933 767 4040 δόξῃ
793 3937 852 4014 καί
877 3937 1047 4040 ὑπεροχῇ,
1068 3932 1192 4036 ὥσπερ
1211 3930 1256 4012 δν
1274 3933 1309 4013 εἰ

49 4092 89 4149 30
102 4094 155 4143 τις
179 4057 290 4162 τυχὸν
308 4056 375 4156 τήν
396 4092 491 4142 τινος
516 4055 631 4163 ἀρχὴν
649 4059 857 4163 διαδέχοιτο,
877 4061 934 4137 καί
957 4058 1076 4139 πάντα
1102 4056 1199 4165 δρῴη
1225 4060 1332 4158 μετό

138 4356 163 4392 2.
181 4338 282 4394 πάντως
296 4336 331 4390 D.
343 4338 445 4391 πάντων
460 4337 491 4391 B.
505 4358 558 4394 πως
572 4336 622 4391 Ed.
766 4354 791 4408 3.
811 4340 826 4390 ὁ
839 4346 1008 4406 assumptum
1022 4356 1053 4392 ex
1070 4337 1101 4391 B.
1243 4352 1269 4406 5.
1288 4336 1304 4405 ἦ

101 4427 156 4462 om.
172 4409 202 4461 B.
326 4410 351 4463 8.
371 4431 397 4462 τε
411 4426 500 4461 assum
522 4419 579 4462 tum
592 4425 623 4461 ex
639 4407 671 4461 B.
716 4462 719 4469 ,
800 4424 841 4463 10.
859 4408 1047 4477 ίγτοιμοσμίνης
1059 4410 1121 4476 (sie)
1135 4408 1170 4463 D.
1224 4410 1304 4477 χολε-

102 4480 234 4621 ῳῳίνῳρὲν
248 4550 279 4604 Β·
330 4496 370 4550 13.
390 4479 490 4533 ἐκείνων
504 4427 536 4533 ἰί.
549 4478 645 4533 ε’κείνον
659 4477 709 4532 Ed.
801 4493 842 4550 15.
862 4478 956 4551 λόγον]
970 4482 1066 4551 τρόπον
1080 4481 1112 4536 Β.
1159 4479 1190 4533 δν
1202 4496 1256 4533 om.
1272 4477 1304 4534 Β.

659 4651 751 4699 XX2
