3038 5018
109 305 206 385 v.462
267 304 323 370 IN
354 309 387 374 S.
412 308 667 377 JOANNEM.
712 309 807 373 LIB.
831 308 899 373 III.
943 308 1045 373 CAP.
1069 308 1136 372 III.
1243 307 1308 370 393

110 475 131 513 “
150 476 214 548 τοῦ
245 468 401 574 Πατρός,
429 480 541 552 ταῦτα
573 476 764 574 ἀναγγελῶ
797 474 914 570 ῦμῖν·”
952 475 1011 552 καὶ
1041 470 1155 554 πάλιν
1182 481 1203 519 “
1216 469 1305 549 Ὅτι
1351 491 1474 543 lnfruii.

110 590 219 692 “e'yc‘o
246 593 291 700 ἐξ
315 595 467 691 ἐμαυτοῦ
493 597 557 675 οῦκ
584 594 762 696 ἐλάλησα,
782 597 866 676 ἀλλ’
887 597 908 675 ὁ
929 595 1079 700 πεμψας
1106 627 1151 693 με
1177 591 1307 695 Πατὴρ
1352 575 1393 625 49'

109 724 132 760 “
151 712 257 801 αῦτός
280 750 341 815 μοι
365 718 514 819 ἐντολήν
539 718 666 799 δέδωκε
692 719 730 799 τί
752 719 838 800 ε’ίπω
858 722 915 799 καὶ
937 718 976 800 τί
996 717 1188 819 λαλήσω.”
1226 718 1308 799 οῦκ-

110 845 174 916 οῦν
201 838 291 919 κατὰ
321 840 387 939 μὲν
413 841 479 942 τήν
508 847 572 941 τῆς
603 844 782 943 μεσιτείας
814 841 940 940 εἰκόνα,
971 841 1083 927 τόπος
1115 840 1160 921 ἀν
1192 847 1338 921 νοοῖτου

78 966 277 1063 5Χριστοῦ
308 968 366 1044 καὶ
398 963 515 1046 πάλαι
548 970 725 1066 Μωυσῆς,
754 965 802 1046 τά
833 964 955 1046 θεόθεν
988 965 1203 1069 διωρισμένα
1235 971 1311 1048 τοῖς

112 1089 197 1168 υίοῖς
223 1087 376 1189 Ἰσραὴλ
406 1090 445 1168 εὖ
462 1088 517 1189 δή
549 1092 609 1170 καὶ
637 1087 740 1189 μάλα
771 1087 1049 1187 διακονούμενος·
1078 1091 1162 1168 ἀλλ’
1193 1089 1216 1187 ή
1245 1086 1312 1185 μέν

112 1208 301 1293 Μωυσέως
322 1213 482 1311 μεσιτεία
500 1211 691 1312 διακονικὴ,
709 1213 879 1316 ἐλευθέρα
896 1211 933 1292 δέ
951 1214 974 1312 ή
992 1210 1051 1291 διά
1069 1217 1234 1313 Χριστοῦ
1253 1211 1311 1289 καὶ

110 1335 369 1435 μυστικωτέρα,
400 1340 564 1441 φυσικῶς
593 1343 667 1416 τῶν
696 1334 977 1434 μεσιτευομένων
1007 1333 1309 1437 ἐπιθιγγάνοντος,

112 1458 171 1535 καὶ
195 1454 286 1559 πρὸς
313 1457 425 1566 ἀμφω
453 1457 644 1560 διήκοντος,
662 1461 729 1560 τήν
755 1495 793 1540 τε
817 1456 1093 1560 μεσιτευομένην
1117 1454 1314 1561 οἰνθρωπότ

62 1615 101 1656 10
112 1580 204 1679 τητοί
221 1588 325 1685 φημι,
344 1584 401 1662 καὶ
422 1582 568 1687 Πατέρα
587 1584 695 1663 Θεόν.

164 1697 242 1782 Ἦν
265 1702 329 1804 μέν
355 1706 426 1808 γὰρ
452 1706 562 1813 φύσει
581 1707 674 1792 θεὸς
700 1711 748 1792 ὡς
773 1709 812 1787 ε’κ
837 1713 934 1788 Θεοῦ
962 1705 1184 1807 Μονογενής,
1208 1706 1314 1784 οἱονεὶ

113 1829 177 1923 τῆς
214 1836 278 1907 τοῦ
309 1829 551 1930 γεννήσαντος
584 1833 626 1910 οῦ
658 1832 920 1936 κεχωρισμένος
957 1832 1094 1926 οὐσίας,
1128 1832 1186 1909 καὶ
1223 1829 1316 1931 αὐτῇ

113 1953 391 2058 προσπεφυκὼς,
410 1951 499 2034 καθὸ
518 1961 647 2035 νοεῖται
666 1958 724 2034 καὶ
748 1955 792 2061 ἐξ
817 1957 939 2052 αι’ττῆς·
977 1952 1022 2053 ἦν
1041 1952 1079 2033 δέ
1098 1957 1155 2032 καὶ
1175 1953 1348 2053 ἀνθρω-ιί

114 2109 197 2172 πος,
217 2074 307 2156 καθὸ
331 2075 456 2179 γέγονε
480 2077 584 2185 σάρξ
606 2078 732 2158 ἑαυτὸν
750 2080 834 2178 ἡμῖν
857 2079 1041 2185 ἐξομοιοῦν,
1059 2077 1118 2156 ἵνα
1142 2076 1184 2156 δι’
1205 2076 1314 2154 αὐτοῦ

63 2228 101 2288 15
115 2199 341 2300 συνάπτηται
360 2206 442 2309 Θεῷ
465 2200 506 2282 τὸ
523 2199 622 2283 πολὺ
641 2200 732 2281 κατὰ
751 2202 865 2310 φύσιν
884 2202 1105 2307 διῃρημένον.
1147 2198 1234 2280 ὅταν
1252 2199 1315 2278 οὖν

115 2321 207 2427 λέγη
225 2329 391 2424 Μωυσῆς
409 2336 431 2372 “
446 2324 646 2425 ἀναστήσει
674 2324 805 2428 Κύριος
831 2328 913 2423 ὑμῖν
932 2324 1126 2431 προφήτην
1144 2327 1193 2407 ὡς
1217 2321 1313 2420 ἐμέ,”
1340 2362 1345 2373 ·

117 2444 256 2545 νοήσεις
282 2449 348 2553 οῦχ
371 2446 548 2551 ἑτέρως,ἢ
572 2449 680 2552 όνπερ
699 2447 834 2552 τρόπον
859 2451 988 2553 ἀρτίως
1013 2447 1211 2550 εἰρήκαμεν·
1243 2447 1318 2527 ἐπεὶ

161 2572 173 2600 ἱ
234 2570 243 2596 2
271 2569 281 2597 ἱ
358 2570 369 2593 ἱ
424 2574 470 2604 Η
554 2572 564 2599 Ι
680 2571 689 2598 Ι
784 2576 792 2600 2
970 2573 980 2601 Ι
1085 2571 1096 2600 Ι
1192 2570 1201 2595 (
1289 2568 1298 2592 Ῑ

116 2603 175 2659 και
202 2605 306 2656 αυτος
334 2606 397 2653 τον
414 2607 472 2653 επι
500 2607 615 2680 τουττρ
642 2585 757 2674 λογον
774 2573 1025 2680 επισφραγιζει
1048 2582 1166 2673 λεγων
1186 2604 1207 2648 ο
1225 2573 1319 2654 Θεοτ

117 2703 139 2740 “
156 2693 299 2796 Ὀρθῶς
320 2693 440 2776 πάντα
458 2696 531 2776 ὅσα
549 2694 751 2797 ἐλάλησαν,
769 2694 963 2802 προφήτην
982 2698 1100 2778 αὐτοῖς
1118 2693 1318 2792 ἀναστήσω
1363 2719 1439 2797 ωορκ.

62 2857 104 2897 20
118 2827 139 2864 “
157 2814 282 2922 ὥσπερ
300 2818 355 2916 σέ,
374 2823 432 2899 καὶ
451 2817 555 2919 θήσω
574 2819 620 2899 τά
637 2819 780 2923 ῥήματά
799 2854 869 2916 μου
887 2821 940 2898 ἐπ’
962 2821 1069 2926 αὐτῷ,
1085 2822 1142 2897 καὶ
1161 2818 1319 2916 λαλήσει
1360 2800 1431 2899 ‚zm
1447 2793 1486 2845 η’

119 2951 140 2988 “
158 2942 277 3024 αὐτοῖς
295 2940 387 3021 κατά
404 2942 523 3023 πάντα
542 2942 614 3023 ὅσα
633 2941 678 3022 ἀν
697 2944 909 3039 ἐντείλωμαι
928 2943 1059 3048 αῦτῶ.”
1098 2952 1119 2988 “
1130 2940 1230 3044 φέρει
1247 2938 1319 3040 γάρ
1331 2978 1348 3022 e
1360 2961 1486 3023 Πανός·

118 3062 275 3110 “xa
397 3066 482 3092 „a
622 3071 638 3088 ι.
761 3063 1148 3093 νςςεεςρε
1239 3061 1300 3085 ..ν

159 3099 204 3143 τα
222 3099 341 3144 παντα
361 3100 412 3173 τερ
438 3101 571 3171 ρηματι
594 3102 656 3165 της
682 3069 863 3164 δυναμεως
911 3071 1047 3160 οΥιος,
1065 3098 1114 3147 ως
1133 3096 1153 3140 ο
1173 3068 1321 3146 Παυλος

119 3194 223 3293 φησι,
242 3191 301 3268 καὶ
328 3189 391 3272 τὰς
419 3198 483 3269 τοῦ
503 3189 648 3293 Πατρός
677 3190 761 3288 ἡμῖν
787 3185 1006 3290 ἀναγγέλλει
1034 3184 1168 3291 φωνὰς,
1188 3184 1249 3264 ἀπε
1277 3183 1321 3284 δή

118 3313 201 3412 παρ’
232 3312 340 3390 αὐτοῦ
367 3315 517 3412 μεσίτης
545 3311 884 3417 κεχειροτονημένος,
902 3311 993 3391 κατὰ
1021 3310 1063 3390 τὸ
1091 3313 1130 3390 ἐν
1156 3314 1320 3415 ψαλμοῖς

66 3465 105 3526 ²5
120 3433 302 3541 ᾀδόμενον,
322 3439 370 3520 ῶς
394 3438 438 3544 ἐξ
461 3438 570 3516 αὐτοῦ
595 3446 659 3516 τοῦ
679 3442 845 3540 Χριστοῦ
863 3448 885 3484 “
903 3435 1002 3537 Ἐγὼ
1031 3434 1068 3514 δέ
1096 3430 1321 3531 κατεστάθην
1365 3452 1406 3566 ξε.
1420 3451 1447 3499 ii·

119 3568 141 3605 “
159 3560 333 3653 βασιλεῦς
362 3562 420 3641 ὑπ’
440 3563 548 3640 αὐτοῦ
576 3562 633 3640 ἐπὶ
654 3559 750 3640 Σιῖον
775 3560 857 3662 ὄρος
884 3557 927 3638 τό
955 3559 1059 3661 ἀγιον
1081 3560 1201 3654 αὐτοῦ,
1221 3560 1321 3659 διαγ-
1383 3531 1422 3578 '⁷⁸

121 3693 142 3729 ‘⁴
161 3681 307 3784 γέλλων
325 3684 367 3762 τὸ
385 3681 607 3785 πρόσταγμα
628 3685 799 3786 Κυρίου.”

178 3811 223 3885 Ei
242 3805 285 3884 δέ
302 3842 353 3913 τερ
372 3811 469 3888 δοκεῖ
489 3810 548 3887 καὶ
570 3808 615 3914 ἐξ
637 3805 764 3908 έτέρων
783 3809 926 3885 ἐννοιῶν
945 3808 1002 3885 ἐπὶ
1028 3803 1092 3884 τόν
1110 3808 1173 3903 τῆς
1198 3800 1321 3899 ὁμοιό-

266 3932 275 3956 Ώ
403 3931 414 3954 Ι
620 3929 629 3955 Ι
751 3933 759 3956 2
818 3929 827 3954 Ι
1001 3928 1011 3955 λ
1181 3927 1192 3954 Ι
1313 3922 1322 3951 θ

121 3964 226 4029 τητος
254 3932 538 4035 αναβιβαζεσθαι
566 3964 711 4034 τροπον,
742 3936 940 4035 εκληφεται
969 3964 1033 4026 μεν
1059 3932 1254 4026 νομοθετην
1281 3958 1352 4005 τοο
1374 3946 1438 4002 267
1450 3943 1489 3998 A.

70 4056 187 4138 3οὩς
218 4053 292 4152 ἐμὲ,
323 4061 381 4135 καὶ
411 4056 579 4157 παροίσει
610 4052 702 4156 πρὸς
735 4051 919 4160 ἀπόδειξιν
951 4051 994 4132 τό
1027 4063 1049 4099 “
1066 4050 1217 4154 Ἐῥρέθη
1250 4056 1324 4132 τοῖς
1367 4063 1489 4191 em.

161 4244 184 4282 1.
203 4228 338 4298 ἀναγγελῶ
352 4227 384 4283 Β.
397 4226 549 4299 ἀνογγέλλο
563 4225 614 4281 Ed.
628 4225 661 4280 cf.
677 4242 760 4294 supra
775 4224 822 4293 167
836 4242 861 4279 α.
1047 4242 1074 4289 4.
1092 4222 1138 4290 τήν
1151 4239 1204 4275 om.
1220 4220 1323 4290 Μίμας.

124 4338 150 4393 5.
169 4323 262 4396 πάλαι]
276 4327 356 4378 πάλιν
369 4324 400 4378 Β.
508 4324 534 4378 8.
552 4323 621 4378 ἐπιθι
665 4295 981 4444 ’νοντοςὶσηήυάπτομίνου
994 4317 1020 4369 D
1034 4335 1088 4386 mg.
1198 4330 1238 4401 19.
1253 4317 1324 4436 gapt

124 4413 215 4449 assum
235 4405 293 4448 tum
305 4411 338 4448 ex
352 4394 384 4447 B.
507 4393 555 4448 .16.
573 4395 632 4461 ὑμῖν
663 4393 752 4456 -Ι-τὸν
779 4390 816 4444 'd.
830 4398 914 4443 1nv1to
926 4390 958 4442 B.
1090 4402 1133 4440 τι.
1151 4385 1239 4441 αὐτοις
1278 4385 1324 4436 .Ι).

124 4466 192 4538 αιίτῲ
208 4414 259 4519 [gd.
307 4464 464 4536 ἐντέλλομαι
479 4465 511 4520 Β.
634 4480 676 4533 23.
695 4462 832 4533 ἀναγγελεῖ
844 4459 903 4528 ήμῖν
916 4461 948 4513 Β.
1066 4457 1108 4510 26.
1127 4455 1168 4510 ὑπ’
1181 4454 1271 4527 αὐτοῦ]
1284 4451 1325 4511 ἐπ’

124 4537 216 4591 αὐτοὺς
230 4536 262 4589 Β.

170 4641 240 4686 τοι.
257 4642 279 4687 1.
724 4638 778 4703 31:
