3038 5018
235 269 300 332 470
539 268 577 332 Β.
602 267 806 332 CYRILLI
837 267 1126 332 ALEXANDR.
1324 265 1367 329 vi.
1380 280 1437 350 35.
1494 270 1500 277 ’

148 502 159 526 ,
202 437 284 514 deis
315 432 465 536 θεωρίαν
496 433 747 534 πνευματικὴν,
778 434 841 514 οὐκ
874 434 1111 528 ἀναβαίνουσι
1142 439 1216 512 τῶν
1247 437 1292 534 τῆ
1324 433 1438 531 σαρκὶ

235 557 435 658 χρησίμων,
454 559 512 636 καί
531 558 642 659 ἀρτον
658 557 845 642 ἀκούοντες
863 557 927 638 τὸν
945 556 1037 662 ζωὴν
1055 557 1199 638 διδόντα
1216 562 1267 662 τῷ
1290 553 1436 662 κόσμῳ,

234 676 298 760 τὸν
316 679 389 759 ἀπὸ
407 685 475 781 γῆς
493 679 545 760 ἔτι
564 680 814 787 φαντάζονται,
833 680 914 762 θεὸν
932 681 1073 787 ἔχοντες
1090 681 1156 778 τῆν
1173 682 1323 776 κοιλίαν,
1342 674 1439 757 κατὰ

236 800 278 883 τό
296 803 555 906 γεγραμμένον,
573 807 631 885 καί
650 808 823 908 τοῖςπερὶ
841 805 1003 909 γαστέρα
1028 806 1278 909 κεκρατημενοι
1300 808 1436 897 κακοῖς,

67 936 109 988 Ῑῑλ
235 927 294 1006 ἵνα
318 927 459 1011 δικαίως
485 926 686 1027 ἀκούσειαν,
705 927 756 1008 ῶν
775 929 833 1030 “vj
860 927 951 1036 δόξα
975 933 1076 1035 ε’ντῆ
1101 930 1256 1034 αἰσχύνη
1281 925 1474 1013 αὐτῶν.”5

67 679 134 730 Phil.
147 680 182 729 iit

70 758 80 794 ι
102 783 108 796 .

236 1050 376 1131 ἐοικότα
404 1048 448 1151 δῆ
478 1052 563 1131 λίαν
589 1050 654 1132 τὸν
680 1061 842 1133 τοιοῦτον
869 1052 1030 1157 εὑρήσεις
1058 1051 1171 1154 λόγον
1198 1057 1251 1160 τῷ
1277 1049 1336 1130 διὰ
1362 1082 1432 1151 γυ·

236 1174 355 1259 ναικὸς
381 1177 513 1275 ε’κείνης
538 1178 602 1275 τῆς
629 1177 894 1278 Σαμαρείτιδος·
933 1174 1071 1280 μακρὸν
1089 1176 1162 1280 γὰρ
1189 1179 1247 1255 καί
1270 1175 1323 1255 ἐπ’
1344 1175 1438 1278 αὐτῇ

235 1300 466 1382 δαπανῶντος
495 1296 609 1402 λόγον
635 1309 700 1381 τοῦ
730 1305 897 1403 Σωτῆρος
929 1301 1030 1400 ἡμῶν
1057 1306 1233 1404 Χριστοῦ,
1263 1300 1321 1379 καί
1352 1302 1439 1400 περὶ

207 1419 375 1501 θῶδάτων
410 1428 483 1503 τῶν
521 1430 657 1522 νοητῶν
694 1423 981 1522 ἐκδιδάσκοντος,
1021 1424 1192 1527 λέγοντός
1227 1457 1266 1503 τε
1303 1426 1439 1526 σαφῶς

69 1540 191 1669 {mm
236 1556 258 1592 ‘⁶
277 1551 358 1629 Πῶς
385 1549 405 1625 ὁ
428 1547 541 1626 πίνων
559 1549 598 1626 ἐκ
625 1555 689 1627 τοῦ
715 1550 842 1633 ὕδατος
866 1548 994 1629 τούτου
1019 1548 1170 1654 διψήσει
1193 1547 1317 1642 πάλιν,
1338 1543 1378 1629 δς
1400 1544 1437 1623 δ’
1459 1584 1500 1624 ιο

236 1679 258 1716 “
275 1666 321 1747 ἀν
338 1671 402 1775 πίῃ
426 1672 465 1749 ἐκ
490 1678 554 1750 τοῦ
581 1673 707 1756 ὕδατος
731 1671 774 1751 οὗ
798 1671 869 1774 ἐγὼ
893 1671 1002 1752 δῶσω
1029 1674 1135 1780 αὐτῷ,
1154 1673 1196 1751 οὐ
1216 1668 1266 1770 μῆ
1285 1667 1441 1775 διψήσει

236 1802 258 1839 “
276 1797 325 1875 εἰς
343 1791 406 1872 τὸν
425 1798 547 1891 αἰῶνα,
567 1793 668 1874 ἀλλὰ
686 1793 727 1875 τὸ
746 1794 878 1899 θδωρδ
901 1797 1010 1876 δῶσω
1035 1795 1106 1898 ε’γῶ
1130 1797 1227 1903 αὐτῷ
1245 1792 1441 1897 γενήσεται

235 1926 257 1961 “
274 1917 313 1995 ἐν
326 1918 423 2024 αὐτῶ
439 1916 540 2021 πηγὴ
560 1920 687 2004 ὕδατος
704 1921 909 2018 ἁλλομένου
927 1926 976 2005 εἰς
995 1917 1088 2023 ζωῆν
1105 1918 1280 2000 αἰῶνιον·”
1300 1952 1442 2018 συνηρ-

233 2039 364 2144 πάζετο
398 2038 458 2121 διά
489 2041 556 2142 τῆν
583 2044 737 2123 ε’νοῦσαν
763 2046 853 2150 αὐτῆ
882 2045 1097 2143 δυσμαθίαν,
1125 2047 1184 2123 καί
1212 2041 1277 2142 τῆν
1305 2039 1441 2142 νοητὴν

234 2168 370 2271 ἀφεῖσα
394 2164 526 2268 πηγὴν,
546 2167 648 2247 οὐδέν
668 2201 708 2246 τε
734 2166 776 2246 τό
801 2169 952 2266 σύμπαν
973 2173 1055 2270 περὶ
1079 2169 1188 2266 αὐτῆς
1211 2163 1438 2265 ε’ννοήσασα,
1461 2207 1504 2267 15·

234 2291 291 2369 ε’πί
323 2289 390 2389 τῆν
418 2297 492 2370 τῶν
522 2295 706 2390 αἰσθητῶν
735 2290 962 2395 ὑδρευμάτων
992 2293 1166 2396 χορηγίαν
1195 2293 1440 2370 κατολισθαί·

68 2430 106 2482 lb·
119 2444 156 2494 ¹⁵·
231 2413 350 2494 -νουσοί
374 2420 469 2519 φησι
491 2425 514 2462 “
530 2416 639 2517 Κύριε
668 2412 729 2499 δός
756 2450 817 2513 μοι
844 2425 951 2496 τοῦτο
978 2415 1020 2496 τὸ
1049 2418 1154 2516 ὕδωρ,
1178 2416 1236 2495 ἵνα
1262 2413 1312 2514 μῆ
1338 2419 1443 2522 διψῶ

237 2548 258 2585 “
276 2537 365 2638 μηδὲ
397 2539 554 2653 ε”ρχωμαι
584 2538 708 2619 ε’νθοίδε
738 2542 914 2620 ἀντλεῖν.”
963 2540 1142 2643 συγγενῆς
1175 2540 1239 2620 οὖν
1265 2540 1335 2642 ἀρα
1364 2548 1446 2626 τοῖς

69 2688 180 2745 υνιι
207 2665 319 2764 οπαρ’
339 2664 470 2760 ἐκείνης
487 2659 610 2764 λόγοις
635 2663 656 2741 ό
679 2669 753 2742 τῶν
770 2664 965 2744 Ἰουδαίων·
995 2664 1120 2772 ὥσπερ
1146 2663 1216 2767 γὰρ
1241 2665 1354 2765 ε’κείνη
1380 2664 1448 2744 διὰ

236 2784 302 2885 τῆν
321 2784 435 2891 φύσιν
454 2783 695 2887 ἐμαλακίζετο,
713 2784 777 2867 τὸν
795 2786 903 2866 αὑτὸν
921 2783 1020 2885 οἶμαι
1039 2791 1098 2868 καί
1116 2787 1213 2867 οὗτοι
1231 2789 1377 2890 τρόπον,
1399 2785 1447 2868 τδ
1462 2830 1502 2870 ιο

235 2907 301 3007 μὲν
319 2910 443 3011 ἄρσεν,
460 2909 503 2988 ἵν’
523 2910 635 2991 οὕτως
653 2908 752 3006 εἴπω,
769 2913 828 2989 καὶ
847 2909 1007 2991 νεανικὸν
1025 2917 1073 2994 εἰς
1092 2910 1273 3016 φρόνησιν
1291 2910 1447 3016 ἔχουσιν

237 3035 410 3130 οὐδαμῶς,
429 3031 683 3134 ἐκθηλύνονται
711 3031 754 3112 δέ
773 3068 850 3117 πως
875 3039 924 3118 εἰς
948 3033 1142 3138 ἀνάνδρους
1166 3037 1352 3134 ἐπιθυμίας
1375 3036 1446 3121 τὰς

237 3158 295 3236 ἐπὶ
329 3158 475 3259 γαστρὶ,
511 3158 569 3236 καί
605 3155 648 3237 τό
680 3158 929 3261 γεγραμμένον
959 3160 1015 3265 ἐφ’
1048 3160 1185 3242 ἑαυτοῖς
1218 3159 1446 3239 δεικνύουσιν

69 3277 192 3394 ξ’·ωῑῑ·
238 3279 369 3381 ἀληθές
388 3279 472 3360 “Ὁ
490 3277 562 3382 γὰρ
583 3278 703 3382 μωρὸς
726 3279 831 3383 μωρὰ
855 3280 1101 3382 λαλήσει,καί
1127 3282 1149 3382 ῆ
1176 3283 1305 3385 καρδία
1330 3284 1446 3365 αὐτοῦ

238 3413 260 3449 “
277 3399 413 3501 μάταια
439 3401 594 3506 νοήσει.”
1462 3451 1502 3512 25

555 3618 646 3696 Ἐτώ
672 3617 737 3698 εἰμι
763 3621 782 3688 ὁ
809 3621 908 3711 ἄρτος
935 3624 994 3688 τῶι
1020 3627 1114 3711 ζωῆς.

203 3793 225 3857 b
287 3780 402 3868 Ἐθος
429 3786 481 3890 τῷ
509 3788 650 3889 Σωτῆρι
678 3790 832 3894 Χριστῲ
863 3784 928 3870 τάς
956 3789 1037 3889 περί
1067 3792 1140 3865 τῶν
1169 3787 1354 3889 θειοτέρων
1384 3791 1448 3867 καί

237 3914 311 3987 τῶν
328 3907 398 4008 ἤδη
415 3908 789 4012 προκατηγγελμένων
806 3912 1016 4013 μυστηρίων
1030 3908 1228 4017 ποιουμένῳ
1244 3909 1455 4010 διηγήσεις,Ι

238 4032 480 4133 αἰνιγματώδη
513 4068 591 4117 πως
623 4037 681 4112 καί
715 4034 757 4113 οὐ
790 4034 938 4140 σφόδρα
971 4037 1128 4140 διαφανῆ
1158 4030 1204 4113 τά
1235 4035 1289 4114 ἐπ’
1321 4035 1450 4121 αὐτοῖς

274 4229 300 4315 6,.
320 4229 351 4299 δὴ
365 4228 397 4283 Β.
410 4230 437 4284 δὲ
452 4229 504 4285 Ed.
709 4245 735 4322 γ.
753 4231 785 4300 δή
798 4249 846 4319 μτο
860 4232 911 4302 γὰρ
925 4232 959 4285 Β.
1014 4231 1109 4286 Statim
1123 4233 1164 4286 καὶ
1177 4240 1349 4312 οσουοιρῑυιο
1363 4249 1396 4285 ex
1413 4232 1449 4288 Β.

238 4301 316 4369 αὐτῆς
330 4301 361 4354 Β.
532 4318 573 4356 11.
592 4302 623 4356 οὗ
635 4302 758 4373 μὴ-εγὸ
770 4302 838 4374 αὕτη
850 4312 989 4373 assumpta
1001 4321 1032 4356 ex
1047 4303 1080 4357 B.
1094 4300 1192 4356 desunt
1204 4319 1232 4355 ιιι
1246 4302 1346 4372 Georg.
1359 4302 1449 4374 Tap.

242 4385 282 4440 15.
301 4371 379 4438 αὐτὴν
393 4370 425 4424 Β.
557 4389 600 4428 20.
619 4376 716 4443 τρόπον
729 4374 771 4427 καί
781 4371 852 4426 οὗτοι
864 4373 972 4427 inverso
983 4372 1078 4427 ordine
1092 4372 1123 4426 B.
1250 4388 1293 4443 ²3.
1312 4374 1356 4427 καί
1370 4373 1406 4428 Β.
1420 4387 1451 4430 et

239 4441 403 4565 siccorfiexit
416 4441 519 4512 Migne.
533 4444 597 4497 κατὰ
608 4443 681 4498 Aub.
771 4457 813 4514 νγ.
832 4445 891 4513 περὶ
903 4453 1072 4514 assumptum
1085 4461 1117 4497 ex
1132 4441 1203 4497 B.D.
1289 4443 1333 4497 28.
1352 4446 1451 4501 ποιού-

237 4532 315 4580 μενον
355 4552 360 4565 .
