3038 5018
72 436 154 516 ἕνα

72 518 107 552 ιιι.
118 515 157 565 ²5·

240 275 305 339 262
543 277 583 341 Β.
607 276 813 342 CYRILLI
843 274 1133 342 ALEXANDR.
1307 277 1352 342 iv.
1368 296 1442 363 1-3.

301 437 495 540 Ζητήσεως
524 450 714 544 τοιγαροῦν
741 441 931 545 γενομένης
958 453 980 490 “
994 445 1033 523 ἐκ
1061 449 1134 524 τῶν
1161 447 1330 544 μαθητοῖν
1356 445 1441 522 Ἰω-

243 573 265 610 “
284 562 393 643 άννου
410 562 499 661 μετὰ
511 567 684 647 Ἰουδαίου
700 574 781 671 περὶ
800 566 1057 671 καθαρισμοῦ,”
1070 565 1187 652 πολῦς
1204 567 1288 671 παρ’
1304 571 1445 672 ἀμφοῖν

243 684 288 786 ἦν
312 688 333 765 ὁ
361 684 483 789 λόγος.
527 694 559 769 οῖ
587 688 652 789 μέν
677 690 750 795 γάρ
776 697 828 801 τῷ
856 691 970 800 οίκείῳ
993 688 1204 800 διδασκάλῳ
1223 693 1445 795 συναγορεύ-

243 843 353 910 οντες,
380 817 452 893 τῶν
483 820 639 912 νομικῶν
665 816 966 920 περιρραντηρίων
995 818 1053 896 καὶ
1087 823 1159 896 τῶν
1188 817 1272 920 παρ’
1300 816 1446 900 ἐκείνοις

241 942 400 1015 τυπικῶν
417 943 653 1041 καθαρισμῶν
675 941 713 1019 ἐν
738 941 923 1037 ἀμείνοσιν
945 939 1012 1041 ἤδη
1038 939 1179 1043 μέτροις
1202 938 1244 1020 τὸ
1270 942 1312 1020 δι’
1332 941 1482 1024 aomos

242 1058 408 1159 γενέσθαι
441 1062 648 1143 διετείνοντο
679 1061 885 1162 βάπτισμα·
925 1067 982 1144 καὶ
1013 1064 1058 1163 δὴ
1086 1062 1178 1143 κατά
1205 1062 1247 1144 τῦ
1274 1063 1368 1148 είκῦς
1394 1069 1446 1148 είς

242 1182 424 1291 ἀπόδειξιν
451 1187 634 1267 ἐποιοῦντο
661 1194 726 1267 τοῦ
753 1184 976 1290 πράγματος,
1003 1184 1046 1268 τῦ
1073 1185 1235 1273 πολλοῦς
1261 1185 1327 1286 μὲν
1355 1187 1446 1268 ἱέναι

212 1304 333 1409 θπρῦς
350 1307 470 1406 αὐτὸν,
486 1317 559 1390 τῶν
579 1309 617 1391 δὲ
644 1311 883 1415 ἀρχαιοτέρων
901 1346 939 1392 τε
965 1315 1023 1392 καὶ
1046 1312 1183 1392 ἀνωθεν
1200 1314 1292 1391 ε’θῶν
1309 1311 1446 1411 ἥδιστα

242 1430 326 1511 λίαν
343 1435 558 1541 ἀποφοιτᾶν.
599 1439 632 1514 οί
650 1435 689 1515 δὲ
709 1435 754 1515 αὖ
771 1434 895 1533 πόλιν,
912 1437 1056 1540 ε’πείπερ
1081 1442 1155 1519 τοῖς
1180 1437 1223 1517 δι’
1243 1437 1404 1520 ἐναντίας
1423 1437 1445 1516 ό

243 1553 353 1657 λόγος
380 1558 525 1663 ἐφέρετο
552 1558 644 1639 κατὰ
670 1566 840 1663 πρανοῦς,
870 1563 929 1639 καὶ
962 1557 1101 1639 ὑδάτων
1128 1560 1229 1660 δίκην
1256 1560 1446 1664 καταῤῥοί-
1462 1591 1500 1632 10

243 1679 355 1783 ζουσα
370 1686 434 1780 τῆς
453 1685 622 1782 ἀληθείας
642 1684 664 1783 ἡ
683 1683 830 1784 δύναμις
849 1683 912 1764 τόν
930 1685 1066 1787 ἀδρανῆ
1085 1690 1157 1763 τῶν
1170 1681 1448 1783 ἀνθεστηκότων

242 1803 408 1908 ἐβάπτιζε
434 1814 529 1899 νοῦν,
552 1809 610 1887 ε’πὶ
637 1806 679 1888 τῦ
706 1808 806 1913 παρά
833 1807 981 1911 γνώμην
1003 1816 1176 1913 χωροῦσι,
1196 1808 1256 1887 καὶ
1281 1806 1444 1905 ἄκοντες,

242 1927 340 2010 πολῦ
367 1928 411 2030 δὴ
439 1929 591 2011 κάλλιον
613 1927 700 2012 εἶναι
727 1930 893 2034 λέγοντες
921 1929 963 2010 τῦ
989 1931 1048 2011 διά
1072 1937 1239 2034 Χριστοῦ
1265 1929 1465 2036 χορηγού.

242 2086 351 2150 μενον
372 2053 578 2155 βάπτισμα·
614 2055 673 2134 καὶ
701 2053 938 2157 κατεκράτουν
961 2052 1030 2155 ἤδη
1058 2062 1131 2139 τοῖς
1158 2054 1250 2137 ἴσοις
1277 2059 1326 2140 είς
1354 2053 1447 2135 ἀπό·

243 2177 353 2285 δειξιν
371 2179 665 2284 ἀποχρησάμενον
683 2186 885 2283 λογισμοῖς,
903 2182 962 2258 καὶ
980 2177 1039 2259 διά
1061 2185 1134 2258 τῶν
1152 2180 1268 2258 αὐτῶν
1286 2180 1442 2280 ε’νθυμη·
1463 2211 1499 2271 15

75 2321 134 2377 1¹10
146 2320 187 2376 A·
211 2300 369 2400 νμάτων
387 2310 458 2387 τοῖς
478 2302 701 2403 νενικηκόσιν
719 2302 1010 2406 ἀντεγειρόμενοι·
1040 2309 1172 2410 πολλῷ
1194 2301 1266 2407 γάρ
1288 2304 1448 2403 ὁρᾶσθαι

244 2427 390 2509 πλείους
416 2424 674 2531 διισχυρίζοντο
700 2425 781 2512 τοῦς
805 2427 1024 2530 προσιόντας
1043 2431 1206 2534 Χριστῷ,
1225 2431 1284 2506 καὶ
1305 2424 1447 2512 πάντας

243 2549 361 2657 ἐκείνῳ
379 2557 526 2649 μᾶλλον
542 2549 633 2654 ἤπερ
652 2549 801 2656 Ἰωάννη
818 2549 1067 2655 προστρέχειν·
1100 2550 1182 2631 ὅθεν
1200 2547 1296 2650 οἶμαι
1317 2555 1376 2630 καὶ
1396 2557 1447 2636 εὶς

245 2673 365 2774 λύπην
383 2673 642 2758 ἀνακαυθέντας
660 2673 742 2758 τοῦς
759 2673 926 2755 Ἰωάννου
943 2674 1106 2775 μαθητὰς
1124 2679 1176 2783 τῷ
1192 2675 1307 2782 οἰκείῳ
1325 2708 1447 2776 προσ-

244 2803 361 2878 ελθεῖν
379 2798 589 2907 διδασκάλῳ
609 2798 781 2901 λέγοντας
800 2811 821 2847 “
834 2799 978 2896 Ῥαββὶ,
998 2797 1037 2884 δς
1058 2795 1102 2898 ἦν
1121 2797 1210 2896 μετά
1235 2806 1305 2878 σοῦ
1329 2797 1447 2901 πέραν
1461 2832 1499 2874 ιο

244 2932 266 2969 “
284 2930 349 3003 τοῦ
368 2921 562 3025 Ἰορδάνου,
581 2918 610 3029 ᾧ
628 2919 678 3002 σῦ
694 2922 981 3026 μεμαρτύρηκας,
1002 2923 1053 3001 ’ίδε
1072 2922 1175 3005 οὗτος
1192 2920 1366 3025 βαπτίζει,
1385 2924 1448 3002 καὶ

243 3057 265 3092 “
283 3044 414 3130 πάντες
447 3045 610 3151 ἔρχονται
643 3044 735 3148 πρὸς
767 3044 907 3128 αότόν.”
954 3045 1019 3131 τάς
1049 3044 1122 3149 γάρ
1155 3045 1200 3152 ἐξ
1227 3046 1342 3147 ἔριδος
1370 3051 1449 3125 τῶν

241 3171 423 3250 Ἰουδαίων
447 3168 651 3274 προτάσεις,
669 3170 748 3270 ἤτοι
774 3167 906 3272 λόγους
931 3167 1203 3266 ἀποδεικτικοῦς,
1223 3172 1271 3253 ὡς
1293 3171 1332 3248 ἐν
1352 3171 1447 3272 ε’ρω·

208 3293 344 3393 δτήσει
370 3291 620 3398 προΐσχονται.
668 3295 826 3373 ἐντεῦθεν
852 3301 1042 3397 τοιγαροῦν
1066 3290 1255 3394 ἐγνωκέναι
1284 3297 1402 3399 φησὶν
1428 3295 1450 3374 ό

244 3415 520 3518 Εὐαγγελιστὴς
543 3416 607 3497 τόν
627 3417 763 3520 Κύριον
781 3419 829 3496 ’ότι
848 3414 992 3511 ἤκουσαν
1011 3427 1037 3498 οῖ
1056 3421 1228 3523 Φαρισαῖοι
1254 3418 1301 3496 ’ότι
1320 3419 1449 3510 Ἰησοῦς
1463 3457 1504 3519 ²5

243 3543 402 3625 πλείονας
430 3537 586 3645 μαθητάς
615 3545 708 3621 ποιεῖ
733 3538 750 3632 ἢ
776 3540 932 3638 Ἰωάννης,
957 3537 1032 3621 εἶτα
1055 3539 1120 3620 τὸν
1143 3539 1304 3647 ἐξαίσιον
1327 3540 1450 3621 αὐτῶν

241 3662 524 3764 παραιτούμενος
543 3661 693 3770 φθόνον,
714 3666 773 3743 καὶ
790 3669 901 3771 καιρῷ
920 3664 1115 3768 φυλάττων
1135 3665 1211 3772 ίδίῳ
1234 3651 1277 3745 τῦ
1299 3670 1447 3762 παθεῖν,

241 3792 306 3887 τῆς
333 3786 398 3887 μέν
420 3794 493 3868 τῶν
516 3789 699 3868 Ἰουδαίων
721 3785 881 3894 ὑπέξεισι
909 3785 1039 3892 χώρας,
1064 3790 1244 3893 ἀναχωρεῖ
1267 3786 1306 3868 δὲ
1333 3787 1452 3870 πάλιν

242 3918 290 3997 εἰς
312 3911 379 4012 τὴν
399 3914 614 3991 Γαλιλαίαν.

281 4161 306 4218 7.
324 4147 400 4220 ίέναι]
414 4145 477 4203 εἶναι
491 4149 523 4203 Β.
632 4149 658 4203 8.
677 4171 704 4202 τε
717 4158 887 4219 assumptum
900 4165 932 4201 ex
946 4146 978 4201 Β.
1090 4164 1130 4218 13.
1150 4146 1343 4218 χορηγούμιναν
1355 4146 1391 4204 B.
1404 4151 1451 4204 λε-

243 4221 353 4301 γόμενον
366 4219 417 4274 Ed.
528 4235 568 4290 15.
588 4219 769 4310 ἐνθυμημάτων
781 4236 835 4273 om.
851 4218 883 4272 B.
1003 4234 1043 4287 19.
1062 4218 1222 4288 προσελθεῖν
1233 4219 1385 4291 διδασκάλῳ
1397 4219 1452 4276 hoc

242 4289 336 4345 ordme
351 4287 382 4344 B.
491 4308 533 4345 τι.
552 4293 586 4347 ὡς
600 4309 649 4361 pro
661 4313 681 4363 ῳ
695 4293 744 4358 (mc
759 4299 883 4359 utsupra
899 4287 980 4356 1640)
996 4288 1027 4342 B.
