3038 5018
98 283 119 348 ἰ.
133 305 164 370 3.
296 287 354 352 IN
384 287 418 354 S.
442 286 698 352 JOANNEM.
743 286 889 351 LIB.I.
935 285 1037 350 cAP.
1060 284 1103 349 V.
1257 283 1308 346 69·

98 447 293 550 ἀληθεύσει
317 450 437 554 λέγων
459 453 480 532 ὁ
504 450 592 534 Υἱός
611 449 745 553 ((Ἐγὼ
768 452 807 530 ἐν
829 455 881 557 τῷ
902 452 1022 553 Πατρὶ
1041 452 1100 530 καὶ
1125 448 1146 527 ἀ
1172 443 1299 548 Πατήρ
1344 454 1447 572 230·

100 583 121 622 “
139 576 178 654 έν
201 574 310 673 έμοί.”
354 576 396 654 ού
423 574 495 678 γὰρ
524 574 638 674 δήπου
666 572 757 653 κατὰ
784 571 898 675 μόνην
924 571 990 672 τὴν
1018 570 1209 671 ὁμοιότητα
1236 573 1300 669 τῆς

100 699 235 797 οὐσίας,
255 701 304 784 ὡς
329 703 539 803 χαρακτῆρα
562 696 627 778 τὸν
645 696 735 777 Υῖὸν
754 700 792 777 έν
811 702 930 802 Πατρὶ
950 695 1193 797 θεωρήσομεν,
1211 692 1235 796 ἢ
1255 696 1301 776 αὖ

101 819 213 900 πάλιν
230 823 278 906 ὡς
303 821 505 926 ἀρχέτυπον
523 823 561 901 ε’ν
578 825 657 928 Υίῴ
679 819 743 900 τὸν
761 820 920 925 Πατέρα·
963 819 1048 899 ἀλλ’
1069 818 1160 899 Υίὸν
1178 815 1244 916 μὲν
1262 819 1301 898 έκ

73 948 163 1042 ὅτής
188 952 253 1024 τοῦ
277 943 424 1049 Πατρός
451 946 577 1028 ούσίας
604 951 781 1047 γεννητοῖς
809 942 1051 1043 έκλάμποντα,
1071 945 1128 1023 καὶ
1154 945 1193 1021 ε’ν
1210 944 1300 1047 αι’ντῇ

101 1073 159 1146 καὶ
183 1067 228 1174 ἐξ
250 1069 359 1168 αύτῆς
384 1067 646 1152 ῖδιοσυστάτως
673 1067 880 1172 ὑπάρχοντα
906 1073 964 1147 καὶ
990 1070 1184 1172 ὑφεστῶτα
1206 1063 1302 1146 Θεὸν

103 1189 224 1293 Λόγον
255 1193 544 1300 παραδεξόμεθα·
596 1190 743 1295 Πατέρα
774 1188 813 1270 δὲ
843 1191 957 1272 πόλιν
990 1193 1027 1270 έν
1056 1195 1145 1295 Υῖῷ,
1178 1192 1226 1273 ὡς
1263 1192 1302 1268 ε’ν

102 1315 283 1422 ὁμοουσίιρ
319 1316 525 1418 γεννήματι,
559 1320 737 1420 συμφυῶς
773 1313 849 1414 μέν,
883 1314 974 1394 κατὰ
1012 1313 1049 1394 δὲ
1085 1311 1200 1413 μόνην
1235 1310 1302 1411 τὴν

102 1437 292 1541 ἑτερότητα
313 1447 377 1520 τοῦ
402 1436 489 1519 εἶναι
515 1443 573 1519 καὶ
599 1444 758 1519 νοεῖσθαι
783 1438 884 1519 τοῦθ’
910 1439 998 1543 ὅπερ
1021 1440 1099 1517 ἐστὶ
1123 1463 1331 1538 μεμερισ·ο

62 1595 91 1635 10
101 1564 226 1660 μένως.
273 1563 369 1660 μένει
396 1562 468 1667 γάρ
496 1566 516 1642 ὁ
546 1561 675 1667 Πατὴρ
703 1564 804 1643 τοῦθ’
831 1563 919 1667 ὅπερ
945 1565 1035 1658 ε’στῖ,
1062 1559 1129 1641 κάν
1157 1557 1301 1664 ὑπάρχῃ

101 1692 279 1792 συμφυεῖς
304 1688 342 1766 έν
361 1690 450 1794 Υἱηῖ,
469 1685 632 1790 καθάπερ
658 1684 749 1766 εἶναί
772 1693 892 1792 φαμεν
909 1689 947 1767 έν
966 1693 1016 1794 τῷ
1041 1682 1301 1786 ἀπαυγάσματι

99 1808 164 1890 τὸν
182 1809 300 1909 ἥλιον·
340 1813 398 1889 καὶ
423 1808 535 1890 πάλιν
555 1812 575 1890 ὁ
598 1811 685 1896 Υἱὸς
710 1813 777 1916 οὐχ
802 1809 921 1913 ἕτερόν
943 1844 978 1890 τι
1002 1811 1086 1910 παρ’
1107 1809 1195 1913 ὅπερ
1222 1811 1301 1888 ἐστὶ

99 1930 323 2044 νοηθήσεται,
352 1931 419 2012 κάν
452 1933 595 2039 ύπάρχη
626 1940 804 2038 συμφυῶς
835 1936 873 2013 ἐν
902 1936 1031 2034 Πατρῖ,
1063 1933 1226 2037 καθάπερ
1259 1935 1298 2013 έν

99 2057 192 2164 ήλίιρ
219 2054 262 2136 τό
290 2057 518 2160 ἀπαύγασμα
547 2060 667 2138 αὐτοῦ.
719 2059 811 2137 οὕτω
844 2055 925 2161 γὰρ,
957 2053 1102 2159 Πατρός
1128 2056 1194 2152 μὲν
1222 2058 1299 2137 κατ’

52 2199 86 2260 ¹5
99 2179 272 2280 ἀλήθειαν
292 2179 481 2280 νοουμένου
503 2217 540 2263 τε
559 2184 618 2262 καὶ
636 2181 738 2265 ὄντος
756 2190 820 2261 τοῦ
841 2179 996 2284 Πατρός,
1015 2184 1106 2260 Υὶοῦ
1129 2178 1168 2259 δὲ
1188 2179 1301 2261 πόλιν

99 2303 203 2387 ὄντος
229 2338 268 2384 τε
297 2306 356 2384 καὶ
384 2304 573 2403 νοουμένου
601 2313 666 2385 τοῦ
691 2310 792 2403 Υῖοῦ,
820 2304 1136 2398 συνεισβαίνονπος
1161 2291 1336 2402 δηλαδήᾶ

100 2434 166 2507 τοῦ
192 2428 320 2528 Ἀγίου
354 2429 574 2527 Πνεύματος,
603 2430 622 2506 ὁ
654 2432 718 2527 τῆς
750 2430 854 2530 ἁγίας
882 2427 1036 2533 Τριάδος
1069 2424 1219 2530 ἀριθμός
1252 2432 1301 2512 εἰς

100 2551 188 2649 μίαν
206 2553 265 2630 καὶ
283 2549 349 2650 τὴν
368 2551 480 2650 αι’ντήν
498 2553 680 2647 ἀναβαίνει
699 2550 861 2652 θεότητα.

156 2675 260 2755 Ἐπεὶ
285 2682 363 2758 πῶς
387 2674 432 2755 ἀν
456 2675 551 2760 ὅλως
578 2681 635 2756 καὶ
661 2674 709 2760 εἷς
736 2674 906 2781 ὑπάρχειν
933 2684 1050 2757 νοοῖτο
1075 2675 1178 2775 Θεὸς,
1204 2675 1301 2778 εἴπερ

49 2834 89 2873 20
102 2796 257 2877 ’έκαοτον
288 2805 361 2878 τῶν
392 2801 666 2900 σημαινομένων
697 2800 924 2906 ἀναχωρήσει
960 2799 1026 2898 μέν
1057 2806 1106 2884 εἰς
1143 2799 1301 2899 ἰδιότητα

100 2925 272 3020 παντελῆ,
292 2920 501 3026 ὁλοκλήρως
520 2923 557 3001 δὲ
575 2927 639 3022 τῆς
657 2923 748 3027 πρὸς
763 2923 805 3003 τὸ
828 2921 948 3028 ἕτερον
967 2923 1152 3030 συμφυΐας
1176 2957 1215 3002 τε
1242 2925 1301 3010 καὶ

101 3043 264 3150 σχέσεως
283 3045 476 3130 ούσιῶδους
495 3046 788 3150 ἀπενηνεγμένον,
800 3045 1007 3150 ὀνομάφιιτο
1021 3045 1114 3131 Θεάς
1129 3079 1140 3143 3
1173 3047 1301 3125 οὐκοῦν

103 3166 195 3248 κατὰ
211 3166 278 3267 μέν
296 3169 489 3272 τὸνλόγον
507 3178 570 3250 τοῦ
588 3167 677 3250 εἶναι
698 3169 969 3269 ἱδιοσυστάτως,
987 3173 1046 3250 καὶ
1070 3168 1134 3249 τὸν
1153 3168 1301 3271 Πατέρα

103 3294 160 3370 καὶ
187 3288 252 3372 τὸν
269 3292 360 3371 Υῖὸν
384 3297 441 3375 καὶ
469 3293 511 3374 τό
541 3299 690 3393 Πνεῦμα
718 3291 922 3394 νοήσαιμεν,
951 3295 1014 3374 οὐκ
1041 3294 1300 3395 ἀναμίσγοντες

49 3443 88 3503 25
102 3420 150 3498 είς
174 3413 241 3513 τὴν
259 3413 348 3520 ὅπερ
373 3418 473 3496 ἐστὶν
491 3416 646 3497 ’ἕκαστον
666 3418 779 3515 θέσιν,
797 3417 864 3518 τήν
886 3425 960 3499 τῶν
982 3416 1202 3521 προσώπων,
1221 3415 1330 3515 ήτοια

100 3544 174 3617 τῶν
202 3538 398 3638 ὀνομάτων,
427 3539 614 3646 διαφοράν·
655 3539 757 3619 ἀλλά
788 3550 975 3644 τηροῦντες
1003 3539 1069 3640 μέν
1101 3537 1301 3643 ῖδιαζόντως

101 3659 245 3770 ἑκάστιρ
278 3659 320 3740 τὸ
352 3658 525 3742 εἶναικαὶ
554 3662 726 3765 λέγεσθαι
752 3663 853 3744 τοῦθ’
883 3663 971 3767 ὅπερ
999 3666 1088 3762 ἐστὶ,
1117 3666 1175 3744 καὶ
1207 3664 1301 3743 οὕτω

100 3786 341 3882 πιστεύοντες,
360 3791 409 3869 είς
435 3787 520 3884 μίαν
540 3788 573 3865 δ’
594 3787 657 3866 οὖν
679 3784 775 3884 ὅμως
800 3785 951 3887 θεότητα
976 3792 1140 3891 φυσικῶς
1165 3784 1300 3890 ἀναφέ-

100 3941 223 4011 ροντες
242 3907 344 4010 αὐτὰ,
363 3911 422 3988 καὶ
444 3906 486 3989 τὸ
507 3905 625 4010 πάντη
648 3908 920 4012 διενηνεγμένως
946 3906 1032 3990 εἶναι
1057 3915 1149 3989 νοεῖν
1165 3943 1297 4011 παραι-

47 4031 272 4131 3οτούμενοι,
307 4030 366 4110 διά
398 4031 440 4112 τὸ
477 4031 590 4135 λόγον
622 4035 681 4112 καὶ
718 4034 856 4137 σοφίαν
889 4037 947 4113 καὶ
982 4032 1207 4135 ἀπαύγασμα
1242 4035 1302 4112 καὶ

99 4159 311 4259 χαρακτῆρα
329 4158 388 4236 καὶ
406 4153 556 4255 δύναμιν
573 4164 637 4236 τοῦ
657 4155 803 4259 Πατρός
828 4159 1092 4237 ἀποκαλεῖσθαι
1114 4153 1178 4234 τὸν
1195 4155 1298 4235 Υίόν.

140 4400 163 4437 1.
183 4382 303 4452 ἀληθεύει
317 4383 350 4438 Β.
502 4397 526 4456 7.
544 4383 747 4467 παροδεξὼμεθα
760 4383 795 4438 D.
947 4383 973 4438 8.
991 4382 1128 4454 γεννήματι
1141 4381 1174 4438 Β.
1187 4383 1303 4439 Veccue.

102 4453 207 4524 Migne.
220 4453 360 4525 γεννήμασι
373 4454 426 4508 Ed.
576 4473 603 4528 9.
621 4458 668 4510 τοῦ
680 4472 735 4510 om.
749 4454 852 4524 Migne.
997 4471 1038 4526 13.
1058 4456 1086 4510 έν
1096 4451 1157 4526 alh]
1173 4461 1202 4519 -Ι-
1216 4458 1253 4527 τῷ
1268 4454 1302 4510 Β.

104 4539 146 4595 15.
166 4547 193 4580 τε
207 4535 376 4597 assumptum
389 4543 421 4579 ex
436 4524 543 4581 B.D.E.
687 4539 731 4592 25.
749 4525 795 4593 τήν
807 4522 895 4596 prius]
909 4526 961 4581 πᾶν
974 4524 1008 4580 Β.
