3038 5018
244 295 309 358 212
547 296 587 358 B.
611 294 818 360 CYRILLI
849 293 1138 359 ALEXANDR.
1277 290 1310 353 ii.
1326 305 1446 367 πως.

139 533 390 604 2122Ἒκεῖνοο
417 538 453 603 δὲ
481 539 573 614 ἔλετε
600 541 675 629 περὶ
702 544 759 605 τοῦ
788 544 866 604 ναοῦ
894 543 951 604 τοῦ
979 539 1131 616 σώματος
1158 537 1269 604 αὐτοῦ.
1304 536 1359 602 ὅτε
1387 527 1447 599 οὖν

296 663 416 751 ιἰςὲρθκ
452 664 489 728 ἑκ
525 664 591 731 τῶν
623 664 759 752 νεκρῶν,
788 664 992 741 ὲμνιίοθκοαν
1024 661 1054 729 οἰ
1089 661 1231 740 μαθιιταί
1262 660 1362 725 αὐτοῦ
1394 658 1449 723 ὅτι

294 793 392 854 τοῦτο
427 788 529 868 ἔλεγε,
566 789 619 853 καί
653 789 845 856 ἐπίστευσαν
880 795 920 880 τῇ
957 795 1078 880 τραφῇ,
1113 790 1167 854 καὶ
1202 791 1250 872 τῷ
1281 785 1371 869 κότῳ
1407 784 1449 851 ὃν

296 907 385 978 εἶπεν
412 916 430 982 6
453 914 592 980 Ἰκοοῦι.

302 1105 575 1210 Εὐπαραίδεκτος
594 1114 645 1217 τῷ
664 1115 773 1215 σοφῷ
795 1113 859 1208 τῆς
886 1112 1021 1213 σοφίας
1047 1111 1067 1187 6
1092 1105 1216 1211 λάγος·
1246 1104 1390 1208 ε’νιζιίνει
1409 1101 1483 1186 δέὸ

245 1237 317 1309 τῶν
344 1231 566 1331 μαθημάτων
593 1233 616 1332 ἡ
644 1239 781 1333 γνῶσις
807 1240 881 1316 τοῖς
908 1239 1071 1316 συνετοΐς
1099 1231 1362 1333 εθπετείττερον,
1388 1233 1452 1309 καὶ

245 1352 371 1456 ὥσπερ
400 1356 438 1433 έν
465 1360 563 1462 κηρῷ
594 1354 644 1455 μή
678 1356 762 1435 λίαν
790 1355 1048 1454 ἀπεσκληκότι,
1076 1361 1196 1438 καλῶς
1228 1351 1451 1459 ἐγγράφεται

217 1483 319 1556 ατῶν
340 1477 560 1580 σημάντρων
584 1481 604 1557 6
629 1478 753 1575 τύπος,
778 1480 889 1562 οὕτως
917 1481 955 1556 ε’ν
978 1477 1260 1584 τρυφερωτέραις
1288 1474 1452 1578 καρδίαις

247 1599 447 1703 ἀνθρώπων
476 1603 496 1678 6
526 1607 619 1684 θεῖος
647 1603 796 1699 ἑτοίμως
825 1599 1047 1704 ἐμπήγνυται
1074 1599 1198 1702 λόγος·
1237 1598 1296 1678 διά
1322 1606 1449 1695 τοῦτο,

248 1726 307 1801 καὶ
325 1721 482 1823 πονηρὸς
501 1725 520 1802 6
539 1723 825 1828 σκληροκάρδιος
844 1721 1064 1825 ὀνομάζεται.
1109 1729 1310 1830 σοφοῦνται
1329 1723 1452 1801 τοίνυν
1467 1752 1507 1793 10

247 1849 377 1948 ἀγαθοὶ
402 1842 469 1944 τήν
491 1847 566 1953 ἕξιν
592 1845 690 1931 ὅντες
716 1853 749 1928 οί
774 1851 941 1947 μαθηταί,
965 1853 1021 1927 καί
1049 1846 1133 1931 τοὺς
1160 1845 1232 1927 ἀπὸ
1260 1849 1324 1945 τῆς
1352 1846 1452 1929 θείας

247 1973 391 2074 γραφῆς
417 1972 675 2068 ἀναμασῶνται
698 1968 842 2073 λόγους,
861 1977 908 2054 είς
934 1971 1192 2074 ἀκριβεστέραν
1215 1966 1360 2055 ἑαυτοὺς
1384 1971 1448 2048 ε’κ·

247 2093 439 2200 τρέφοντες
457 2100 606 2196 γνῶσιν,
626 2097 684 2173 καὶ
706 2094 921 2196 πεπηγότως
940 2099 1099 2174 ἐντεῦθεν
1116 2096 1173 2174 ἐπὶ
1198 2090 1241 2173 τὸ
1265 2091 1452 2174 πιστεύειν

247 2216 443 2323 ἐρχόμενοι.
493 2215 613 2315 ἐπειδὴ
642 2220 702 2297 καὶ
730 2215 813 2300 ναὸς
841 2217 1021 2316 ἐπεκλήθη
1053 2217 1095 2295 τὸ
1128 2223 1238 2315 σῶμα
1264 2220 1449 2318 Χριστοῦ,

248 2349 326 2425 πῶς
345 2342 409 2421 οὐκ
428 2338 544 2440 ἀνείη
563 2339 655 2420 κατά
674 2339 788 2445 φύσιν
808 2339 901 2425 Θεὸς
920 2343 940 2419 6
958 2345 1102 2420 ένοικῶν
1121 2341 1216 2447 αὐτῷ
1237 2336 1452 2439 Μονογενής
1470 2372 1508 2433 15

82 2485 141 2540 148
154 2483 194 2538 A·
219 2465 380 2567 οΛόγος,
403 2465 501 2568 ε’ίπερ
530 2465 593 2542 οὐκ
621 2464 798 2568 ἐνδέχεται
826 2471 999 2543 κατοικεῖν
1024 2466 1061 2543 έν
1084 2471 1157 2572 ναῷ
1185 2464 1359 2566 λέγεσθαι
1387 2460 1454 2541 τὸν

249 2589 313 2667 οὐκ
342 2586 428 2666 ὄντα
458 2586 553 2667 Θεόν
565 2619 576 2685 3
611 2585 634 2687 ή
664 2587 801 2688 λεγέτω
829 2588 1023 2692 παρελθών
1050 2622 1104 2672 τις
1130 2593 1178 2671 είς
1206 2587 1330 2685 μέσον,
1355 2585 1455 2670 τίνος

248 2709 336 2792 ποτέ
356 2716 428 2789 τῶν
448 2712 560 2811 ἁγίων
580 2709 663 2794 ναὸς
682 2709 868 2812 ἀνεκλήθη
887 2710 929 2790 τὸ
948 2718 1068 2809 σῶμα·
1101 2711 1185 2789 ἀλλ’
1206 2711 1270 2789 οὐκ
1289 2707 1335 2789 ἀν
1351 2705 1459 2808 οἶμαί

249 2868 302 2917 τις
339 2833 511 2939 ἐπιδεῖξαι
548 2831 590 2911 τὸ
628 2835 822 2935 εἰρημένον·
869 2837 962 2940 φημὶ
1000 2832 1043 2933 δή
1082 2830 1222 2929 λοιπὸν,
1253 2831 1273 2912 6
1311 2831 1354 2932 δὴ
1393 2837 1455 2912 καὶ

251 2957 413 3063 ὑπάρχον
432 2956 632 3060 εὑρήσομεν
650 2957 794 3057 ἀληθές,
812 2960 968 3059 ἀκριβῶς
994 2956 1060 3055 τήν
1080 2958 1177 3037 θείαν
1198 2959 1455 3058 ἀνερευνῶντες
1470 3000 1510 3040 ιο

250 3080 407 3187 γραφήν,
432 3085 479 3165 ὡς
508 3082 622 3160 οὐδενὶ
650 3087 723 3159 τῶν
751 3082 863 3183 ἁγίων
892 3082 913 3180 ἡ
941 3081 1085 3180 τοιαύτη
1113 3083 1323 3184 προσήπται
1349 3078 1453 3181 τιμή.

250 3209 308 3285 καὶ
336 3213 425 3305 γοῦν
448 3206 467 3283 6
495 3204 668 3306 μακάριος
698 3202 920 3302 Βαττιστής,
944 3206 1058 3285 καίτοι
1084 3204 1208 3304 πάσης
1231 3203 1298 3303 μέν
1325 3202 1458 3305 ἀρετῆς

252 3335 300 3411 είς
325 3326 506 3428 ἀκρότητα
531 3326 707 3426 βεβηκὼς,
725 3330 849 3426 μηδενὶ
875 3328 911 3407 δέ
936 3326 1027 3432 πρὸς
1053 3329 1238 3423 εὐσέβειαν
1256 3325 1458 3432 ἐπιτρέψας

219 3451 345 3555 οέχειν
382 3450 425 3529 τὸ
462 3450 590 3554 μεῖζον,
630 3450 688 3530 διὰ
723 3454 788 3549 τῆς
818 3452 986 3553 Ἡρώδου
1023 3453 1149 3550 μανίας
1184 3450 1251 3551 τήν
1287 3448 1459 3556 κεφαλὴν

252 3575 478 3670 ἀπετέμνετο,
506 3576 591 3651 ἀλλ’
622 3573 722 3653 οὐδέν
750 3576 803 3653 ἐπ’
834 3575 929 3681 αὐτῷ
958 3575 1101 3680 φέρεται
1129 3583 1300 3654 τοιοῦτον.
1347 3575 1388 3653 ἐκ
1417 3573 1459 3654 δέ
1473 3602 1510 3663 25

252 3706 324 3778 τῶν
353 3697 530 3796 ἐναντίων,
554 3701 612 3777 καί
640 3699 845 3801 παχυτέραν
872 3700 929 3777 ε’πὶ
957 3705 1022 3776 τοῦ
1051 3695 1228 3803 λειφάνου
1258 3696 1324 3798 τὴν
1352 3696 1460 3804 λέξιν

251 3820 445 3921 ἐπενόησεν
469 3823 489 3901 ὁ
515 3821 786 3922 εὖαγγελιστής,
805 3826 1044 3920 οἰκονομικῶς,
1064 3819 1111 3904 ὥς
1136 3854 1178 3922 γε
1204 3855 1265 3919 μοι
1290 3821 1459 3925 φαίνεται

252 3950 310 4026 καὶ
327 3955 433 4026 τοῦτο
452 3942 571 4044 εἰπὼν,
589 3945 648 4022 ἵνα
671 3942 770 4050 μόνῳ
795 3943 954 4047 σώζηται
978 3949 1030 4049 τῷ
1048 3949 1201 4050 Χριστῷ
1225 3943 1268 4024 τὸ
1294 3943 1456 4051 ἀξίωμα.

270 4163 537 4257 ιΙ-3.ἰῖτε-ἴλεγε]
552 4163 599 4218 ἕως
610 4166 657 4215 τοῦ
671 4163 703 4217 Β.
770 4179 796 4231 3.
816 4158 990 4234 ὃνΒ.ᾦΕφ.
1061 4162 1087 4217 6.
1105 4160 1273 4234 μαθημάτων]
1287 4161 1410 4231 μαθητῶν
1424 4165 1460 4223 Β.

251 4258 457 4305 ευπρεπιστερον
472 4235 504 4287 Β.
586 4234 611 4287 8.
631 4232 801 4303 τρνφοτέραις
814 4233 875 4300 (sic)
890 4232 922 4286 B.
961 4231 1057 4287 Statim
1069 4234 1209 4304 ἀνθρώπων
1222 4234 1335 4303 καρδίαις
1346 4235 1460 4292 inverso

251 4307 344 4361 ordine
359 4306 391 4359 B.
514 4322 553 4359 12.
572 4304 752 4370 ἀναμασὼνται
767 4303 801 4357 D.
815 4303 1015 4369 ἀναμοσσῶνται
1029 4302 1080 4357 Ed.
1202 4322 1242 4371 14.
1261 4303 1363 4375 ἐπειδὴ]
1380 4312 1412 4369 -1-
1429 4308 1461 4362 δὲ

251 4378 463 4499 ςυρταοςιρρῑιιω
478 4376 514 4429 D.
562 4374 690 4442 ἐπεκλήθη
706 4375 737 4426 B.
750 4373 881 4443 ἀπεκλήθη
895 4374 945 4427 Ed.
1077 4391 1119 4429 20.
1138 4375 1318 4445 ἀνερευνῶντες
1332 4375 1369 4428 D.
1382 4377 1460 4447 ἐρευ-

250 4453 342 4503 νῶντες
356 4448 378 4499 E
400 4487 405 4499 .
517 4448 558 4499 26.
577 4445 719 4516 ταχυτέραν
733 4445 768 4499 Ι).
877 4459 919 4514 27.
939 4445 1125 4515 εὐαγγελιστής
1137 4446 1169 4499 Β.
1184 4445 1256 4518 quod
1269 4445 1383 4515 conjecit
1397 4449 1462 4504 Au·

249 4516 351 4575 bertus.
364 4517 509 4586 Βαπτιστής
522 4517 573 4571 Ed.
