3038 5018
100 299 166 369 i.2.
286 302 345 370 IN
375 303 687 372 sdoANNEM.
732 302 827 368 LIB.
851 301 880 368 1.
925 300 1028 366 CAP.
1052 299 1113 365 IV.
1258 298 1304 361 5⁹

99 464 138 544 ἐν
166 464 337 548 συνθέσει
368 466 500 550 λοιπὸν
528 468 552 570 ἡ
585 470 662 550 θεία
693 469 856 576 φαίνεται
890 466 1013 574 φύσις.
1061 463 1163 544 ἀλλὰ
1193 471 1300 544 τοῦτο

98 585 249 670 ἄτοπον·
284 590 380 672 ε’νδέ
404 600 482 678 ταῖς
506 594 642 677 ἁπλαῖς
666 594 815 691 οῦσίαις,
834 589 935 673 οὐδὲν
958 587 1077 696 ἔτερόν
1094 622 1130 669 τι
1153 590 1233 669 ἐστὶ
1256 585 1299 667 τὸ

98 713 182 817 παρ’
201 710 326 799 αύτύς·
360 714 463 796 οῦδὲν
480 715 551 820 ἄρα
576 716 793 798 διακωλύσει
815 715 882 820 τὴν
900 714 1007 819 ἁγίαν
1025 717 1083 796 καὶ
1107 709 1301 813 ύμοούσιον

97 834 240 941 Τριύδα
256 847 447 947 προσεχοῦς
463 844 661 947 συνῆφθαι,
679 848 975 941 μεσολαβοῦντος
993 835 1144 923 οῦδενύς.

64 1065 83 1124 5
522 1059 625 1126 ’Άλλο
648 1065 868 1144 διηγηματικὸς.

147 1207 241 1294 Ὅτε
263 1212 309 1294 τὰ
327 1214 486 1315 ὀνόματα
509 1213 826 1317 προταττπομίνων
843 1220 916 1294 τῶν
934 1213 1077 1316 ἄρθρων
1093 1211 1117 1312 ἡ
1144 1210 1221 1291 θεία
1245 1210 1300 1289 πίε

98 1338 187 1435 θησι
215 1335 353 1445 γραφη,
375 1339 457 1420 τύτε
481 1341 540 1419 καὶ
567 1339 606 1418 ἕν
629 1373 664 1420 τι
687 1339 866 1440 σημαίνει,
888 1336 908 1417 δ
935 1334 1047 1437 μόνον
1068 1337 1147 1416 ἐστὶ
1171 1333 1332 1437 κυρίωςᾶ

98 1459 159 1538 καὶ
181 1461 372 1559 ἀληθινῶς,
393 1462 516 1543 ὁποῖον
534 1458 621 1543 εἶναι
643 1462 799 1564 λέγεται·
835 1461 969 1564 ἄρθρον
987 1458 1024 1539 δὲ
1046 1460 1088 1539 ού
1109 1464 1298 1561 προθεῖσα,

97 1583 332 1687 γενικωτέραν
362 1592 515 1666 ποιεῖται
551 1583 643 1667 κατὰ
674 1584 809 1670 παντὸς
840 1593 905 1664 τοῦ
937 1581 1201 1684 σημαινομένου
1233 1577 1300 1681 τὴν

47 1732 85 1773 10
98 1700 272 1805 δήλωσιν,
292 1705 379 1791 οἷον·
415 1708 494 1815 ἥξει
520 1706 594 1813 γὰρ
621 1709 641 1788 ὁ
669 1708 781 1811 λόγος
807 1709 866 1788 καὶ
889 1708 933 1788 δι’
958 1709 1128 1811 ἐναργοῦς
1152 1705 1297 1786 ἀποδεῖ·

98 1826 199 1936 ξεως·
236 1835 372 1913 πολλοὶ
397 1841 592 1913 καλοῦνται
618 1834 705 1913 θεοί·
744 1829 830 1912 ἀλλ’
850 1829 939 1913 ὅταν
961 1829 1052 1931 μετὰ
1076 1837 1140 1910 τοῦ
1165 1828 1299 1933 ἄρθρου

97 1950 251 2056 λε’γηται
279 1956 327 2035 Ὀ
359 1953 465 2058 θεὸς,
498 1954 561 2039 τὸν
591 1954 704 2058 μόνον
735 1954 822 2036 ὅντα
859 1959 917 2035 καὶ
954 1954 1080 2057 κυρίως
1118 1953 1296 2052 σημαίνει·

98 2075 350 2183 ἁπλούστερον
368 2078 416 2179 δὲ,
435 2083 495 2162 καὶ
519 2080 654 2185 ἄρθρου
678 2081 797 2186 χωρὶς,
816 2078 879 2158 ἕνα
904 2075 1014 2182 τυχὸν
1032 2082 1105 2156 τῶν
1123 2081 1171 2160 είς
1192 2083 1300 2158 τοῦτο

98 2198 191 2280 κατὰ
208 2201 315 2306 χάριν
333 2203 572 2305 κεκλημένων.
611 2207 671 2283 καὶ
692 2201 806 2284 πάλιν
824 2202 1005 2305 ἄνθρωποι
1028 2198 1174 2281 πολλοί·
1213 2197 1297 2279 ἀλλ’

47 2345 83 2406 15
98 2323 159 2404 ὅτε
176 2323 267 2422 μετὰ
290 2335 354 2407 τοῦ
378 2327 513 2432 ἄρθρου
531 2330 649 2433 φησὶν
668 2328 688 2406 ὁ
708 2323 837 2431 Σωτήρ
853 2327 902 2405 ‘O
922 2323 994 2409 υίὸς
1011 2333 1075 2405 τοῦ
1093 2324 1296 2426 ἁνθρύπον,

96 2449 148 2531 ὦς
188 2449 489 2554 ε’κλελοχισμίνον
524 2448 598 2531 ἀπὸ
639 2448 820 2554 μυριάδων
861 2447 987 2530 ἑαυτὸν
1026 2445 1329 2548 κατασημαίνει.ο

95 2576 225 2651 τοῦτον
257 2571 412 2676 ἐχόντων
441 2579 516 2652 τῶν
547 2570 733 2673 ὀνομάτων
764 2569 829 2652 τὸν
860 2571 974 2653 τύπον
1005 2569 1104 2675 παρὰ
1140 2574 1186 2675 τῇ
1222 2568 1299 2677 θείη

96 2698 237 2800 γραφῇ,
255 2701 333 2779 πῶς
351 2695 422 2799 ἄρα
438 2695 614 2800 προσήκει
633 2701 762 2797 νοῆσαι
780 2694 822 2776 τό
844 2695 911 2777 Ἐν
929 2697 1024 2802 ἀρχῇ
1046 2693 1091 2796 ἧν
1108 2696 1129 2773 ὁ
1147 2691 1268 2797 Λόγος
1283 2725 1294 2791 ;

95 2818 127 2896 εί
150 2816 307 2923 μὲνγὰρ
331 2826 402 2905 πᾶς
428 2817 539 2921 λόγος
562 2828 627 2900 τοῦ
649 2824 746 2900 θεοῦ
771 2817 830 2900 διὰ
854 2819 983 2900 τούτου
1008 2819 1231 2918 σημαίνεται,
1250 2819 1299 2901 ὡς

45 2971 82 3013 ²0
96 2940 270 3046 ῦπύρχων
298 2945 336 3022 ἒν
363 2945 468 3049 ἀρχῇ,
493 2943 733 3024 δεικνύτωσαν
760 2943 869 3040 αῦτοὶ,
892 2945 951 3022 καὶ
978 2950 1157 3043 ληροῦμεν
1183 2941 1295 3038 ἡμεῖς·

94 3071 126 3146 εί
146 3065 183 3144 δὲ
201 3062 385 3173 προτάξας
403 3064 445 3146 τὸ
463 3066 598 3171 ἄρθρον
616 3068 637 3146 ὁ
655 3063 925 3168 εύαγγελιστὴς,
944 3067 991 3148 ὡς
1009 3063 1071 3144 ἐ’να
1089 3065 1147 3142 καὶ
1170 3062 1298 3166 κυρίως

94 3185 184 3270 ὄντα
208 3189 385 3289 σημαίνει,
403 3193 501 3284 βοῶν
519 3189 586 3268 Ἐν
604 3191 699 3295 ἀρχῇ
724 3186 768 3288 ἦν
787 3189 807 3267 ὁ
827 3185 960 3290 Λύγος·
990 3188 1028 3267 τί
1048 3184 1165 3287 μάτην
1183 3189 1293 3291 φιλο·

96 3320 276 3393 νεικοῦσιν
304 3308 426 3417 ἕτερον
456 3309 740 3417 ἐπεισφέροντες,
767 3311 826 3391 ἵνα
857 3309 967 3410 μόνον
994 3309 1204 3409 ἐκπέμπωσι
1233 3310 1328 3409 τῆςο
1367 3327 1464 3384 4οΔ.

96 3435 222 3521 ούσίας
239 3443 305 3516 τοῦ
324 3434 470 3539 Πατρὸς
488 3432 552 3516 τὸν
570 3430 683 3531 Υίύν,
714 3436 922 3518 ε’ννοοῦντας
949 3431 986 3513 δὲ
1009 3434 1052 3514 τὸ
1078 3434 1135 3513 ἐπὶ
1161 3432 1298 3517 τούτοις

46 3581 83 3642 ²5
96 3557 235 3640 ἄτοπον
270 3562 523 3662 παραιτεῖσθαι
565 3555 742 3659 προσήκει
783 3556 849 3658 τὴν
888 3563 962 3638 τῶν
998 3555 1298 3664 ἑτεροδοξούντων

96 3681 286 3778 ἀβουλίαν.

108 3875 221 3955 Ἄλλο,
237 3875 372 3941 δεικνύον
386 3875 488 3957 ὅτιπερ
502 3874 538 3939 οῦ
554 3878 628 3940 κατὰ
641 3875 694 3941 τὸν
709 3873 879 3941 ἐνδιάθετον
893 3877 998 3958 λόγον,
1014 3873 1053 3943 ιδς
1068 3876 1177 3939 ἐκεῖνοί
1189 3881 1278 3954 φασι,

250 3989 416 4068 μορφοῦται
430 3987 447 4049 ὁ
462 3984 544 4062 Ύίδς,
560 3985 630 4050 ἄλλ’
647 3986 734 4051 είκιύν
748 3986 830 4052 ἐστιν
843 3986 932 4050 αὐτοῦ
946 3990 998 4050 τοῦ
1014 3985 1142 4066 Πατρός.

154 4141 201 4218 El
219 4136 278 4219 διὰ
299 4146 405 4220 τοῦτο
424 4138 546 4242 Λύγος
571 4140 654 4221 ἐστί
674 4173 714 4220 τε
738 4144 796 4221 καὶ
821 4137 1028 4243 ὀνομάζεται
1053 4137 1128 4218 κατ’
1147 4137 1297 4222 ἐκεύυυν

135 4340 160 4379 π.
178 4347 204 4379 τι
215 4333 383 4397 assumptum
397 4343 429 4381 ex
443 4325 475 4381 E.
487 4324 528 4380 ἔτι
545 4348 575 4381 ον
585 4326 644 4382 ἔστι
656 4324 743 4396 ἕτερον
755 4324 864 4413 (ιὶο)’Β.
966 4337 990 4396 7.
1009 4323 1037 4378 ἔν
1047 4321 1127 4448 τιηέν
1137 4323 1173 4395 τᾷ
1186 4321 1249 4392 (οἱς)
1261 4323 1295 4378 E.

96 4395 112 4448 δ
125 4397 205 4465 μόνον
216 4396 274 4452 ς’στί
286 4398 376 4466 κυρίως
389 4396 503 4452 Veccun.
562 4398 614 4463 ,οῦ
623 4397 701 4466 μόνος
712 4397 786 4452 ἔσται
799 4417 884 4466 κυριος
898 4394 932 4450 Β.
1094 4434 1103 4450 ,
1121 4393 1250 4463 προθεῖσα
1262 4392 1296 4448 Β.

96 4467 248 4536 προσθεῖσα
259 4465 311 4520 Ed.
324 4466 467 4537 conjicient
480 4474 570 4522 tamen
581 4467 610 4522 id
622 4465 696 4538 quod
708 4465 741 4521 Β.
965 4464 1006 4522 16.
1024 4463 1248 4537 ε’κλελυχισμύνονν
1259 4463 1296 4519 Ι).

97 4551 142 4607 23.
161 4535 325 4608 ἐκπέμπωσι]
338 4537 490 4608 ίκτεμουσιν
502 4537 535 4593 Β.
547 4535 722 4609 ι’κπίμπουσιν
735 4535 758 4590 Β
770 4552 904 4608 suprascr.

672 4637 721 4685 12
