3038 5018
81 287 191 373 vi.46.
264 292 321 357 IN
350 290 385 358 S.
408 289 664 356 JOANNEM.
709 288 806 354 LIB.
829 286 890 353 IV.
935 285 1092 352 cAP.1.
1216 285 1284 348 511’

81 461 220 564 χαλινῷ
244 457 443 561 περιτρέπει
468 456 559 560 πρὸς
583 453 626 537 τῦ
648 459 777 560 χρῆναι
802 452 853 554 μὴ
876 459 1029 558 παχεῖαν
1045 452 1137 556 ἔχειν
1156 450 1213 530 ε’πῖ
1232 453 1284 556 τῷ

83 584 166 688 Θεῷ
189 579 255 680 τὴν
280 579 466 688 διάληψιν,
486 581 574 683 μηδὲ
600 580 732 685 ὁρατὴν
754 578 908 658 ἔσεσθαί
928 611 1015 656 ποτε
1041 574 1107 674 τὴν
1129 570 1285 676 ἀόρατον

83 702 220 784 οἴεσθαι
248 703 374 811 φύσιν·
405 706 517 790 οὐδεὶς
543 704 613 808 γὰρ
641 703 797 801 πώποτε,
820 704 926 807 φησὶ,
944 698 1106 780 τεθέαται
1131 698 1183 777 τόν
1203 713 1283 775 Πα-

83 826 169 931 τέρα.
202 827 291 908 ἔοικε
310 827 348 908 δέ
365 827 478 909 πάλιν
497 831 556 909 καὶ
574 826 682 907 αὐτὸν
701 825 970 908 ὑπαινῖττεσθαι
988 820 1052 903 τῦν
1070 818 1286 928 ἱεροφάντην

51 950 260 1031 5Μωνσέα.
310 949 424 1060 ᾤοντο
453 951 518 1049 μέν
548 950 619 1053 γὰρ
648 949 807 1050 ἀνοήτως
839 947 883 1049 δὴ
914 946 1062 1055 σφόδρα
1092 949 1151 1025 καῖ
1179 947 1321 1025 τοῦτοᾶ

84 1080 297 1178 φρονοῦντες
325 1079 358 1155 οῖ
384 1076 559 1173 Ἰουδαῖοι,
579 1074 637 1154 διὰ
662 1071 704 1154 τῦ
730 1078 908 1153 εἰσελθεῖν
929 1077 1011 1156 “εῖς
1038 1067 1101 1151 τὸν
1123 1068 1284 1176 γνόφον”
1329 1071 1427 1189 ἐξῇ.

84 1196 203 1296 αῦτδν,
222 1204 414 1279 τεθεᾶσθαι
436 1198 502 1299 τὴν
520 1199 675 1304 ἀῤῥητον
693 1204 757 1277 τοῦ
775 1202 870 1277 Θεοῦ
896 1195 1020 1303 φύσιν,
1040 1196 1098 1275 καὶ
1123 1198 1198 1277 τοῖς
1222 1200 1286 1272 τοῦ

86 1320 254 1421 σώματος
288 1324 494 1429 ὀφθαλμοῖς
531 1325 695 1420 κατιδεῖν,
728 1320 816 1423 όνπερ
851 1321 929 1399 ἐστὶ
967 1315 1060 1398 κατά
1097 1316 1213 1422 φύσιν
1244 1315 1287 1396 τὸ

86 1447 265 1549 ἀκήρατον
283 1445 433 1531 κάλλος.
466 1449 551 1527 ἀλλ’
571 1447 630 1527 ἵνα
650 1444 701 1546 μή
726 1480 761 1525 τι
786 1440 1006 1547 γνμνότερον
1023 1441 1143 1542 λέγων
1160 1442 1218 1521 έπῖ
1237 1446 1289 1547 τηῖ

34 1571 268 1679 ιοπανσόφῳ
289 1578 452 1668 Μωυσεῖ,
472 1576 560 1675 δοκῇ
583 1604 662 1653 πως
687 1566 815 1653 αὐτοῦς
840 1570 897 1648 ἐπὶ
923 1564 965 1647 τδ
991 1565 1146 1665 σύνηθες
1169 1597 1284 1666 παρο-

87 1693 224 1796 τρύνειν
243 1693 391 1798 θράσος,
410 1694 624 1797 ἀδιορίστως
645 1727 684 1772 τε
710 1689 786 1792 ἅμα
811 1689 902 1771 κατὰ
926 1690 1073 1771 πάντων
1091 1693 1150 1768 καὶ
1168 1690 1215 1770 ὦς
1234 1684 1287 1767 ἐπ’

87 1818 206 1925 ἐκείνῳ
226 1819 342 1924 φησίν
360 1824 444 1916 Οὐχ
461 1817 509 1897 ’ότι
528 1817 580 1898 τδν
600 1814 736 1921 Πατέρα
756 1812 885 1924 ἑώρακέ
896 1850 961 1900 τις.
1000 1812 1051 1913 μὴ
1076 1811 1148 1915 γὰρ
1174 1810 1219 1911 δὴ
1244 1809 1291 1891 τά

89 1939 177 2042 ι’πέρ
195 1939 260 2040 τὴν
279 1940 393 2048 φῦσιν
411 1943 601 2038 ἀπαιτεῖτε,
619 1943 726 2045 φησὶ,
744 1937 832 2038 μηδὲ
852 1943 899 2021 εῖς
922 1934 963 2017 τὸ
981 1943 1074 2017 πᾶσι
1093 1943 1167 2020 τοῖς
1183 1967 1319 2037 ssya-e

89 2061 192 2143 νόσιν
214 2065 417 2165 ἀνέμβατον
438 2061 661 2166 παραλόγοις
690 2063 845 2170 φέρεσθε
872 2068 950 2145 ταῖς
977 2062 1115 2165 ὁρμαῖς.
1154 2058 1292 2161 ἀπέδρα

36 2214 76 2277 15
88 2220 127 2265 τε
155 2185 227 2291 γὰρ
254 2191 313 2268 καὶ
340 2184 556 2288 διαλέληθεν
579 2188 602 2287 ἡ
631 2187 708 2267 θεία
736 2190 794 2265 καὶ
822 2184 1051 2289 ἀπερινόητος
1080 2182 1202 2291 φύσις,
1225 2183 1292 2287 οῦχ

89 2309 187 2394 ὅπως
214 2310 297 2397 τοῦς
324 2314 362 2391 ἐν
388 2312 471 2411 ἡμῖν
493 2307 706 2418 ὀφθαλμοὺς
733 2307 839 2394 ὄντας
867 2307 1008 2409 μόνους,
1031 2309 1116 2387 ἀλλ’
1136 2305 1205 2406 ἤδη
1234 2311 1293 2386 καὶ

90 2431 173 2518 τοῦς
205 2433 351 2536 ἀπάσης
383 2439 447 2535 τῆς
479 2434 640 2519 κτίσεως·
686 2434 725 2513 ἐν
752 2432 824 2537 γὰρ
851 2436 903 2541 τηῖ
930 2432 1069 2529 Οῦδεῖς,
1097 2429 1143 2511 τά
1174 2427 1294 2511 πάντα

90 2559 396 2663 περισχοινίζεται,
424 2554 549 2640 ἑαυτὸν
574 2556 612 2639 δὲ
640 2558 699 2639 καῖ
727 2555 838 2657 μόνον
862 2553 955 2636 εἶναί
978 2590 1017 2636 τε
1045 2557 1084 2635 ἐκ
1112 2559 1208 2634 Θεοῦ
1237 2552 1295 2633 καῖ

92 2686 284 2762 τεθεᾶσθαι
316 2680 381 2763 τὸν
410 2683 559 2787 Πατέρα
590 2678 836 2787 διοριζόμενος,
871 2679 941 2786 ἔξω
973 2680 1096 2780 τίθησι
1129 2675 1322 2779 δηλονότι·

38 2841 80 2883 20
93 2810 166 2884 τῶν
191 2804 349 2902 πάντων,
377 2805 463 2886 καθ’
492 2803 544 2884 ὧν
571 2803 616 2884 ἂν
643 2812 760 2887 νοοῖτο
792 2801 835 2883 τό
867 2804 995 2887 Οὐδεὶς
1027 2804 1292 2909 ἀποφαντικοῖς·

93 2927 211 3028 ἐπειδὴ
230 2928 267 3009 δὲ
286 2927 357 3034 ἔξω
375 2925 521 3009 πάντων
539 2929 630 3026 ε’στῖ,
648 2932 708 3007 καὶ
730 2924 871 3011 οὐδενὸς
895 2926 1049 3028 ὁρῶντος
1065 2925 1118 3005 τὶν
1137 2923 1293 3032 Πατέρα,

36 3092 41 3103 «
92 3047 202 3150 μόνος
226 3049 332 3135 αῦτδς
355 3058 420 3132 τοῦ
442 3049 593 3146 βλέπειν
611 3052 678 3155 οῦχ
701 3047 905 3153 ἁμαρτάνει,
924 3055 1001 3132 πῶς
1026 3048 1089 3127 οῦκ
1116 3043 1161 3126 ἀν
1180 3053 1326 3128 νοοῖτοο
1345 3063 1464 3124 84ss

94 3172 223 3254 λοιπὸν
246 3175 310 3255 οῦκ
337 3177 375 3255 έν
396 3182 471 3260 τοῖς
498 3181 612 3255 πᾶσιν
636 3171 817 3278 ὑπάρχων,
841 3173 891 3255 ὡς
915 3170 963 3255 εἶς
990 3170 1034 3277 ἐξ
1059 3170 1186 3267 αὐτῶν,
1209 3171 1294 3249 ἀλλ’

94 3296 165 3404 ἔξω
197 3304 270 3378 τῶν
302 3297 459 3396 πάντων,
492 3300 539 3383 ὡς
572 3295 662 3400 ῦττέρ
692 3294 838 3394 πάντας
881 3295 940 3375 καῖ
971 3297 1001 3372 εἰ
1031 3290 1178 3373 πάντων
1209 3289 1297 3372 εῖναι

40 3443 81 3506 ²5
95 3421 300 3524 λεγομένων
317 3420 417 3525 παρὰ
435 3429 499 3502 τοῦ
516 3425 625 3519 Θεοῦ,
640 3422 699 3499 καὶ
716 3416 866 3520 μηδενδς
885 3418 1040 3521 δρῶντος
1058 3415 1122 3496 τὸν
1134 3415 1293 3519 Πατέρα·

96 3538 1319 3593 ιςκκιοηηοοκκκιι,

136 3580 183 3626 τα
201 3579 272 3650 γαρ
289 3579 410 3627 παντα
428 3580 466 3624 εκ
484 3577 547 3623 του
566 3548 663 3623 Θεου
707 3576 800 3623 κατα
816 3574 882 3641 την
900 3574 964 3620 τον
985 3545 1137 3620 Πανλου
1156 3546 1295 3647 φωνην·
1341 3553 1424 3670 302³:-

37 3732 39 3737 .
66 3694 70 3698 “
95 3669 203 3771 μόνος
226 3672 331 3757 αὐτὸς
357 3677 483 3774 θεωρεῖ
501 3672 553 3751 τὶν
573 3669 714 3779 Πατέρα
739 3666 798 3749 διά
821 3665 863 3749 τῦ
888 3666 1061 3773 ῦπόρχειν
1080 3664 1179 3774 παρῖι
1199 3669 1302 3773 Θεοῦ,

97 3794 139 3876 τό
164 3793 262 3904 παρῖι
285 3797 342 3876 τοῦ
365 3796 451 3874 Θεοῦ
480 3789 677 3900 ληψόμεθα
704 3799 865 3876 νοοῦντες
893 3793 1018 3894 ὀρθῶς,
1042 3791 1095 3871 ἐπ’
1116 3790 1225 3869 αῦτοῦ
1253 3787 1298 3888 δὴ

97 3921 156 4000 καὶ
172 3917 283 4017 μόνον
300 3915 343 3998 τῦ
364 3919 404 3997 ε’κ
429 3921 492 4018 τῆς
518 3917 644 4001 οῦσίας
660 3924 724 3997 τοῦ
744 3913 902 4020 Πατρός.
942 3919 973 3994 εὶ
998 3911 1069 4018 γὰρ
1094 3911 1145 4014 μὴ
1170 3921 1299 3993 τοῦτον

43 4086 85 4145 30
98 4043 170 4148 ἔχει
196 4042 261 4122 τὸν
288 4040 434 4147 τρόπον,
455 4040 540 4121 ὅταν
568 4040 613 4142 δὴ
640 4040 756 4146 χάριν,
783 4038 942 4143 καθάπερ
969 4038 1038 4138 ἤδη
1064 4037 1295 4141 προείπομεν,

138 4262 162 4300 1.
180 4248 217 4317 τῷ
229 4262 283 4299 om.
299 4244 332 4298 B.
451 4261 477 4300 2.
495 4244 606 4316 ἀόρατον
619 4245 653 4299 Β.
665 4241 773 4299 ἀθέατον
785 4241 838 4297 Ed.
954 4239 980 4294 6.
998 4240 1023 4294 οῖ
1035 4248 1204 4310 assumptum
1216 4256 1249 4294 ex
1264 4238 1297 4292 Β.

100 4335 126 4387 9.
144 4317 301 4386 γνμνότερόν
313 4336 337 4369 τι
349 4315 455 4369 inverso
468 4315 560 4370 ordine
574 4315 607 4370 Β.
728 4330 768 4367 11.
787 4314 885 4382 θράσος
899 4311 932 4365 Β.
944 4311 1028 4367 πάθος
1040 4308 1091 4365 Ed.
1212 4325 1253 4363 12.
1272 4330 1298 4364 τι

100 4406 149 4470 pro
161 4387 192 4455 δὴ
206 4387 240 4441 Β.
393 4402 436 4440 20.
454 4385 490 4440 ἀπ
546 4392 635 4443 ντικῶς
647 4385 680 4440 Β.
693 4383 859 4454 ἀποφατικῶς
872 4381 922 4437 Ed.
1073 4396 1117 4434 αι.
1134 4380 1237 4435 πάντων
1248 4381 1299 4451 ἔξω

99 4475 206 4512 ιανοτοο
218 4456 311 4511 ordine
325 4455 358 4510 Β.
428 4473 471 4523 24.
490 4389 582 4529 2¹3⁶&
596 4457 629 4511 Β.
701 4469 743 4525 27,
758 4454 800 4508 28.
819 4456 864 4509 τὸν
876 4451 981 4522 Πατέρα
992 4451 1035 4505 διὰ
1047 4452 1077 4505 τὸ
1089 4451 1215 4523 ὑπάρχειν
1226 4451 1296 4523 παρὰ

101 4531 169 4582 θεοῦ
181 4538 208 4583 ει
219 4531 266 4582 τοῦ
277 4534 417 4598 assumpta
427 4544 459 4581 ex
474 4526 506 4581 B.
