3038 5018
91 306 187 387 v.46.
272 307 331 372 IN
361 306 671 373 S.JOANNEM.
717 304 903 371 LIB.III.
949 306 1113 373 CARII.
1231 306 1296 370 389

93 477 280 574 γορεῖσθαι
303 482 473 573 πεσοῦσι,
492 473 559 554 κᾶν
577 475 600 574 ἡ
619 481 683 554 τοῦ
707 471 887 577 κρίνοντος
911 470 1057 579 ἀργήσῃ
1075 470 1189 580 φωνὴ,
1208 505 1293 552 του·

93 595 197 676 τέιττι
214 600 390 698 Χριστοῦ.

157 824 193 895 Εἰ
219 828 279 918 ςάρ
306 828 492 896 ἐπιστεύετε
518 825 664 911 Μωυσεῖ,
691 830 877 896 ἐπιστεύετε
904 830 944 896 ἂν
970 829 1052 908 ἐμοί·
1083 829 1157 920 περὶ
1185 830 1244 919 τὰρ
1310 755 1469 907 ῖοῖω.

488 956 568 1032 ἐμοῦ
595 951 721 1021 ἐκεῖνος
747 955 898 1045 ἔγραψεν.

63 1141 81 1202 5
149 1117 246 1198 Ὓπῖι
277 1126 342 1199 τοῦ
374 1116 569 1225 πανσόφου
598 1117 788 1202 Μωυσέως
820 1117 1182 1220 κατηγορηθήσεσθαι
1214 1117 1298 1204 τοῦς

97 1243 285 1327 Ἰουδαίους
311 1240 431 1339 είπῶν,
451 1248 509 1321 καὶ
527 1241 593 1340 τήν
610 1243 668 1322 ἐπὶ
689 1248 769 1325 ταῖς
793 1246 841 1326 είς
866 1242 975 1322 αὐτὸν
992 1245 1182 1328 ἀπειθείαις
1205 1245 1294 1324 ῦπο·

98 1372 212 1464 μεῖναι
239 1365 396 1471 γραφὴν,
415 1364 573 1472 ἐπιφέρει
600 1367 799 1446 καὶταῦτα
826 1365 1013 1470 χρησίμως
1039 1365 1082 1446 τὸ
1109 1364 1160 1466 μὴ
1181 1364 1299 1466 μα’την

98 1490 216 1573 αῦτοῖς
243 1492 445 1596 ἐπισκήψω
474 1486 669 1588 διδάσκων,
696 1487 719 1590 ἢ
748 1494 806 1569 καὶ
835 1493 882 1573 ῶς
912 1488 1038 1574 ἄλλως
1067 1488 1136 1589 τήν
1163 1492 1221 1571 ἐπὶ
1246 1489 1299 1598 τηῖ

99 1617 340 1716 λοιδορεῖσθαι
369 1620 490 1718 φιλεῖν
517 1610 705 1718 ὑπόληψιν
728 1613 1018 1717 παραιτούμενος·
1047 1620 1198 1719 πρᾶγμα
1226 1611 1299 1718 γὰρ

47 1769 86 1810 ιο
101 1733 218 1837 λέγων
247 1738 289 1815 οῦ
317 1736 576 1843 διεψευσμένον
605 1738 741 1839 δρᾶται·
765 1734 897 1818 Ἔστω
925 1739 1055 1835 τοίνυν,
1084 1740 1190 1844 φησὶ,
1217 1735 1334 1823 reheb

100 1857 205 1956 ε’μοῦς
232 1860 286 1941 ὅτι
312 1862 585 1964 παρακρούεσθε
613 1859 757 1962 λόγους,
776 1859 986 1964 καρτερήσει
1009 1864 1068 1941 καὶ
1090 1859 1301 1962 ἀπειθοιίμε-

102 2010 170 2067 νος·
200 1984 445 2090 καταδέξασθε
465 1985 631 2065 Μωυσέα
655 1983 719 2064 τὸν
737 1987 884 2065 ἑαυτῶν
917 1984 996 2065 δότε
1021 1991 1073 2091 τηῖ
1097 1987 1181 2088 παρ’
1203 1986 1301 2079 ῦμῶν

101 2106 355 2216 θαυμαζομένῳ
392 2104 459 2205 τὴν
490 2107 626 2205 πίστιν,
658 2109 718 2187 καί
753 2108 942 2210 γνώσεσθε
978 2106 1131 2205 πάντως,
1165 2106 1206 2187 δν
1238 2109 1304 2187 οῦκ

102 2228 230 2314 είδότες
260 2230 452 2335 ἀτιμάζετε·
481 2229 705 2337 ἀναῤῥήξατε
733 2230 816 2314 τοῦς
850 2229 982 2317 τύπους
1011 2232 1200 2315 ῶδίνοντας
1236 2229 1302 2329 τὴν

50 2387 89 2447 15
102 2351 286 2453 ἀλήθειαν.
327 2353 398 2456 ἐγὼ
417 2354 487 2458 γὰρ
505 2357 543 2434 έν
560 2362 634 2438 τοῖς
658 2355 790 2434 ἐκείνου
809 2360 1104 2461 σκιαγραφοῦμαι
1128 2355 1299 2451 βιβλίοις.

104 2479 231 2558 οῦκοῦν
249 2480 305 2557 καῖ
327 2476 432 2561 αὐτὸς
450 2480 548 2576 ὑμῶν
566 2475 816 2579 κατηγορήσει,
836 2481 960 2585 φησὶν,
980 2479 1000 2556 ὁ
1020 2481 1196 2577 Μωυσῆς,
1215 2476 1302 2558 ὅταν

105 2603 338 2684 ἀπειθοῦντας
357 2601 414 2706 ἴδῃ
433 2608 506 2684 τοῖς
523 2603 604 2702 περὶ
622 2603 708 2699 ἐμοῦ
726 2601 1024 2705 συγγράμμασιν.
1319 2630 1337 2673 0

154 2723 256 2805 Ἔδει
285 2724 352 2822 μὲν
379 2725 441 2804 οὖν
468 2724 557 2808 ἴσως
589 2725 682 2824 ἡμᾶς
714 2730 773 2804 καὶ
807 2723 870 2805 τὸν
896 2728 934 2805 ἐν
959 2733 1033 2809 τοῖς
1063 2724 1304 2826 προκειμένοις

106 2846 427 2952 διερμηνεύσαντας
460 2856 553 2945 νοῦν,
579 2847 665 2927 ἰέναι
692 2849 805 2930 πάλιν
832 2852 888 2930 ε’πῖ
921 2849 967 2928 τὰ
995 2849 1137 2955 ἐφεξῆς,
1162 2847 1301 2951 ἐπιτρέ-

50 3012 91 3052 20
106 2978 249 3078 ψαντας
277 2979 349 3056 τοῖς
378 2970 488 3056 ὅντως
516 2971 760 3077 ψιλομαθέσιν
784 2969 963 3073 ἀναζητεῖν
987 2971 1050 3055 τὰς
1076 2974 1134 3052 ἐπὶ
1152 2975 1305 3076 Χριστῷ

107 3095 166 3176 διὰ
191 3095 380 3179 Μωυσέως
411 3092 559 3178 εἰκόνας.
599 3093 723 3197 πλήρη
750 3092 915 3197 μὲνγὰρ
942 3100 1015 3172 τῶν
1043 3093 1233 3195 εἰρημένων
1259 3091 1305 3172 τοῖ

107 3222 238 3300 ἐκείνου
269 3216 553 3322 συγγράμματα,
588 3221 647 3298 καὶ
682 3218 797 3302 πολῦς
830 3220 850 3297 ὁ
884 3215 993 3318 λόγος
1027 3219 1047 3296 ό
1077 3216 1162 3318 παρ’
1196 3218 1303 3323 αὐτῷ·

108 3344 314 3447 δυσχερείας
339 3341 373 3422 δ’
394 3343 457 3421 οῦν
479 3340 575 3441 ὅμως
598 3345 662 3441 τῆς
687 3347 734 3426 είς
758 3339 800 3421 τὸ
819 3343 976 3421 συνιέναι
1000 3338 1144 3438 μεστός,
1163 3346 1306 3420 λεπτῶν

109 3466 147 3546 δέ
172 3464 318 3572 σφόδρα
343 3469 400 3545 καῖ
428 3465 671 3566 κεκρυμμένων
690 3462 927 3567 θεωρημάτων
945 3463 1144 3550 ἀνάπλεως.
1185 3465 1243 3544 ἵνα
1268 3465 1307 3545 δέ

54 3626 94 3687 ²5
109 3587 158 3690 μὴ
178 3592 336 3688 δοκῶμεν
353 3589 445 3696 ὄκνῳ
464 3588 530 3687 μὲν
547 3588 590 3670 τὸ
613 3596 753 3694 κρατεῖν
772 3588 973 3695 ἐπιτρέψω,
994 3592 1125 3690 ῖδρῶτα
1150 3588 1188 3667 δὲ
1213 3591 1341 3670 οὕτωδ

108 3714 172 3794 τὸν
189 3712 414 3820 ῶξιάγαστον
431 3716 494 3792 οῦκ
508 3713 666 3815 εὐλόγως
684 3713 912 3810 υῖναδιίεσθαι,
926 3713 1160 3815 περιτιθέντες
1179 3713 1305 3795 ἁπλῶς

108 3845 181 3924 τοῖς
201 3843 435 3921 Μωυσαῖκοῖς
459 3833 724 3939 συγγράμμασι
751 3836 818 3935 τὴν
838 3838 1057 3942 δυσχέρειαν,
1077 3832 1219 3919 ἐαυτοῦς
1247 3838 1306 3914 καὶ

108 3961 198 4065 πρὸς
231 3969 337 4041 τοῦτο
369 3958 584 4061 καθήσομεν,
618 3957 661 4039 τῖι
696 3961 943 4064 γεγραμμένον
976 3957 1104 4042 εἰδότες
1133 3968 1155 4004 “
1172 3957 1305 4059 Κύριος
1350 3974 1471 4091 ξ’ξῑΜ

1088 4116 1122 4157 δια

147 4187 170 4224 1.
189 4168 322 4241 τουτέστι]
339 4176 367 4234 -Ι-
382 4173 429 4224 τοῦ
442 4170 475 4226 Β.
581 4169 607 4223 8.
626 4171 660 4226 ὣς
672 4179 841 4241 assumptum
853 4188 885 4224 ex
899 4169 931 4223 B.
1036 4185 1061 4238 9.
1081 4168 1258 4235 λοιδορεῖσθαι
1272 4167 1305 4223 Β.

113 4258 153 4296 11.
173 4242 215 4295 καὶ
227 4259 280 4295 om.
292 4239 324 4294 B.
505 4257 545 4309 13.
563 4242 664 4297 πάντως
678 4240 709 4293 Β.
723 4242 814 4296 πάντες
824 4240 874 4293 Ed.
1064 4255 1104 4305 14.
1124 4238 1256 4293 ῶδίνοντες
1269 4237 1305 4293 D.

114 4328 154 4378 15.
174 4313 386 4382 σκιαγραφοῦμαι
400 4311 432 4364 Β.
446 4310 685 4381 σκιαγραψοῦμενος
697 4309 748 4364 Ed.
858 4311 897 4363 18.
917 4308 1024 4363 οῦνοιιι.
1037 4308 1068 4363 Β.
1177 4325 1217 4380 19.
1237 4308 1306 4378 διερ-

111 4381 281 4450 μηνεόσαντες
294 4383 329 4436 D.
379 4381 572 4453 ε’πιγρῦψαιπας
586 4382 621 4435 Ι).
710 4397 752 4434 21.
770 4383 823 4435 τοῖς
835 4379 974 4449 εἰρημένοις
990 4380 1020 4434 Β.
1058 4379 1307 4434 ὃῑαῑῖῐιιτδέκείνου

111 4470 165 4506 om.
177 4452 209 4505 B.
283 4469 324 4506 22.
343 4451 401 4522 παρ’
415 4453 482 4525 αὐτῷ
497 4453 531 4506 D.
543 4453 602 4522 περὶ
615 4452 798 4523 at'm‘ovag.
811 4452 901 4505 etv.l.
914 4450 941 4504 in
956 4449 1006 4504 Ed.
1020 4468 1076 4521 mg.
1088 4449 1149 4519 παρ’
1162 4447 1306 4506 αῦτῶνΕῶ.

113 4539 155 4594 25.
174 4525 204 4576 τὸ
217 4523 288 4576 Β.Ι).
300 4527 336 4594 τῷ
349 4523 401 4578 Ed.
