3038 5018
251 285 316 346 378
554 286 593 349 Β.
618 285 825 350 CYRILLI
855 287 1143 351 ALEXANDR.
1284 306 1315 346 v.
1329 300 1383 369 37,
1397 281 1450 368 38.

85 464 200 518 250A.
222 447 343 528 a5aov
360 450 444 550 ἧκεν
465 457 512 535 είς
538 449 603 552 τὴν
621 454 759 532 ἐκείνων
778 457 907 558 ψῆφον
929 452 1144 554 παραλύσας
1169 450 1235 550 τὴν
1256 459 1320 529 τοῦ
1345 457 1445 538 σαβ·

251 569 366 667 βάτου
393 574 554 677 τιμὴυ,ἢ
584 576 732 657 καὶτὸν
760 576 868 676 νόμον
894 581 942 661 ὡς
970 577 1029 656 διὰ
1057 574 1184 655 τούτου
1213 573 1255 674 δὴ
1284 571 1452 672 μάλιστα

252 700 525 800 παραβεβηκὼς,
545 704 603 780 καὶ
627 701 855 783 ἀπεστάλθαι
882 700 982 803 παρὰ
1006 709 1071 780 τοῦ
1094 707 1191 780 Θεοῦ
1218 703 1276 777 καὶ
1302 696 1450 799 Πατρός

251 826 310 901 καὶ
343 826 426 903 λίαν
458 824 607 909 εὐτόνως
640 826 885 929 διισχυρίζετο,
917 830 975 906 καὶ
1007 826 1157 927 προσέτι
1190 827 1450 925 μαρτυρεῖσθαι

249 949 334 1050 παρ’
354 949 472 1046 σι’ποῦ,
492 952 549 1029 καὶ
574 949 852 1048 συνευδοκήσειν
875 951 931 1055 ἐφ’
951 947 1090 1031 ἅπασιν
1114 949 1244 1049 οἷσπερ
1269 944 1313 1025 ἂν
1335 942 1445 1048 ἑργά·
1464 979 1484 1039 5

250 1104 369 1169 σοιτο,
384 1071 540 1152 διελάλει
558 1079 700 1178 σαφῶς.
728 1073 819 1176 πρὸς
839 1083 951 1154 ταῦτα
969 1075 1061 1153 κατά
1079 1108 1120 1176 γε
1139 1071 1181 1152 τὸ
1200 1075 1237 1150 ἐν
1256 1075 1450 1170 λογισμοῖς

248 1195 410 1294 πιθανὸν,
441 1201 706 1296 διενθυμοῦνται
735 1197 848 1278 πάλιν
880 1203 912 1277 οἱ
948 1204 1140 1300 Φαρισαῖοι
1173 1196 1254 1276 καθ’
1286 1191 1447 1292 ἑαυτοῦς,

247 1317 310 1398 ἅτε
329 1317 373 1418 δὴ
394 1328 468 1405 τοῖς
493 1329 648 1422 νομικοῖς
673 1324 970 1424 προσεδρεύοντες
994 1321 1218 1425 γράμμασιν,
1239 1320 1296 1398 άεί
1317 1353 1356 1398 τε
1381 1317 1449 1402 τὰς

248 1442 306 1522 διὰ
339 1447 526 1529 Μωυσέως
555 1445 702 1531 ε’ντολόις
735 1447 990 1551 προϊσχόμενοι
1023 1451 1081 1524 καὶ
1114 1442 1345 1546 ἀνεγνωκέναι
1378 1443 1444 1521 λε’-

214 1595 373 1669 ηγοντες
390 1570 457 1654 Τίς
474 1572 494 1650 ό
511 1570 612 1673 παρὰ
628 1569 756 1650 τοῦτου
775 1572 893 1672 λόγος·
922 1576 999 1655 πῶς
1019 1570 1056 1650 δὲ
1075 1572 1171 1677 αὐτῷ
1188 1564 1450 1666 συνευδοκήσει
1467 1608 1504 1646 ιο

247 1692 469 1793 παραλῦοντι
494 1693 559 1774 τὸν
577 1693 725 1792 νόμονὸ
748 1694 841 1779 Θεὸς
866 1695 925 1774 καὶ
945 1693 1098 1796 Πατήρ,
1129 1691 1216 1773 πότε
1241 1691 1279 1772 δὲ
1303 1725 1444 1793 μεμοιρ-

246 1817 447 1919 τύρηκεν,ἢ
472 1820 551 1898 τίνα
577 1823 707 1925 ψῆφον
723 1818 917 1918 ἐποιήσατο
942 1822 1023 1920 περὶ
1048 1820 1182 1914 αὐτοῦς
1219 1820 1257 1897 ἐκ
1281 1814 1346 1915 μὲν
1371 1812 1448 1918 γὰρ

245 1949 318 2021 τῶν
343 1948 575 2023 Μωυσαϊκῶν
598 1942 863 2043 συνταγμάτων
887 1940 1090 2046 ἐγνώκαμεν
1115 1942 1169 2022 ὅτι
1197 1939 1448 2039 καταβέβηκεν

245 2067 266 2144 ὁ
291 2065 383 2150 Θεὸς
408 2068 465 2148 ἐπὶ
490 2067 531 2147 τὸ
557 2067 639 2169 ὅρος
664 2066 706 2147 τὸ
732 2073 830 2163 Σινᾶ,
856 2065 963 2172 ὤφθη
991 2075 1064 2150 τοῖς
1091 2065 1253 2167 πατράσι
1280 2064 1323 2143 τὸ
1351 2061 1448 2150 εἶδος

245 2191 365 2288 αὐτοῦ,
393 2190 562 2291 ἀκουστὴ,
592 2195 697 2298 φησὶ,
724 2195 872 2294 γέγονεν
899 2193 921 2291 ἡ
950 2189 1053 2297 φωνὴ
1081 2192 1202 2269 αὑτοῦ·
1239 2187 1447 2287 λελάληκεν
1464 2223 1499 2279 ¹5

245 2313 315 2420 ὅλη
343 2321 388 2419 τῇ
417 2318 629 2420 Συναγωγῇ,
655 2323 772 2419 τηρεῖν
798 2313 966 2395 ε’κέλευσε
994 2312 1060 2413 τὴν
1085 2312 1219 2416 ἡμέραν
1245 2321 1310 2393 τοῦ
1337 2321 1441 2406 σαβ·

75 2430 200 2553 ἓοέζω·
243 2436 368 2535 βάτου,
387 2446 517 2547 σαφῶς
545 2442 750 2523 διαστείλας
778 2441 846 2520 ὡδί
865 2453 886 2489 “
902 2440 1097 2540 Μνήσθητι
1122 2436 1188 2538 τὴν
1212 2437 1345 2539 ἡμέραν
1368 2442 1445 2517 τῶν

214 2572 266 2632 0“
284 2562 486 2659 σαββάτων
507 2563 662 2666 άγιάζειν
685 2564 808 2664 αὑτήν·
849 2565 893 2671 ἓξ
918 2565 1050 2667 ἡμέρας
1077 2566 1165 2669 ε’ργᾲ
1192 2564 1249 2641 καὶ
1277 2558 1445 2659 ποιήσεις

244 2695 266 2732 “
283 2686 402 2766 πάντα
431 2686 477 2766 τὰ
504 2686 593 2790 ἔργα
620 2722 705 2786 σου,
735 2695 780 2793 τῇ
812 2689 849 2767 δὲ
881 2689 995 2795 ἡμέρᾳ
1026 2693 1070 2792 τῇ
1100 2686 1236 2790 ἑβδόμῃ
1264 2686 1444 2780 σάββατα

241 2820 263 2856 “
282 2809 368 2912 άγια
388 2815 510 2920 Κυρίῳ
528 2816 580 2918 τῷ
599 2817 683 2920 Θεῷ
700 2839 779 2891 σου·
809 2813 850 2890 οὐ
868 2810 1029 2912 ποιήσεις
1048 2815 1085 2891 εὐ
1104 2812 1193 2916 αὐτῇ
1211 2816 1285 2889 πᾶν
1300 2807 1442 2913 ἕργον.”
1460 2846 1497 2887 το

241 2939 299 3014 καὶ
327 2937 393 3041 οὐχ
420 2937 549 3038 ἑτέρου,
569 2940 673 3042 φησὶ,
692 2944 804 3015 ταῦτα
831 2937 1002 3038 λέγοντος
1030 2937 1246 3035 ἠκούσαμεν,
1265 2933 1443 3032 αὐτήκοος

240 3056 285 3159 ἦν
316 3065 380 3159 τῆς
414 3058 536 3140 θεόθεν
568 3064 690 3164 φωνῆς
727 3060 749 3159 ἡ
783 3067 855 3139 τῶν
887 3061 1050 3162 πατέρων
1082 3060 1234 3159 πληθῦς,
1266 3060 1325 3137 καὶ
1361 3060 1440 3156 μετ’

240 3184 389 3268 ἐκείνους
407 3187 444 3264 ἐν
462 3184 545 3283 ἡμῖν
564 3187 584 3264 ό
602 3182 712 3286 λόγος
731 3191 795 3263 τοῦ
815 3188 923 3263 Θεοῦ·
953 3183 1006 3267 τίς
1025 3182 1062 3262 δὲ
1081 3182 1183 3266 οῦτός
1201 3186 1324 3276 ε’στιυς

295 3313 422 3388 Ταῦτα
440 3308 552 3388 πάλιν
570 3309 713 3411 ἐπείπερ
730 3305 1008 3407 ἐνθυμουμένους
1025 3309 1158 3405 ε’θεῦτο,
1176 3315 1313 3412 πικρῶς
1338 3309 1440 3404 ἅμα·

240 3431 424 3514 θαίνοντος
442 3430 620 3537 ἐξελέγχει
638 3431 756 3534 λε’γωυ
767 3431 856 3512 Οὔτε
870 3429 975 3538 φωνην
988 3433 1089 3511 αὐτοῦ
1108 3431 1247 3511 πάπιτε
1265 3435 1444 3524 ἀκηκόατε
1459 3462 1499 3520 25

205 3552 302 3634 δεῦτ’
329 3550 413 3640 εἶδος
442 3557 540 3634 ιιῦτνῖ
568 3555 749 3661 ἑωράκατε,
779 3565 837 3635 καὶ
868 3555 920 3636 τόν
943 3556 1043 3658 λόγον
1070 3557 1168 3634 αὐτοῦ
1196 3560 1256 3635 οῦκ
1285 3555 1381 3654 ἔχετε
1409 3559 1444 3636 ἐν

239 3683 313 3782 ὑμῖν
332 3677 478 3783 μίνιντιι,
492 3677 541 3757 ’ότι
559 3681 590 3759 ‘bv
607 3678 806 3759 ιἰπίττειλεν
825 3680 944 3764 ἐκεῖνος
966 3677 1067 3787 τούτῳ
1086 3683 1180 3783 ὑμεῖς
1200 3685 1234 3759 οὐ
1253 3678 1442 3763 πιστειίετε.

238 3798 285 3879 τό
303 3801 375 3904 γὰρ
393 3805 430 3881 ἐν
447 3801 548 3908 τόπερ
572 3799 747 3903 γεγονότα
771 3803 845 3881 κοτ’
867 3805 977 3881 ἐκεῖνο
1001 3810 1067 3881 τοῦ
1092 3811 1226 3905 καιροῦ,
1245 3805 1303 3882 καὶ
1322 3802 1366 3883 δι’
1387 3802 1444 3884 ὧν

238 3927 357 4009 αὐτοῖς
387 3928 408 4025 ἡ
437 3928 495 4007 ἐπὶ
524 3925 567 4006 τό
595 3924 677 4028 ὅρος
708 3923 750 4006 τό
785 3931 874 4004 Σινοῖ
905 3923 1057 4009 κάθοδος
1087 3924 1341 4032 ἐσχηματίζετο
1374 3939 1444 4010 τοῦ

239 4055 345 4148 Θεοῦ,
364 4058 475 4130 ταῦτα
493 4051 606 4131 πάλιν
625 4047 753 4133 εἰδότες
770 4049 880 4144 οὐδὲν,
900 4050 964 4128 οῦκ
988 4056 1037 4134 εἰς
1058 4047 1194 4135 εἰκόνας
1212 4048 1444 4153 πραγμάτων
1460 4081 1500 4138 30

237 4173 399 4278 ἐδέχοντο
419 4181 564 4272 νοητῶν,
583 4175 667 4252 ἀλλ’
688 4171 798 4256 ὅντως
824 4177 880 4253 καὶ
907 4182 981 4257 ταῖς
1005 4181 1068 4252 τοῦ
1093 4174 1262 4272 σώματος
1285 4176 1440 4280 ὀφθαλ-

275 4402 313 4438 11.
333 4384 627 4456 μεμαρτύρηκεν-τίνα]
641 4383 840 4453 όςμαρτόρηκεν
851 4385 906 4437 τίνα
922 4386 953 4438 B.
1039 4403 1080 4441 20.
1100 4388 1131 4440 οῦ
1143 4385 1261 4454 ποιήσεις
1273 4396 1335 4441 auto
1349 4393 1443 4465 Κυρίῳ

236 4456 297 4521 (εἰς)
310 4456 459 4525 transponit
475 4456 505 4510 B.
588 4473 629 4523 24.
650 4455 739 4510 ἐθεᾶτο
753 4454 785 4509 Β.
799 4455 925 4509 ἐθεάσατο
939 4457 990 4509 Ed.
1071 4473 1114 4527 25.
1132 4461 1221 4529 φωνὴν
1235 4458 1267 4513 Β.
1279 4461 1371 4529 φωνῆς
1385 4462 1442 4518 Ed.

235 4543 278 4596 31.
298 4526 376 4581 ὄντως
391 4527 459 4580 B.D.
472 4527 552 4580 “aL”
567 4526 618 4580 Ed.
631 4544 686 4596 mg.
701 4524 772 4581 ὄντες
786 4525 836 4579 Ed.
