3038 5018
58 776 82 809 V.
96 773 134 807 21,

224 290 289 351 596
528 286 567 350 Β.
591 285 799 350 CYRILLI
829 284 1115 348 ALEXANDR.
1313 279 1369 344 vii„
1384 298 1428 344 ιι.

225 453 288 530 οῦκ
307 448 523 556 ἀνεχόμενοι,
542 457 607 551 τῆς
632 454 791 550 ἀληθοῦς
815 456 888 530 τῶν
905 448 1130 553 πραγμάτων
1149 445 1350 546 ποιότητος
1370 446 1428 524 οὐκ

225 571 270 653 ἀν
298 575 476 677 ἐφίκοιντό
503 611 601 674 ποτε,
628 577 741 655 καίτοι
769 582 833 654 τοῦ
862 573 1015 654 Παύλου
1041 575 1215 674 λε’γοιτος
1234 581 1256 618 “
1278 569 1429 650 Γίνεσθε

297 697 307 722 Ι
567 706 582 721 Α
647 700 666 726 η
726 701 737 729 ς
799 696 810 722 Ι
923 695 933 725 ἱ
1071 694 1081 718 Ι
1179 695 1189 718 ἰ
1227 700 1244 718 Α
1298 696 1309 720 2
1409 692 1419 721 Ι

60 694 167 742 mesa.
226 708 247 746 ‘⁴
266 703 404 795 δοκιμοι
424 699 648 802 τραπεζιται,
680 732 739 778 και
758 731 878 779 ποντα
896 701 933 776 δε
951 695 1151 800 δοκιμαζειν
1168 729 1265 794 ημσς
1285 726 1429 773 αναπει·

225 827 361 917 θοντος,
390 824 438 904 ὡς
466 821 510 928 ἐξ
535 824 705 924 ἀκριβοῦς
732 821 874 924 ἐρεύνης
901 822 959 900 ἐπὶ
986 819 1053 921 τὴν
1080 827 1145 900 τοῦ
1176 815 1429 923 συμφέροντος

192 943 395 1050 δέρχεσθαι
427 945 552 1047 θήραν.
602 945 832 1026 ἀκουέτωσαν
859 943 978 1024 τοίνυν
1005 949 1037 1024 οί
1064 946 1103 1023 ἐκ
1130 945 1281 1041 πολλῆς
1308 962 1455 1043 wopa-5

226 1068 322 1153 νοίας
341 1066 404 1148 τόν
420 1069 567 1169 Ἰησοῦν
585 1072 627 1150 οῦ
652 1066 899 1171 θαυμόῷντες,
918 1068 1127 1170 ἀδιακρίτως
1152 1068 1190 1145 δέ
1217 1064 1277 1145 ὅτι
1301 1063 1431 1170 πρέποι

96 1237 136 1277 ·..
226 1200 434 1296 κατηγορεῖν
457 1193 649 1296 ἐγνωκότες
677 1196 786 1272 αὑτοῦ
804 1204 825 1238 “
842 1192 1032 1271 Γεύσασθε
1057 1194 1116 1270 καὶ
1141 1190 1232 1269 ἴδετε
1259 1189 1320 1268 ὅτι
1345 1223 1431 1293 χρη-

462 1317 471 1343 Ι
557 1317 636 1344 ”U
785 1316 795 1343 ἱ

226 1328 247 1363 “
266 1314 392 1401 στῦςό
414 1321 557 1419 Κυριος.
617 1351 725 1419 ονπερ
750 1350 822 1418 γαρ
847 1315 982 1416 τρόπον
1001 1320 1033 1395 οἱ
1060 1313 1102 1394 τό
1126 1313 1315 1420 ἐξαίρετον
1335 1315 1432 1418 ε’ντῇ

226 1440 317 1519 κατὰ
354 1449 481 1543 γεῦσιν
513 1439 675 1538 ποιότητι
712 1438 958 1542 δοκιμάζοντες
994 1435 1092 1536 μέλι,
1126 1441 1184 1516 καὶ
1220 1437 1268 1542 ἐξ
1305 1437 1432 1537 ὀλίγης

226 1569 353 1669 κομιδῇ
376 1569 440 1662 τῆς
459 1564 617 1667 γεύσεως
636 1565 799 1668 δέχονται
824 1571 888 1642 τοῦ
914 1560 1126 1665 ζητουμένου
1150 1559 1217 1659 τὴν
1243 1559 1432 1658 αἴσθησιν,
1445 1585 1477 1629 10

227 1691 339 1772 οὕτως
358 1692 391 1767 οἱ
410 1694 457 1772 εἷς
476 1695 603 1790 πεῖραν
621 1691 678 1768 καὶ
697 1695 869 1793 βραχεῖαν
887 1693 959 1765 τῶν
978 1695 1042 1765 τοῦ
1061 1683 1305 1787 διασώᾷιντος
1324 1682 1434 1767 ἰόντες

228 1810 360 1912 λόγων,
395 1812 449 1890 ὅτι
482 1812 641 1916 χρηστὸς
679 1810 951 1912 ἐπιγνώσονται,
984 1812 1043 1889 καὶ
1079 1806 1253 1906 μαθόντες
1295 1805 1435 1905 θαυμιῖ·

198 1966 369 2016 οσουσιν.
409 1941 441 2014 οί
465 1935 531 2034 μὲν
549 1936 612 2015 οῦν
628 1934 729 2038 παρὰ
751 1943 824 2018 τοῖς
841 1934 1023 2017 Ἰουδαίοις
1049 1933 1288 2033 συνετώτεροι
1315 1964 1432 2010 συνα·

227 2059 418 2161 γορεύουσι
455 2064 507 2167 τῷ
544 2064 706 2165 Χριστῷ,
742 2062 799 2136 καὶ
837 2057 949 2160 ὀρθὴν
979 2058 1032 2137 ἐπ’
1066 2058 1162 2164 αύτῷ
1197 2053 1267 2155 τὴν
1302 2059 1437 2160 ψῆφον

227 2183 430 2288 ἐκφέρουσι,
456 2191 705 2265 συναινοῦντες
730 2184 778 2265 ὡς
803 2184 938 2288 ἀγαθῷ,
963 2184 1072 2260 ἐκεῖνο
1098 2179 1142 2279 δὴ
1168 2178 1320 2263 πάντως
1343 2175 1438 2258 κατὰ
1450 2214 1478 2273 1⁵

227 2306 269 2386 τὸ
305 2306 396 2391 εἰκὸς
433 2305 694 2405 ἐνθυμούμενοι,
727 2307 775 2389 ὡς
808 2306 871 2384 οῦκ
906 2306 951 2384 ἀν
982 2338 1034 2411 τερ
1065 2303 1218 2405 προσείη
1251 2300 1439 2380 δύνασθαι

228 2437 436 2532 κατορθοῦν,
464 2427 513 2510 ὧν
541 2428 586 2507 ἀν
614 2427 766 2531 ἐργάτης
794 2431 909 2534 ὁρῷτο
938 2426 1042 2524 Θεὸς,
1070 2433 1099 2508 εί
1131 2425 1181 2527 μη
1210 2423 1310 2509 Θεὸς
1343 2422 1440 2504 κατὰ

228 2553 342 2657 φύσιν
363 2550 524 2657 ῦπάρχοι,
545 2552 657 2654 ἤγουν
676 2558 772 2632 Θεοῦ
794 2552 955 2656 μέτοχος,
975 2556 1033 2631 καὶ
1061 2550 1119 2631 διὰ
1143 2557 1249 2630 τοῦτο
1277 2547 1436 2649 ἀγαθὸς,

228 2674 326 2783 ᾧπερ
350 2673 395 2754 ἀν
416 2674 543 2778 πρέποι
570 2680 628 2755 καὶ
653 2675 695 2755 τὸ
718 2676 776 2756 διὰ
801 2673 947 2755 πάντων
968 2676 1172 2775 εῦδοκιμεῖν,
1192 2676 1250 2753 καὶ
1282 2671 1344 2751 διά
1374 2676 1439 2771 τῆς

230 2799 366 2880 ἀνωθεν
405 2802 650 2896 δυναμοῦσθαι
694 2799 849 2905 χάριτος,
887 2806 916 2879 εί
956 2803 1014 2880 καῖ
1054 2800 1120 2902 ούχ
1161 2800 1274 2880 ούτως
1314 2793 1363 2894 ἦν
1401 2799 1478 2875 ἐνιο

197 2929 392 3031 θΧριστῲ·
440 2923 546 3007 αὐτὸς
582 2958 654 3026 γαρ
690 2927 790 3003 ἐστιν
828 2927 848 3004 ὁ
885 2923 1047 3027 Χριστός
1083 2925 1103 3002 ό
1141 2928 1214 3001 τῶν
1245 2919 1439 3019 δυνάμεων

231 3047 375 3150 Κύριος·
411 3046 658 3149 ἀλογωτάταις
687 3047 723 3125 δέ
752 3050 836 3126 λίαν
864 3049 1090 3151 ἐπινήχονται
1119 3044 1251 3152 δόξαις,
1281 3045 1343 3123 καὶ
1373 3049 1439 3144 τῆς

229 3173 396 3272 ἀληθείας
421 3175 607 3277 ἀφεστᾶσι
631 3170 781 3271 μακράν,
801 3176 833 3250 οῖ
856 3169 993 3250 πλάνον
1013 3172 1209 3249 ἀποκαλεῖν
1228 3169 1294 3246 οῦκ
1321 3166 1435 3268 ὀκνή-

229 3329 359 3378 σαντες
377 3295 441 3375 τὸν
455 3302 503 3378 είς
522 3296 666 3392 ἀπλανῆ
686 3298 748 3392 τῆς
768 3292 995 3392 δικαιοσύνης
1014 3292 1275 3372 κατευθύνοντα
1294 3293 1437 3392 τρίβον.

229 3417 383 3496 ἀκουέτω
401 3426 590 3520 τοιγαροῦν
610 3419 629 3495 ὁ
648 3415 852 3524 παράφρων
869 3420 1039 3500 Ἰουδαῖος
1058 3426 1080 3462 “
1095 3416 1190 3494 Οὐαὶ
1209 3419 1242 3494 οῖ
1262 3414 1439 3516 λέγοντες
1451 3451 1478 3509 ²5

230 3550 251 3584 “
270 3537 312 3618 τὸ
341 3539 498 3642 πονηρὸν
522 3538 636 3618 καλὸν
660 3545 718 3619 καὶ
746 3538 787 3619 τὸ
816 3540 930 3620 καλὸν
951 3538 1119 3642 πονηρόν,
1143 3544 1176 3618 οἱ
1203 3538 1366 3623 τιθέντες
1397 3537 1440 3620 τὸ

229 3674 251 3711 “
270 3662 402 3746 σκότος
430 3670 507 3768 φῶς
535 3666 592 3741 καὶ
621 3662 663 3742 τὸ
693 3671 770 3768 φῶς
798 3662 959 3748 σκότος.”
997 3668 1035 3745 ἐν
1057 3665 1120 3770 ’ίση
1148 3662 1220 3767 γὰρ
1247 3662 1358 3770 τάξει
1388 3671 1441 3772 τῷ

229 3795 407 3868 συνειπεῖν
426 3785 627 3891 φαυλότητι
651 3786 694 3867 τῦ
722 3795 932 3890 κατηγορεῖν
953 3796 1017 3867 τοῦ
1044 3796 1168 3883 καλοῦ,
1189 3790 1248 3865 καὶ
1274 3793 1353 3866 τῶν
1372 3787 1441 3887 μέν

229 3917 392 4014 αἰσχρῶν
410 3911 475 4008 τὴν
493 3909 743 4013 εῦλογωτάτην
762 3914 972 4011 ἀποστῆσαι
992 3910 1222 4013 κατάῤῥησιν,
1241 3918 1318 3994 τοῖς
1338 3912 1382 3992 δὲ
1402 3916 1441 3993 ἐν

199 4038 273 4138 στῇ
301 4042 374 4113 τῶν
400 4038 560 4136 ἀρίστων
585 4037 693 4141 μοίρᾳ
720 4034 948 4137 τεταγμένοις
975 4041 1100 4134 μῶμον
1127 4035 1350 4136 ἑπιῤῥίπτειν
1375 4036 1478 4121 τὸν30

228 4158 425 4255 οὐδαμόθεν
444 4160 562 4242 αὐτοῖς
581 4159 885 4263 χρεωστούμενον.
925 4165 1210 4264 προανεφωνεῖτο
1237 4155 1275 4236 δέ
1302 4163 1366 4239 καὶ
1394 4161 1440 4241 τά

264 4391 289 4445 5.
308 4377 459 4448 παρανοίας]
473 4377 604 4447 παροινίας
618 4378 650 4432 Β.
730 4378 756 4433 6.
774 4377 890 4449 Ἰησοῦν]
905 4380 1009 4434 υίὸνΙ).
1089 4394 1113 4450 7.
1133 4377 1292 4448 χριστὸςΒ.
1308 4381 1379 4448 (106
1391 4381 1438 4448 al.)

232 4463 271 4499 12.
291 4450 400 4516 χριστὸς
415 4449 446 4500 Β.
523 4464 562 4517 15.
583 4452 760 4505 συνοινοῦντες
774 4451 844 4503 Αιὼ,
859 4449 960 4502 correxi
973 4468 1003 4502 ex
1019 4451 1054 4505 D.
1134 4467 1174 4520 19.
1192 4446 1391 4523 ηῖπερ]ὁσπερ
1406 4451 1439 4506 Β.

228 4533 270 4568 οι.
291 4521 305 4566 ‹¹›
319 4521 431 4586 Χριστὸς
445 4530 614 4589 assumptum
627 4539 657 4574 ex
674 4520 705 4574 Β.
816 4537 858 4589 23.
877 4520 1009 4590 ἀφεστᾶσι
1024 4520 1055 4573 B.
