3038 5018
223 283 266 346 26
527 279 565 344 B.
589 278 797 344 CYRILLI
828 277 1113 345 ALEXANDR.
1358 277 1379 340 i.
1396 295 1425 339 1.

222 442 322 548 παρὰ
344 443 490 547 Πατρός
502 477 513 541 ;
548 450 640 524 αἰτεῖ
661 441 734 548 γάρ
761 447 810 528 ὡς
836 442 880 551 ἐξ
905 440 1063 546 ἀνάγκης
1090 442 1156 544 τὴν
1177 441 1344 542 τοιαύτην
1365 442 1424 546 ἐφ’

224 569 359 654 ἑαυτοῖς
376 567 528 670 θεωρίαν
545 564 592 646 τά
610 564 780 666 ὀνόματα.
809 564 928 668 ἐπειδὴ
946 565 984 646 δὲ
1001 569 1240 669 γεγεννῆσθαι
1258 563 1322 647 τὸν
1334 560 1427 645 Υίῦν

224 695 261 770 αἶ
284 696 373 771 θεῖαι
395 689 610 793 κηρύττουσι
635 693 785 844 γραφαὶ,
805 693 863 771 καὶ
887 690 908 769 5
932 693 996 839 τῇς
1021 689 1192 789 ἀληθείας
1216 690 1328 772 οὕτως
1354 686 1426 793 ἔχει

224 812 348 915 λόγος,
367 812 614 921 ἀφέστηκεν*
586 846 657 915 αρα
681 847 740 892 και
726 811 883 894 καθ’
866 812 1001 895 εαυτόν.
1037 813 1117 894 ἔστι
1140 811 1178 893 δέ
1199 812 1313 895 πάλιν
1330 814 1421 891 ίδια·

224 933 354 1038 <amos
383 938 442 1015 καὶ
469 936 490 1014 5
519 934 722 1039 Πατὴρ,”
688 971 784 1040 ειπερ
813 936 933 1040 ἕτερον
963 936 1052 1044 ἐξ
1033 936 1154 1040 ετέρον
1183 936 1357 1043 φαίνεται,
1382 931 1456 1015 τῦ5

224 1055 445 1162 γεννώμενον
463 1061 511 1142 ὡς
529 1093 621 1161 προς
638 1058 681 1139 τὸ
699 1066 846 1162 γεννῶν.

192 1189 214 1254 d
280 1213 381 1260 ΑΛΛο.
422 1183 471 1261 Ο
504 1180 676 1286 μακάρως
715 1187 864 1268 Παῦλος
900 1181 1129 1264 ἐπιστέλλων
1165 1181 1427 1281 Φιλιππησίοις

59 1312 164 1363 Phustn.
224 1310 397 1410 περὶτοῦ
425 1310 516 1385 Υίοῦ
544 1310 661 1411 φησιν
680 1303 834 1389 “⁶03‘’
815 1340 853 1384 εν
877 1311 1003 1411 μορφῇ
1031 1307 1173 1386 Θεοῦ
1155 1302 1335 1410 υπιίρχων,
1358 1304 1427 1409 οῦχ

224 1427 287 1476 “
266 1426 460 1530 αρπαγμὸν
477 1426 642 1530 ἡγήσατο
667 1426 709 1508 τὸ
735 1425 823 1508 εἶναι
844 1427 909 1507 ’ίσοι
928 1428 1046 1536 6⁶5st
1084 1427 1139 1513 τίς
1156 1428 1219 1508 οῦν
1237 1427 1307 1530 ἀρα
1326 1428 1427 1507 ἐστὶν

226 1552 246 1631 5
275 1546 469 1653 ἀρπαγμάν
490 1551 532 1630 οῦ
560 1548 721 1651 θελήσας
748 1546 1029 1652 ἡγήσασθαι
987 1584 1030 1630 το
1057 1547 1145 1631 εἶναι
1172 1549 1239 1629 {aa
1260 1546 1422 1657 9⁶53
1403 1581 1477 1648 ηῐο

226 1671 299 1776 γάρ
321 1673 385 1752 οῦκ
407 1670 545 1774 ἀνάγκη
567 1673 697 1775 λέγειν,
716 1673 779 1754 ἕνα
795 1671 861 1772 μέν
878 1706 959 1753 τινα
977 1669 1147 1778 ὑπάρχειν
1164 1670 1228 1753 τῦυ
1245 1673 1283 1751 έν
1299 1678 1427 1779 μορφῇ

228 1801 335 1894 Θεοῦ,
358 1793 478 1899 ἕτερον
502 1794 541 1874 δὲ
566 1793 679 1876 πάλιν
704 1795 768 1876 τὸν
796 1795 905 1899 οῦπερ
933 1795 978 1896 ἦν
1003 1797 1026 1897 ἡ
1053 1794 1203 1904 μορφή;
1235 1794 1321 1874 ἀλλ’
1347 1795 1428 1876 ἔστι

228 1922 342 2019 δῆλον
374 1916 491 2000 ἅπασι
523 1920 582 1998 καὶ
614 1914 916 2022 ὁμολογούμενον.
969 1921 1096 1999 οῦκοῦν
1126 1921 1194 2026 οῦχ
1231 1920 1269 2000 έν
1299 1952 1336 1999 τι
1368 1923 1428 2000 καὶ

199 2037 359 2122 οταυτὸν
383 2047 435 2148 τῇ
462 2044 602 2150 ἀριθμῷ
629 2041 759 2146 Πατὴρ
788 2045 846 2122 καὶ
865 2041 963 2140 Υἱὸς,
986 2045 1071 2123 ἀλλ’
1095 2041 1342 2123 ίδιοσιίστατοι
1369 2046 1429 2122 καὶ

228 2166 267 2244 έν
284 2162 462 2265 ἀλλήλοις
481 2164 723 2269 θεωρούμενοι,
743 2163 836 2246 κατά
853 2163 919 2266 τὴν
936 2162 1136 2267 ταντότητα
1157 2169 1221 2265 τῆς
1244 2164 1380 2262 οὐσίας,
1398 2170 1428 2243 εἱ
1444 2192 1479 2251 15

228 2289 287 2367 καὶ
306 2284 354 2370 εἷς
371 2285 416 2394 ἐξ
431 2286 519 2385 ένῦς,
538 2291 577 2368 έκ
596 2285 742 2392 Πατρῦς
760 2291 780 2368 5
799 2285 887 2372 Υἱὸς
906 2286 1058 2388 δηλαδή.

62 2424 169 2476 lnfrax.
287 2441 388 2488 ιιιιιο.
435 2422 456 2459 “
473 2411 572 2515 Ἐγὼ
615 2415 672 2492 καὶ
715 2414 736 2491 5
778 2409 907 2514 Πατὴρ
949 2411 987 2490 ἕν
1024 2413 1164 2511 ε’σμεν,”
1207 2412 1367 2518 ἔφασκεν
1408 2413 1429 2491 5

63 2504 104 2554 ὅθ’
231 2533 370 2637 Σωτήρ·
399 2536 447 2618 ὡς
466 2533 564 2618 εἰδὼς
582 2534 749 2635 δηλονότι
769 2537 826 2614 καὶ
849 2533 974 2615 ἑαυτὸν
992 2535 1087 2619 ίδίως
1113 2532 1344 2642 ῦφεστηκάτα
1369 2537 1429 2614 καὶ

229 2655 293 2736 τὸν
312 2656 472 2760 Πατέρα·
504 2662 533 2736 εί
551 2655 590 2736 δέ
607 2653 657 2757 μὴ
677 2658 788 2742 οὕτως
806 2655 878 2763 ἔχει
896 2666 959 2739 τοῦ
977 2656 1189 2763 πράγματος
1213 2659 1236 2759 ἡ
1259 2656 1425 2758 ἀλήθεια,

229 2779 268 2858 τί
291 2776 342 2879 μὴ
370 2777 531 2881 τηρήσας
558 2786 603 2885 τῇ
630 2778 727 2861 έυοίδι
753 2778 796 2861 τὸ
827 2781 966 2883 πρέπον
996 2783 1155 2889 ἔφασκεν
1182 2780 1282 2883 Ἐγὼ
1314 2783 1375 2861 καὶ
1407 2783 1481 2861 520

231 2901 360 3005 Πατήρ
386 2902 424 2982 έν
441 2908 533 3002 είμι;
565 2902 746 3002 ἐπειδὴδὲ
771 2909 818 2988 είς
844 2903 1087 3003 πληθυντικὸν
1109 2903 1260 3053 ἀριθμὸν
1284 2901 1326 2984 τῦ
1351 2939 1426 3005 ση-

229 3022 443 3125 μαινόμενον
470 3025 633 3134 έξαπλοῖ,
663 3031 773 3128 δῆλος
805 3025 910 3107 ἀν’
876 3061 928 3126 ειη
961 3025 1091 3107 λοιπὸν
1118 3026 1183 3128 τήν
1209 3034 1283 3109 τῶν
1312 3029 1429 3132 ἑτερο-

64 3168 101 3224 17
115 3166 157 3222 Δ.
201 3146 433 3254 ἀδοξούντων
449 3149 658 3252 ἀνατρέπων
682 3147 862 3230 ὑπόνοιαν·
903 3148 983 3230 οὐδὲ
1007 3147 1079 3252 γάρ
1106 3147 1151 3230 ἀν
1173 3151 1301 3231 καθ’
1283 3149 1362 3234 ενῦς
1384 3149 1429 3231 τὸ

231 3267 340 3366 ε’σμὲν
357 3273 557 3376 ἐπενεχθείη
576 3278 743 3355 συνετῶς.

289 3422 390 3469 ιιιιιο.
429 3393 515 3473 Ἐπὶ
551 3398 596 3498 τῇ
632 3401 697 3473 τοῦ
733 3393 924 3497 ἀνθρώπου
966 3399 1169 3498 κατασκευῇ
1210 3394 1314 3501 φωνὴ
1358 3390 1424 3501 φέ-
1444 3417 1481 3476 ²5

233 3548 331 3617 ρεται
361 3521 457 3595 θεοῦ
484 3526 505 3563 “
521 3513 749 3617 Ποιήσωμεν,
778 3514 959 3619 λέγοντος,
987 3515 1178 3620 ἄνθρωπον
1204 3518 1280 3595 κατ’
1309 3514 1430 3597 εἰκόνα

233 3648 256 3685 “
273 3638 446 3742 ἡμετέραν
477 3642 535 3718 καὶ
567 3637 650 3718 καθ’
684 3640 886 3738 ὁμοίωσιν.”
934 3639 1030 3744 ε’ίπερ
1064 3640 1127 3719 οῦν
1159 3644 1207 3724 είς
1242 3637 1280 3719 έν
1311 3672 1347 3718 τι
1376 3645 1430 3747 τῷ

232 3762 372 3870 ἀριθμῷ
407 3758 449 3842 τὸ
484 3765 547 3860 τῆς
579 3760 683 3863 ἁγίας
714 3762 868 3866 Τριάδος
905 3763 1055 3861 πλάτος,
1085 3762 1144 3843 ἵνα
1180 3764 1292 3845 οὕτως
1328 3761 1429 3860 ε’ίπω,

231 3887 490 3983 συστέλλεται,
530 3889 589 3964 καὶ
626 3888 889 3983 δυσσεβοῦντες
926 3889 1112 3989 ἀναιροῦσι
1148 3883 1191 3966 τῦ
1230 3884 1430 3990 ὑφεστάναι

232 4011 313 4089 καθ’
334 4007 477 4094 ἕαυτοῦς
497 4007 644 4113 Πατέρα
656 4012 720 4089 Ικαὶ
739 4008 841 4090 Υἱόν·
871 4010 926 4094 τίς
953 4011 973 4088 5
996 4006 1087 4114 πρὸς
1109 4009 1190 4089 τίνα
1212 4007 1331 4111 λέγων
1349 4008 1434 4089 ε’στί
1443 4026 1481 4083 30

270 4294 293 4332 1
311 4300 332 4333 π
331 4276 394 4349 αρά]
411 4286 440 4343 -1-
453 4278 546 4334 τοῦΒ.
594 4278 774 4349 οίτεῖ-ἀνόμα
774 4296 871 4333 raom.
885 4278 968 4334 Ruth.
1074 4281 1221 4353 4.ἶφισςη
1212 4279 1427 4350 ’κασιυάροκοθ

232 4347 337 4404 ἑαυτοὺς
348 4351 389 4402 καὶ
404 4349 471 4404 εἰσὶν
482 4349 627 4416 ἰδιαζόντως
641 4349 682 4403 καὶ
698 4352 713 4402 5
729 4302 813 4420 πατήρ
829 4349 870 4404 καὶ
885 4352 900 4403 5
915 4348 1010 4407 1555*
985 4372 1056 4419 ειπερ
1069 4350 1152 4407 Euth.
1200 4351 1242 4405 καὶ
1258 4359 1429 4421 assumptum

232 4417 312 4472 exB.
434 4418 474 4473 16.
493 4420 591 4488 δηλαδὴ
603 4419 691 4474 ante
677 4441 705 4474 εκ
717 4429 817 4491 transp
830 4419 913 4474 Euth.
1035 4421 1077 4477 26.
1095 4422 1218 4494 λεγοντος
1229 4420 1364 4491 ἅνθρωποι
1375 4420 1428 4477 hoc

232 4485 372 4542 ordiness.
516 4490 558 4544 28.
574 4491 670 4544 ιόοια.
684 4488 717 4544 Β.
