3038 5018
54 277 142 362 ἱ.,ι6
160 298 207 366 ι7.
244 284 310 359 IN
333 286 366 352 S
390 286 646 352 JOANNEM
692 286 787 363 LIB.
811 284 840 350 Ι.
885 285 988 352 CAP.
1011 286 1071 351 IX.
1196 285 1255 349 151

54 457 76 494 “
94 448 193 527 O'
175 449 296 531 οπίσω
327 486 399 551 μον
422 451 636 608 ἐρχόμενος,
669 450 874 556 ἔμπροσθὰ
905 485 977 551 μου
1013 449 1170 554 γέγονεν,
1203 481 1259 528 οτι
1304 454 1409 582 {252⁵

54 572 237 676 “πρῶτός
265 609 336 673 μου
364 573 443 676 ἧν·”
484 582 543 658 καὶ
576 575 648 680 γὰρ
678 578 733 624 “’
714 611 753 657 εκ
782 583 846 656 τοῦ
876 573 1120 678 πληρώματος
1150 571 1259 653 αὑτοῦ
1304 585 1344 637 lb·
1356 585 1396 636 ¹⁶

54 705 78 744 ‘⁴
96 695 194 795 ἡμεῖς
222 697 354 784 πάντες
383 698 597 798 ε’λάβομεν.”
647 703 706 780 καὶ
734 698 904 801 νομιζέτω
931 700 1065 798 μηδεὶς,
1090 693 1260 777 Ἰωάννου

53 817 121 920 μέν
148 818 171 923 ἢ
200 825 259 903 καὶ
286 829 360 904 τῶν
387 825 516 905 ἀλλων
544 825 658 926 ἁγίων
685 822 720 904 οἳ
747 822 839 902 κατὰ
867 820 950 907 τοὺς
977 826 1042 921 τῆς
1073 823 1260 921 ἐπιδημιας

21 945 230 1048 ὅγεγόνασι
263 946 420 1052 καιροὺς,
456 948 707 1052 ὑπερανίσχειν
738 945 803 1027 τὸν
833 949 1036 1049 Μονογενῆ·
1083 945 1261 1044 ἡττᾶσθαι

55 1067 171 1169 γεμὴν
204 1069 296 1151 κατά
331 1071 397 1172 τὴν
430 1070 542 1180 δόξαν
575 1078 647 1152 τῶν
679 1071 930 1176 ἀρχαιοτερων,
962 1070 1061 1171 οἵπερ
1093 1065 1191 1169 ἦσαν
1222 1069 1295 1148 ἐνιΙ

55 1193 228 1302 ἁγιασμῷ
262 1192 537 1294 διαλάμποντες,
569 1193 661 1274 κατά
694 1191 777 1277 τοὺς
810 1193 946 1273 ἀνωθεν
978 1196 1042 1291 τῆς
1074 1190 1261 1291 ε’πιδημάις

54 1315 217 1420 χρόνους·
261 1318 437 1423 θεωρήσει
466 1318 538 1422 γάρ
565 1315 675 1398 αὑτόν
701 1313 800 1399 πολὺ
827 1316 870 1398 τό
899 1315 1098 1412 Μωυσέως,
1127 1315 1257 1421 φησὶν,

56 1441 299 1535 ἀναβαίνοντα
322 1444 464 1547 μέτρον,
489 1443 602 1524 καίτοι
627 1441 670 1523 τὸ
693 1442 822 1546 μεῖζον,
846 1444 895 1525 ὡς
922 1439 1013 1544 πρὸς
1040 1440 1201 1534 ἐκείνους,
1222 1440 1261 1518 έν

9 1597 42 1639 ιο
56 1565 227 1671 ἁγιασμῷ
260 1568 483 1666 κεκτημένον·
525 1566 625 1669 παρά
659 1564 798 1651 πάντας
829 1563 901 1668 γὰρ
934 1563 1042 1644 αὑτὸν
1075 1561 1260 1664 ἐγνωκέναι

55 1693 189 1792 σαφῶς
216 1690 238 1768 ό
270 1691 462 1791 νομοθέτης
491 1689 787 1786 διεβεβαιεόσατο.
837 1686 1006 1788 Ἰωάννης
1036 1686 1102 1788 μέν
1129 1687 1192 1766 οὖν
1219 1686 1263 1793 ἐξ

57 1812 148 1895 ἰδίας
165 1812 341 1918 ἠλέγχετο
359 1814 492 1921 φωνὴς,
512 1817 562 1900 ιὺς
582 1816 700 1894 ὀπίσω
719 1813 828 1920 δόξης
844 1811 982 1914 ἐβάδιζε
1001 1819 1065 1890 τοῦ
1083 1814 1259 1912 Χριστοῦ·

56 1933 197 2039 ἐρχεται
222 1935 260 2017 δέ
285 1935 436 2018 κατόπιν
453 1943 516 2039 τῆς
542 1937 797 2041 λαμπρότητος
823 1938 941 2032 αὑτοῦ,
961 1937 1020 2015 καὶ
1044 1933 1146 2014 οὑδέν
1165 1933 1261 2019 όλως

58 2060 111 2139 ἐπ’
131 2059 251 2170 ἐκείνιρ
278 2060 321 2142 τό
347 2061 570 2164 ζητούμενον,
594 2059 618 2163 ἦ
642 2062 701 2141 καὶ
726 2063 977 2166 ἀποτραχὺνον
1001 2063 1064 2158 τῆς
1092 2059 1290 2158 ἀληθείαςο

10 2205 44 2264 ¹5
58 2180 125 2281 τὴν
143 2186 293 2285 εὕρεσιν.

117 2307 238 2388 Πόθεν
268 2309 331 2389 οὖν
363 2310 435 2413 ἀρα
471 2312 530 2392 καὶ
566 2307 675 2391 αὑτὸν
711 2309 910 2414 εὑρήσομεν
945 2306 1009 2387 τόν
1046 2304 1260 2413 ἱεροφάντην

60 2433 225 2512 Μωυσέα
262 2437 325 2533 τῆς
363 2443 426 2514 τοὺ
464 2436 600 2538 Κυρίου
636 2433 746 2541 δόξης
782 2433 1006 2534 ἡττόμενον;
1050 2428 1256 2539 ἐξεταζέτω,

58 2559 184 2662 φησὶν,
215 2558 235 2637 ὁ
266 2557 472 2662 φιλομαθὴς
503 2557 570 2658 τὴν
599 2561 768 2637 δοθεῖσαν
799 2558 882 2657 ἡμῖν
912 2555 971 2638 διά
998 2564 1062 2635 τοῦ
1093 2557 1260 2656 Σωτῆρος

58 2679 156 2786 χάριν
181 2680 427 2783 εὖαγγελικὴν,
446 2687 516 2761 ἀντὶ
542 2679 679 2786 χάριτος
704 2684 768 2779 τῆς
794 2684 938 2778 νομικῆς
964 2684 1027 2778 τῆς
1055 2677 1114 2759 διὰ
1139 2684 1256 2758 Μωυ·
1317 2706 1320 2712 ·

10 2838 46 2879 ιο
58 2805 165 2888 σέως·
203 2804 284 2885 τότε
310 2803 381 2906 γὰρ
408 2803 452 2902 δὴ
478 2803 652 2907 θεωρήσει
676 2804 840 2911 τοσούτῳ
865 2806 1048 2906 κρείττονα
1073 2801 1136 2883 τὸν
1154 2800 1256 2898 Υίὺν,

59 2927 206 3035 όσιρπερ
233 2924 279 3007 ἀν
306 2928 470 3034 φαίνοιτο
498 2933 561 3028 τῆς
591 2927 682 3008 κατά
714 2928 823 3025 νόμον
850 2929 1030 3010 πολιτείας
1057 2924 1104 3005 τά
1127 2927 1259 3024 ἀμείνω

59 3057 271 3150 νομοθετῶν,
290 3055 349 3130 καὶ
366 3048 512 3131 πάντων
531 3052 620 3150 ὁμοῦ
638 3058 711 3131 τῶν
729 3050 788 3130 διὰ
808 3050 996 3135 Μωυσέως
1017 3047 1196 3156 είσφέρων
1214 3048 1260 3128 τὰ

58 3175 240 3269 βελτίονα.
281 3184 296 3255 ὁ
321 3173 388 3273 μέν
406 3173 478 3276 γάρ
505 3179 600 3279 νόμος
626 3178 721 3281 φησὶ
740 3170 798 3255 διδ
817 3175 985 3259 Μωυσέως
1004 3169 1100 3270 ἐθόθη,
1120 3177 1137 3266 ὑ
1159 3173 1290 3280 χάριτα
1310 3204 1426 3263 lou.

61 3306 121 3378 καὶ
150 3302 168 3393 ἡ
195 3296 337 3392 ἀλήθεια
365 3294 424 3378 διδ
447 3300 553 3393 Ἰησοὺ
582 3301 721 3405 Χριστοῦ
749 3298 884 3402 ἐγένετο.
930 3299 983 3383 τίς
1010 3299 1073 3377 οὖν
1097 3299 1167 3402 ἀρα
1196 3305 1259 3378 τοῦ

10 3438 46 3499 ²⁵
59 3420 170 3520 νόμου
187 3421 278 3525 πρὸς
300 3420 367 3521 τὴν
386 3420 444 3501 διά
468 3429 532 3502 τοῦ
551 3425 720 3526 Σωτῆρος
743 3422 840 3532 χάριν
858 3422 880 3522 ἡ
899 3420 1065 3529 διαφορά,
1084 3421 1259 3526 θεωρήσει

57 3543 172 3626 πάλιν
189 3549 210 3627 ὁ
229 3542 469 3652 φιλοζητητὴς
492 3549 550 3625 καὶ
574 3548 710 3651 ἑταῖρος
729 3547 888 3647 ἱδρώτων
906 3549 1062 3647 ἀγαθῶν·
1093 3548 1202 3648 ὀλίγα
1220 3547 1258 3628 δέ

565 3675 582 3694 .
650 3675 659 3697 ,
698 3669 709 3697 .
788 3670 796 3694 .
989 3673 1001 3701 .
1126 3669 1136 3695 .
1219 3677 1235 3694 .

59 3798 117 3875 ἐπὶ
152 3793 289 3877 τούτοις
325 3790 566 3897 θεωρημάτων
599 3792 664 3873 τὸν
700 3792 851 3894 ἀριθμὸν
889 3792 976 3875 ὄντα
1013 3794 1254 3878 πιστεύοντες.

59 3919 185 3998 οὐκοῦν
204 3919 224 3995 ὑ
242 3914 308 4016 μέν
322 3914 429 4016 νόμος
447 3917 625 4019 κατέκρινε
643 3914 707 3997 τόν
726 3917 879 4014 κόσμον·
906 3929 928 3964 “
942 3918 1173 3998 Συνέκλεισε”
1185 3917 1256 4020 γάρ

12 4041 80 4128 ςοό
104 4039 197 4125 θεὸς
223 4043 265 4121 δι’
287 4042 395 4121 αὑτοῦ
422 4051 443 4088 “
456 4039 502 4119 τὰ
526 4040 645 4122 πάντα
670 4040 739 4122 ὑπὸ
768 4041 973 4144 ἀμαρτίαν,”
994 4044 1042 4125 ὡς
1065 4042 1086 4119 ὑ
1107 4039 1257 4126 Παὺλός

76 4260 121 4370 ¹3.
140 4242 283 4315 ἐλάβομεν]
300 4250 329 4309 4
344 4245 431 4299 καῖ’
396 4266 473 4316 χαριν
484 4243 540 4298 αντλ
549 4243 705 4368 fidptroess.
845 4261 872 4314 5.
889 4242 990 4313 καιροὺς
1000 4247 1141 4314 γεγόνασιν
1152 4245 1257 4302 inmo

59 4332 77 4370 ο
109 4313 199 4372 ineB.
246 4314 341 4369 Statim
353 4267 572 4387 ὑπερανίσχεινΒ
575 4314 759 4385 ,ὑπερανέχειν
772 4313 823 4368 Ed.
968 4331 1009 4370 12.
1027 4314 1102 4386 ι’δίας]
1117 4315 1256 4373 οίκείαςΒ.

59 4384 222 4475 ΧριστοῦΒ
234 4387 297 4439 Υίοὺ
309 4384 361 4440 ΕΒ.
499 4401 540 4457 17.
560 4393 615 4454 Καρ
616 4384 702 4440 ίουΒ.
715 4393 754 4453 Χρ
755 4407 831 4440 ιστου
819 4383 896 4438 ΕΒ.
1033 4402 1075 4442 20.
1093 4390 1256 4444 τοσοῦτονα.

60 4472 105 4526 17.
117 4455 188 4511 ΑΒ’
172 4477 302 4527 αμηρντον
312 4455 422 4510 adnotat
434 4455 537 4526 Emg..
554 4455 582 4511 ἐκ
594 4478 641 4511 του
629 4455 758 4524 λεξικοο
769 4477 816 4510 τον
827 4476 903 4528 αγιου
915 4456 1062 4526 Κυρίλλου.
1080 4456 1258 4528 ἀτελοὺιητος,

59 4473 202 4598 ἄφθαρτος.
249 4526 430 4596 mauolt.
443 4526 545 4598 Migne.
558 4527 658 4597 μακρόν
671 4526 721 4582 Ed.
734 4526 950 4596 καλμαιιρδνοῐα.
964 4525 995 4580 Β.
