3038 5018
93 302 114 367 i.
129 323 181 391 32,
194 326 247 393 33.
288 307 346 372 IN
377 308 409 373 s.
434 308 688 374 ιοΑΝΝΕΜ.
735 309 829 374 κιο.
854 309 901 375 11.
948 310 1049 375 cAP.
1073 310 1100 375 1.
1230 314 1292 378 187

148 468 296 571 Ἐπειδή
324 471 363 551 δὲ
391 468 489 570 οἶμαι
515 474 713 576 προσήκειν
739 475 965 579 πανταχόθεν
992 476 1085 574 ἡμᾶς
1111 480 1293 576 θηρᾶσθαι

93 591 136 672 τό
179 597 355 699 ὠφελοῦν,
391 599 669 703 παρενεχθείοης
710 594 814 704 ἀπαξ
853 602 917 697 τῆς
956 606 1021 678 τοῦ
1060 596 1292 703 ἀρχαγγέλου

94 721 227 821 φωνῆς,
246 719 332 825 φέρε
357 724 415 799 καὶ
440 725 489 805 εῖς
513 719 624 820 αὐτὴν
642 722 750 823 ὀλίγα
773 718 1028 823 γυμνοῖσωμεν.
1069 732 1091 769 “
1111 723 1288 819 Πνεῦμα,”
1334 719 1360 834 1⁵
1366 719 1432 849 ἕω

93 842 220 944 φησὶν,
247 853 269 888 “
283 839 415 946 ‘'Aywv
442 843 670 925 ἐπελεύσεται
697 848 755 925 ἐπὶ
783 844 828 924 σὲ
855 847 914 924 καὶ
941 845 1088 941 δῦναμις
1104 844 1290 950 Ὕφίστου

60 973 115 1046 5“
134 964 338 1045 ἐπισκιάσει
365 1002 437 1065 σοι,
460 966 515 1047 διὸ
543 970 601 1048 καὶ
629 968 671 1048 τὸ
697 967 918 1071 γεννώμενον
942 967 1044 1070 ἅγιον
1068 966 1319 1068 κληθήσεταιο

93 1097 116 1132 “
132 1084 220 1171 Υῖῦς
239 1088 370 1170 Θεοῦ.”
400 1092 535 1194 λεγέτω
552 1093 671 1172 τοίνυν
688 1093 772 1191 ἡμῖν
790 1094 811 1172 ό
829 1095 868 1171 ἐκ
885 1094 1028 1189 πολλῆς
1047 1090 1199 1189 ἀμαθίας
1217 1099 1291 1173 τοῖς

94 1212 213 1313 ὀρθοῖς
230 1215 294 1310 τῆς
311 1211 534 1314 Ἐκκλησίας
552 1216 753 1296 ἀντιτείνων
771 1214 941 1317 δόγμασι,
957 1212 1108 1315 πότερόν
1125 1248 1213 1294 ποτε
1232 1217 1291 1293 καὶ

92 1333 164 1434 πρὸ
195 1339 260 1434 τῆς
291 1338 592 1442 ε’νανθρωπήσεως
619 1337 707 1424 Υῖδς
737 1336 783 1437 ἦν
810 1340 830 1417 ό
860 1337 979 1440 Λόγος
1010 1346 1074 1417 τοῦ
1107 1342 1203 1417 Θεοῦ
1231 1340 1290 1416 καὶ

94 1455 291 1560 Πατρῦς,ἢ
316 1462 355 1540 ἐν
375 1459 496 1558 μόνοις
522 1462 697 1561 ὀνόμασιν
719 1460 790 1568 εἶχε
818 1463 884 1562 τήν
908 1461 1029 1568 δόξαν,
1049 1461 1152 1544 νόθος
1179 1459 1216 1540 δέ
1245 1459 1290 1559 ἦν

43 1617 78 1657 ιο
92 1583 150 1659 καὶ
178 1584 421 1683 ψευδώνυμος.
469 1591 499 1665 εἰ
525 1584 593 1685 μέν
618 1586 691 1690 γὰρ
719 1586 814 1670 ὅλως
842 1587 906 1666 οῦκ
933 1582 1024 1665 εἷναί
1047 1591 1163 1690 φησιν
1181 1582 1286 1680 Υίὸν,

92 1704 284 1809 ἀρνήσεται
311 1706 376 1788 τόν
399 1707 557 1813 Πατέρα·
597 1712 692 1793 τίνος
718 1708 790 1812 γὰρ
819 1710 922 1788 ἔσται
948 1707 1068 1812 πατὴρ
1096 1709 1160 1787 οῦκ
1187 1705 1290 1792 ὄντος

92 1834 194 1925 υῖοῦ;
226 1829 402 1934 φρονήσει
429 1831 467 1912 δέ
492 1831 651 1917 ἀπάσαις
672 1831 719 1913 τά
736 1833 877 1912 ἐναντία
894 1838 971 1916 ταῖς
990 1834 1098 1915 θείαις
1117 1837 1284 1937 γραφαῖς.

90 1958 120 2030 εἰ
145 1950 182 2032 δέ
205 1954 294 2034 Υῖὸν
317 1957 492 2058 ὁμολογεῖ
514 1960 572 2036 καὶ
599 1954 670 2058 πρό
698 1961 761 2056 τῆς
788 1953 1091 2060 ε’νανθροπήσεως
1117 1955 1182 2034 τὸν
1198 1952 1322 2034 Υίόνᾶ

90 2072 182 2156 εἷναί
204 2112 243 2158 τε
271 2081 329 2158 καῖ
356 2078 539 2181 λέγεσθαι,
567 2086 645 2165 πῶς
676 2081 760 2180 ἡμῖν
787 2084 808 2160 ό
835 2077 1064 2184 ἀρχάγγελος
1090 2076 1133 2158 τῦ
1159 2077 1287 2182 τεχθή-

43 2223 76 2282 ¹5
91 2208 225 2282 σεσθαι
242 2201 381 2302 μέλλον
400 2200 457 2283 διὰ
479 2208 544 2303 τής
571 2205 675 2305 ἁγίας
695 2203 884 2307 παρθένου,
904 2201 1159 2303 κληθήσεσθαῖ
1171 2208 1288 2306 φησιν

90 2323 181 2405 Υῖῦν
198 2332 304 2424 Θεοῦ,
322 2328 436 2407 καίτοι
453 2336 559 2407 τοῦτο
580 2329 640 2407 καὶ
663 2325 778 2408 πάλαι
802 2324 894 2407 κατὰ
919 2326 1034 2433 φύσιν
1053 2324 1283 2429 ῦπάρχοντα;

89 2446 215 2552 ὥσπερ
240 2451 303 2530 οῦν
321 2450 441 2533 ἀϊδίοις
466 2449 637 2555 ῦπάρχων
654 2447 744 2548 μετὰ
763 2449 909 2552 Πατρός
935 2445 1074 2544 όΥῖδς,
1098 2450 1147 2531 ὡς
1171 2445 1288 2551 ἀρχὴν

88 2570 181 2677 έχων
204 2582 268 2653 τοῦ
293 2569 391 2670 εἶναι,
413 2572 505 2653 κατὰ
533 2573 596 2654 τὸν
618 2579 682 2674 τῆς
708 2572 928 2677 σαρκώσεως
952 2570 1083 2677 χρόνον
1100 2570 1188 2656 Υἱὸς
1213 2573 1287 2677 ὀρί-

90 2694 183 2797 ζεται
203 2702 307 2794 Θεοῦ,
328 2695 386 2777 διά
410 2695 453 2776 τό
475 2697 671 2805 πεφηνέναι
687 2695 778 2795 μετὰ
795 2696 964 2796 σώματος
985 2703 1033 2780 είς
1050 2695 1115 2777 τὸν
1131 2695 1285 2793 κόσμον·

43 2856 75 2896 ιο
89 2820 201 2903 οὕτως
218 2819 309 2924 ἔχων
327 2821 510 2906 οῦσιωδιῦς
532 2823 570 2900 ἐν
588 2822 702 2928 ἑαυτῷ
726 2819 769 2900 τῦ
796 2821 886 2901 ἰ’διον
906 2825 1066 2919 Πνεῦμα,
1085 2820 1286 2918 λαμβάνειν

88 2947 137 3027 ὡς
164 2943 351 3047 ἅνθρωπος
379 2943 533 3045 λέγεται,
552 2943 736 3047 διασόζων
756 2949 802 3048 τῇ
830 2941 1078 3045 ἀνθρωπότητι
1103 2942 1171 3043 τὴν
1193 2945 1313 3048 αῦτήθ

88 3067 299 3164 πρέπουσαν
317 3064 431 3173 τάξιν,
450 3071 508 3147 καὶ
534 3062 605 3146 σῦν
623 3068 713 3171 αῦτῇ
735 3066 783 3146 τὰ
805 3067 896 3171 αὐτῇ
920 3067 1104 3168 πρέποντα
1128 3067 1171 3144 δι’
1191 3067 1284 3165 ἡμᾶς

88 3191 332 3289 οἰκειούμενος·
376 3197 454 3274 πῶς
489 3193 524 3271 δ’
558 3189 602 3270 ἀν
634 3193 692 3270 καὶ
726 3190 822 3273 όλως
858 3191 940 3293 δίχα
976 3188 1063 3270 ποτέ
1098 3196 1164 3268 τοῦ
1195 3189 1285 3268 ἰδίου

90 3312 297 3413 Πνεῦματος
322 3315 343 3394 ὁ
366 3312 487 3416 Λόγος
515 3321 631 3394 νοοῖτο
642 3346 654 3410 ;
693 3311 717 3414 ἢ
745 3310 816 3417 γάρ
844 3315 908 3393 οῦκ
935 3313 1070 3392 ἄτοπον
1093 3311 1285 3414 ἀνθριόπου

43 3457 73 3516 ⁸5
88 3439 306 3541 κεχωρίσθαι
331 3437 450 3539 λέγειν
470 3437 513 3517 τό
540 3445 680 3537 πνεῦμα
704 3434 746 3516 τό
771 3438 810 3517 ἐν
835 3438 940 3543 αῦτῷ,
959 3435 1051 3515 κατά
1074 3469 1113 3515 τε
1135 3432 1200 3515 τόν
1220 3439 1284 3533 τῆς

88 3559 233 3664 φύσεως
258 3559 343 3665 όρον
366 3563 424 3641 καὶ
448 3567 495 3645 εῖς
521 3559 724 3664 ὁλόκληρον
741 3569 806 3640 τοῦ
828 3557 919 3668 ζῴου
943 3557 1008 3640 τόν
1025 3556 1280 3663 ἀπαρτισμόν;

86 3683 171 3763 ἀλλ’
191 3680 288 3782 οἶμαι
309 3689 425 3765 πᾶσιν
445 3682 615 3788 ῦπάρχειν
633 3691 738 3764 τοῦτο
764 3684 1095 3789 καταφανεστατον.
1134 3682 1215 3761 τίνα
1238 3678 1284 3777 δή

87 3805 150 3884 οῦν
177 3805 313 3908 τρόπον
341 3809 601 3910 ἀπομεριυῦμεν
630 3804 674 3887 τό
704 3810 853 3907 Πνεῦμα
879 3814 944 3886 τοῦ
971 3810 1070 3902 Υὶοῦ,
1098 3803 1140 3883 τὸ
1169 3805 1283 3886 οὕτως

87 3929 290 4036 ἐμπεφυκὸς
314 3933 373 4010 καὶ
396 3931 581 4013 οῦσιιοδῶς
602 3929 793 4029 ἡνωμένον,
811 3927 855 4010 δι’
875 3931 985 4008 αὐτοῦ
1002 3962 1040 4008 τε
1060 3925 1310 4029 προκόπτον,ο
1336 3944 1398 4001 126
1409 3944 1449 4002 Δ.

121 4157 147 4208 3.
165 4137 245 4207 αῦτήν
257 4138 330 4194 BD.
341 4140 421 4196 αῦτδν
433 4139 485 4195 Ed.
653 4152 679 4208 5.
697 4137 866 4212 γενόμενον]
881 4140 908 4193 εἰς
921 4142 972 4194 σοῦ
984 4140 1080 4193 iterum
1092 4135 1167 4191 addit
1179 4135 1284 4207 Migne.

85 4235 111 4288 8.
130 4224 161 4300 ήν
174 4234 207 4288 Β.
316 4253 342 4307 9.
359 4234 461 4309 μόνοις]
480 4243 507 4301 -1-
522 4238 576 4294 τοῖς
589 4235 640 4290 Ed.
653 4235 743 4290 invitis
758 4235 828 4291 BD.
875 4233 930 4305 ῖχιι
944 4232 976 4289 Β.
1097 4231 1138 4286 16.
1155 4234 1235 4287 πόλιν
1248 4231 1282 4288 Β.

88 4347 129 4400 19.
148 4329 302 4402 πεφηνέναι]
319 4337 348 4396 -1-
362 4332 410 4401 μῖν
422 4331 455 4386 Β.
590 4347 634 4385 21.
653 4331 793 4387 διασώσειν
806 4328 839 4385 Β.
959 4343 1002 4383 22.
1021 4326 1052 4381 τά
1064 4325 1141 4398 αὐτῇ]
1154 4316 1233 4383 ταῦτῦ
1247 4327 1281 4381 Β.

87 4417 129 4470 23·
147 4401 214 4456 ἰδίου
227 4401 332 4456 Vaccus
344 4402 372 4456 in
386 4402 479 4474 Epigr.
491 4420 517 4457 v.
530 4399 581 4455 Ed.
593 4400 668 4471 ἁγίου
681 4401 714 4455 Β.
912 4415 927 4451 2
948 4438 955 4452 .
973 4420 1001 4452 τε
1014 4397 1128 4453 νεςοαε.
1142 4396 1193 4453 Ed.
1248 4397 1280 4452 B.

86 4487 129 4540 ιγ.
148 4472 204 4525 τίνα
216 4471 330 4527 Veccus.
344 4471 395 4527 Ed.
407 4474 471 4526 κατὰ
483 4472 627 4542 praemittit
641 4471 673 4526 B.
813 4470 856 4524 28.
874 4470 936 4524 Υῑοῦ
964 4471 1032 4522 θεοῦ
1046 4469 1079 4523 Β.
1091 4469 1181 4524 invitia
1220 4482 1282 4523 ecco

85 4541 201 4612 Georgio
212 4541 293 4612 Trap.
366 4558 409 4614 29.
428 4540 588 4613 προκύπτω]
604 4541 646 4596 De
659 4542 687 4596 S.
698 4539 792 4612 cyrilli
804 4539 885 4596 modo
897 4539 948 4596 hoc
961 4539 1043 4596 verbo
1054 4539 1147 4595 utendi
1159 4539 1196 4594 iu
1205 4546 1283 4595 mut

639 4622 732 4690 μοι
