3038 5018
222 290 288 354 258
528 288 566 352 B.
591 286 813 386 CYRIIJLI¹
830 285 1120 351 ALEXANDR.
1312 281 1358 347 iii.
1371 281 1428 366 36.

194 455 426 558 οάναδειχθῇ.
460 455 518 532 καὶ
537 448 661 554 ῶσπερ
680 449 851 555 ὑπάρχων
870 448 962 529 κατά
980 448 1095 555 φύσιν
1113 446 1183 553 ζωὴ
1202 446 1431 544 καταβέβηκε

223 577 267 654 δι’
286 576 380 675 ἡμᾶς
397 582 446 660 είς
464 573 528 656 τὸν
548 572 635 679 ὑπέρ
654 573 801 655 πάντων
819 572 911 654 κατὰ
929 573 1050 675 σάρκα
1069 573 1235 668 θάνατον,
1253 572 1312 650 ἵνα
1334 569 1431 668 ἡμᾶς

224 702 285 778 καὶ
302 698 456 779 θανάτου
475 703 533 778 καὶ
552 704 692 803 φθορᾶς
711 694 891 805 ἐξέληται,
910 694 968 776 διά
987 700 1051 795 τῆς
1068 692 1159 799 πρὸς
1183 695 1274 794 ἡμᾶς
1294 690 1427 791 ὁμοιαί·

224 852 318 905 σεως
345 819 421 901 οῖον
445 822 621 929 ἀναμίξας
646 824 772 928 ἐαυτῷ,
796 824 853 900 καῖ
879 821 968 924 ζωῆς
995 823 1060 919 τῆς
1088 820 1230 899 αἰωνίου
1255 815 1433 920 μετόχους

224 943 533 1048 ἀπεργασάμενος·
554 946 646 1025 οὑτω
666 947 723 1024 καὶ
742 953 819 1028 ταῖς
836 943 1019 1047 ἡμετέραις
1037 943 1271 1046 ὀλιγοτιμίαις
1284 969 1465 1043 συσχη-5

224 1068 403 1171 ματίζεται
434 1070 565 1172 Κύριος
593 1071 657 1168 τῆς
683 1067 792 1175 δόξης
819 1067 1001 1173 ὑπάρχων,
1020 1070 1067 1151 ῶς
1092 1065 1197 1165 Θεὸς,
1215 1067 1273 1147 ἵνα
1298 1066 1358 1144 καὶ
1382 1069 1434 1148 εἱς

224 1190 292 1292 τὴν
312 1188 491 1288 βασίλίδα
514 1190 621 1293 τιμὴν
643 1189 810 1298 ἀναγάγη
834 1190 901 1291 τὴν
919 1189 1109 1292 ἀνθρώπου
1139 1188 1265 1297 φύσιν.
1304 1187 1434 1291 γε’γονε

57 1333 183 1385 eoum.
226 1314 298 1420 γάρ
318 1326 339 1363 “
353 1318 391 1397 ἐν
412 1323 527 1397 πᾶσιν
551 1315 658 1401 αὑτὸς
682 1314 905 1420 πρωτεύων,”
927 1318 975 1399 ῶς
1000 1316 1020 1395 5
1047 1313 1197 1399 Παῦλός
1220 1323 1348 1422 φησιν,
1371 1315 1434 1392 καὶ

226 1437 309 1523 ὁδὸς
326 1443 385 1520 καὶ
404 1439 495 1544 θύρα
515 1443 573 1521 καὶ
592 1438 739 1545 ἀπαρχὴ
757 1446 830 1521 τῶν
848 1443 911 1541 τῆς
931 1437 1209 1542 ἀνθριυπότητος
1226 1440 1374 1541 ἀγαθῶν
1393 1439 1435 1516 ἐκ

58 1576 117 1632 173
128 1573 168 1629 A·
200 1562 384 1643 νθανάτου
405 1563 496 1667 πρὸς
516 1562 618 1666 ζωὴν,
638 1567 676 1643 ἐκ
702 1569 840 1669 φθορᾶς
865 1569 913 1647 είς
938 1562 1159 1670 ἀφθαρσίαν,
1176 1563 1221 1669 ἐξ
1244 1560 1435 1644 ἀσθενείας
1451 1592 1486 1632 10

228 1691 275 1770 εἰς
295 1685 455 1789 δύναμιν,
473 1689 512 1767 ἐκ
531 1688 693 1771 δουλείας
712 1693 762 1772 εἷς
782 1688 974 1785 υἱοθεσίαν,
988 1686 1033 1792 ἐξ
1048 1686 1190 1785 ἀτιμίας
1208 1689 1266 1766 καὶ
1284 1683 1436 1790 ἀδοξίας

227 1815 276 1893 εἰς
303 1808 410 1910 τιμὴν
434 1813 492 1891 καὶ
521 1810 633 1918 δόξαν
657 1803 724 1911 τὴν
745 1808 953 1911 βασιλικήν.
996 1810 1125 1890 οὑκοῦν
1148 1809 1236 1890 ὅταν
1260 1809 1436 1916 φαίνηται

227 1930 427 2030 λαμβάνων
446 1936 494 2016 ῶς
517 1934 707 2037 ἅνθρωπος
732 1935 752 2012 5
770 1933 869 2031 Υἱὸς,
889 1931 980 2034 άπερ
1006 1930 1099 2037 εἶχεν
1117 1935 1166 2018 ῶς
1188 1930 1293 2023 Θεὸς,
1314 1965 1433 2010 σκαν-

227 2054 453 2159 δαλιζῶμεθα
476 2055 543 2155 μέν
561 2062 746 2157 μηδαμῶς,
767 2059 942 2155 ἐννοῶμεν
960 2053 997 2135 δέ
1022 2062 1169 2154 μᾶλλον
1187 2061 1251 2155 τῆς
1275 2056 1319 2135 δι’
1338 2055 1437 2155 ἡμᾶς

228 2183 286 2260 καὶ
305 2178 393 2286 ὑπέρ
410 2181 512 2282 ἡμῶν
531 2180 731 2277 οἰκονομίας
749 2178 813 2260 τὸν
830 2179 977 2282 τρόπον.
1011 2181 1104 2260 ούτω
1123 2180 1197 2284 γὰρ
1214 2176 1377 2283 ἀτρωτύν
1397 2212 1434 2259 τε
1452 2216 1464 2256 ι
1470 2211 1486 2273 ⁵

227 2308 285 2383 καὶ
304 2303 450 2406 ἀζήμιον
468 2302 531 2384 τὸν
548 2304 682 2385 ἑαυτῶν
699 2302 962 2408 διατηρήσομεν
981 2312 1074 2385 νοῶν.

180 2509 218 2584 3⁶
394 2518 436 2584 ‘O
464 2521 626 2587 πιστεύων
653 2518 700 2585 εἰς
727 2522 783 2588 τὸν
810 2519 886 2589 Υἰὸν
914 2523 980 2608 ἔχει
1007 2522 1091 2610 ςωέιν
1118 2517 1264 2585 αἰώνιον.

289 2682 372 2786 Ούχ
391 2684 527 2779 ἁπλῶς,
547 2683 626 2763 ούδέ
651 2683 832 2786 ἀζητήτως
856 2691 928 2767 τοῖς
949 2683 1182 2765 πιστεύουσιν
1200 2689 1248 2767 είς
1266 2679 1438 2786 Χριστὸν

232 2803 323 2907 ζωὴν
344 2811 557 2908 προκεῖσθαι
585 2804 627 2886 τὸ
655 2809 762 2911 γέρας
789 2809 809 2886 5
834 2807 1049 2914 σοφώτατος
1074 2810 1306 2911 ἐπιμαρτυρεῖ
1328 2815 1433 2902 βαπ·

231 2926 367 3028 τιστὴς,
391 2929 476 3009 ἀλλ’
495 2930 540 3038 ἐξ
563 2933 672 3030 αὐτῆς
697 2933 791 3030 ἡμῖν,
809 2932 850 3010 ἵν’
872 2935 984 3016 οὕτως
1008 2932 1105 3028 ε’ίπω,
1125 2935 1188 3031 τῆς
1214 2937 1286 3011 τῶν
1307 2964 1433 3034 πραγ·
1451 2965 1486 3004 20

231 3050 356 3151 μάτων
384 3052 572 3154 ποιότητος
605 3052 793 3157 εἰσκομίζει
825 3054 892 3154 τὴν
922 3052 1116 3161 ἀπόδειξιν·
1163 3052 1233 3156 ζωὴ
1264 3052 1332 3152 μέν
1361 3053 1438 3158 γὰρ

63 3171 187 3303 ᾗζῇἓιξ
233 3175 324 3256 κατὰ
350 3178 465 3282 φύσιν
483 3179 582 3257 ἐστὶν
605 3179 625 3256 5
653 3179 876 3279 Μονογενής’
908 3190 929 3226 “
942 3178 1008 3267 Ἐν
1026 3181 1122 3285 αὐτῷ
1145 3178 1217 3280 γὰρ
1242 3176 1356 3281 ζῶμεν
1376 3181 1439 3258 καὶ

67 3305 105 3353 ²⁸·
234 3310 255 3347 “
274 3298 462 3396 κινούμεθα
482 3304 539 3379 καὶ
557 3298 696 3399 ἐσμέν.”
735 3301 954 3405 είσοικίζεται
973 3299 1011 3380 δέ
1029 3300 1172 3385 πάντως
1190 3300 1274 3399 ἡμῖν
1293 3301 1351 3380 διὰ
1369 3306 1438 3405 τῆς

232 3424 400 3519 πίστεως,
419 3424 477 3501 καὶ
497 3431 653 3503 κατοικεῖ
668 3422 727 3503 διά
744 3433 808 3505 τοῦ
825 3425 954 3527 Ἀγίου
973 3424 1191 3522 Πνεύματος·
1222 3428 1281 3504 καὶ
1297 3459 1438 3527 μαρτυ-

232 3544 337 3648 ρήσει
355 3544 474 3647 λέγων
492 3546 512 3624 5
530 3543 702 3649 μακάριος
715 3546 883 3647 Ἰωάννης
903 3550 922 3627 5
943 3546 1220 3650 Εὑαγγελιστὴς
1237 3551 1276 3627 ἐν
1293 3548 1437 3634 οἰκείαις
1452 3587 1486 3648 ²5

64 3674 189 3804 {VS-{xm
203 3705 220 3750 ο
233 3673 442 3751 ἐπιστολαῖς
467 3679 489 3715 “
504 3669 570 3748 Ἐν
595 3668 710 3776 τούτῳ
737 3669 964 3772 γινώσκομεν
989 3670 1044 3750 ὅτι
1072 3674 1109 3750 ἐν
1135 3671 1218 3769 ἡμῖν
1242 3672 1353 3768 ἐστιν,
1380 3671 1439 3752 ότι

234 3805 256 3842 “
274 3796 313 3873 ἐκ
341 3800 405 3872 τοῦ
434 3791 645 3890 Πνεύματος
672 3794 781 3872 αὑτοῦ
808 3794 937 3874 ἐδωκεν
965 3794 1082 3894 ἦμῖν.”
1121 3793 1334 3897 ζωοποιήσει
1361 3828 1438 3875 τοι·

233 3924 368 4019 γαροῦν
397 3915 416 3994 5
445 3912 607 4015 Χριστὸς
638 3913 720 3999 τοὺς
751 3916 988 4000 πιστεύοντας
1020 3922 1068 4001 είς
1100 3915 1219 4015 αὑτὸν,
1248 3920 1306 4001 ῶς.
1328 3917 1439 4004 αὑτὸς

235 4038 405 4145 ὑπάρχων
417 4037 509 4117 κατὰ
528 4039 641 4146 φύσιν
656 4036 737 4140 ζωὴ,
751 4043 809 4119 καῖ
829 4038 958 4121 λοιπὸν
973 4047 1146 4120 κατοικῶν
1159 4042 1197 4121 ἐν
1211 4042 1342 4126 αὑτοῖς.
1381 4041 1438 4121 ότι

269 4250 296 4305 3.
316 4235 356 4287 καὶ
369 4234 443 4303 prius
456 4250 510 4288 om.
523 4233 557 4286 Β.
630 4253 655 4301 4.
673 4235 753 4308 ἐαυτῷ
769 4234 800 4288 Β.
813 4235 909 4289 δαυτῶν
922 4235 958 4289 D.
971 4235 1062 4289 ἐαυτὸν
1074 4234 1126 4290 Ed.
1201 4252 1242 4291 10.
1258 4233 1337 4317 πρὸς]
1351 4235 1390 4293 εἷς
1403 4235 1436 4292 Β.

237 4305 345 4385 ι3.,ἀπε
377 4304 446 4359 BD.
459 4304 523 4374 ὅπερ
537 4303 589 4359 Ed.
686 4305 727 4359 18.
746 4303 886 4386 ούδέ]ριἰδ’
902 4305 966 4387 Β.Ι
1025 4320 1067 4361 22.
1086 4305 1144 4359 ἐστὶ
1156 4307 1219 4360 κατδ
1232 4305 1316 4378 φύσιν
1327 4324 1438 4362 mverso

232 4373 327 4429 οτδιαο
341 4326 373 4428 δ.
387 4375 460 4429 ἐστιν
472 4382 533 4444 post
547 4373 693 4447 Μανογενὴς
705 4383 855 4443 transpomt
866 4393 901 4438 α,
915 4381 1044 4429 ommuni,
1055 4375 1082 4430 b.
1096 4375 1178 4431 Cord.
1193 4377 1239 4434 Cr.
1356 4390 1403 4448 25.
1421 4380 1438 4432 ὁ

289 4444 356 4567 4υωῖ
365 4443 483 4581 ’ζῖωιίνέης
495 4447 510 4499 δ
522 4445 717 4516 Εὑαγγελιστὴς
730 4444 763 4499 Β.
775 4447 789 4497 ό
802 4445 989 4516 εὐαγγελιστὴς
999 4444 1116 4515 Ἰωάννης
1128 4445 1181 4503 Ed.
1303 4464 1347 4518 29.
1368 4445 1435 4521 ζωὴ]

321 4535 343 4569 ια
380 4538 415 4584 ωη
456 4556 461 4569 .
