3038 5018
193 277 255 345 172
491 274 529 338 Β.
553 271 764 338 CYRILLI
794 269 1081 335 ALEXANDR.
1299 263 1321 327 i.
1336 281 1390 349 3¹·

143 645 179 702 3¹
223 628 317 702 Κάτὼ
344 627 401 691 οὐκ
430 625 520 716 ᾔδειν
548 624 657 705 αὐτὸν,
684 625 750 689 ἀλλ’
785 624 838 689 ἵνα
866 627 1046 712 φανερωθιζ-
1073 627 1122 709 τῷ
1140 621 1285 710 Ἰοραίιλ,
1310 616 1366 683 διά

445 772 542 832 τοῦτο
570 761 670 831 ιἰλθον
697 766 764 840 ὲτώ
789 765 825 831 ἒν
852 764 944 831 ὕδατι
972 763 1141 854 βαπτίζων.

166 1026 184 1068 ο
249 992 298 1069 ‘O
331 991 369 1068 έν
402 994 446 1092 τῇ
483 987 601 1094 κοιλίᾳ
638 991 700 1087 τῆς
738 986 865 1085 νηδύος
897 984 1167 1089 ἀνασκιρτήσας
1202 986 1265 1081 τῆς
1302 979 1394 1063 ἰδίας
1442 1030 1449 1047 ‚

194 1112 327 1217 μητρὸς
355 1114 411 1192 ε’πὶ
436 1118 481 1215 τῇ
506 1115 610 1218 φωνῇ
634 1114 698 1209 τῆς
723 1111 829 1212 ἁγίας
855 1111 1035 1212 παρθένου
1062 1106 1312 1216 κυοφορούσης
1339 1104 1393 1184 ἔτι

193 1236 256 1316 τὸν
291 1235 436 1339 Κύριον,
469 1236 489 1313 ὁ
526 1232 598 1336 πρὸ
635 1238 699 1332 τῆς
732 1237 854 1317 ὠδῖνος
887 1231 1087 1341 προφήτης,
1122 1235 1142 1311 ὁ
1174 1233 1213 1310 έν
1245 1229 1427 1338 ἐμβρύοις

193 1357 355 1460 μαθητής
379 1364 457 1439 Οὐκ
480 1353 562 1470 :Mser
581 1357 678 1438 ωὐτδν
696 1360 776 1459 περὶ
801 1365 864 1436 τοῦ
884 1354 1051 1460 Σωτῆράς
1077 1364 1204 1462 φησιν,
1226 1350 1393 1452 ἀληθεύει

194 1483 233 1563 δέ
255 1482 384 1585 λέγων·
416 1483 458 1560 ού
476 1479 548 1584 γάρ
566 1480 751 1587 ψεύδεται·
780 1480 900 1560 πάντα
917 1479 983 1578 μέν
1001 1478 1072 1583 γὰρ
1091 1476 1183 1558 οἶδεν
1201 1477 1246 1585 ἐξ
1266 1481 1393 1558 ἑαυτοῦ

195 1610 252 1686 καὶ
277 1605 473 1689 ἀδιδάκτως
496 1600 600 1699 Θεὸς,
619 1608 791 1687 διδακτῶς
816 1602 853 1682 δέ
878 1604 901 1702 ἡ
926 1603 1053 1688 κτίσις·
1082 1605 1239 1682 ἐνοικοῦν
1256 1598 1293 1680 δέ
1317 1608 1392 1684 τοῖς

196 1730 309 1831 ἁγίοις
327 1725 369 1808 τὸ
390 1734 552 1826 Πνεῦμα,
573 1726 615 1807 τὸ
633 1727 750 1807 ε’νδέον
768 1731 980 1830 ἀναπληροῖ,
999 1730 1057 1807 καί
1081 1725 1123 1806 τὸ
1146 1726 1236 1805 ’ίδιον
1254 1720 1392 1826 ἀγαθὸν

195 1858 240 1958 τῇ
259 1851 452 1955 ἀνθρώπου
471 1850 581 1958 φύσει
606 1848 794 1956 χαρίζεται,
813 1849 855 1929 τὸ
880 1851 1007 1931 είδέναι
1032 1852 1125 1959 φημί
1150 1847 1196 1928 τὰ
1220 1846 1390 1947 ἐσόμενα,
1412 1883 1449 1922 ιο

196 1979 255 2055 καί
283 1981 356 2054 τῶν
382 1973 631 2077 κεκρυμμένων
660 1974 870 2075 μυστηρίων
898 1970 964 2073 τὴν
994 1981 1145 2075 γνῶσιν.
1185 1975 1312 2052 οὐκοῦν
1341 1971 1393 2070 μὴ

163 2097 321 2182 ἀείδέναι
348 2097 468 2199 λέγων
501 2094 565 2176 τὸν
592 2095 727 2198 Κύριον
750 2099 769 2175 ὁ
797 2096 970 2200 μακάριος
996 2096 1213 2196 βαπτιστὴς,
1238 2095 1389 2201 διαψεύ-

195 2256 297 2301 σεται
316 2221 381 2318 μὲν
399 2223 572 2319 ούδαμῶς,
591 2219 684 2299 κατά
709 2254 751 2322 γε
778 2219 820 2299 τδ
845 2224 909 2319 τῆς
931 2219 1208 2325 ἀνθρωπάτητος
1226 2220 1315 2300 ’ίδιον
1334 2222 1394 2300 καί

194 2347 236 2424 τὸ
264 2345 402 2446 πρέπον
426 2350 471 2448 τῇ
500 2345 615 2423 κτίσει
643 2344 784 2447 μέτρον,
812 2342 984 2444 ἀναθήσει
1013 2343 1050 2424 δέ
1078 2343 1176 2453 μόνῳ
1204 2340 1246 2422 τδ
1274 2340 1396 2424 πάντα

194 2466 322 2547 εἰδέναι
350 2473 401 2572 τῷ
429 2473 522 2574 Θεῷ,
551 2473 602 2572 τῷ
630 2465 688 2545 διὰ
720 2465 929 2565 Πνεύματος
955 2470 1083 2569 Ἅγίου
1111 2468 1201 2572 πρὸς
1228 2467 1295 2567 τὴν
1321 2474 1397 2547 τῶν
1414 2500 1451 2560 ¹5

195 2590 443 2692 κεκρυμμένων
461 2589 670 2696 κατάληψιν
689 2598 974 2696 φωταγωγοῦντι
993 2591 1056 2672 τὸν
1075 2593 1279 2695 ἄνθρωπον·
1300 2626 1392 2696 χρη·

195 2714 312 2812 σίμως
339 2711 376 2792 δέ
402 2711 485 2793 λίαν
504 2715 567 2793 οὐκ
587 2714 711 2793 εἰδέναι
730 2713 796 2811 μέν
815 2715 860 2821 ἐξ
875 2717 1000 2795 ἑαυτοῦ
1019 2721 1113 2823 φησι
1132 2715 1196 2795 τὸν
1213 2712 1394 2816 Χριστὸν,

195 2835 409 2936 ἐληλυθέναι
428 2834 542 2937 γεμὴν
561 2835 619 2916 διὰ
637 2845 743 2916 τοῦτο
762 2839 899 2940 κυρίως,
915 2840 971 2918 ’ίνα
990 2837 1136 2947 φανερὸν
1153 2836 1261 2921 αὐτὸν
1280 2873 1394 2918 κατα-

196 2959 321 3066 στήσῃ
354 2969 400 3068 τῷ
431 2959 579 3067 ’1σριιίιλ,
608 2961 666 3040 ἵνα
698 2958 747 3060 μὴ
782 2961 981 3061 αὐτόμολος
1011 2965 1069 3044 έπί
1105 2962 1171 3063 τὴν
1198 2964 1400 3066 μαρτυρίαν

167 3084 366 3190 οφαίνηται
395 3083 552 3187 δραμὼν,
580 3082 669 3184 μηδὲ
702 3087 801 3164 ἰδίων
828 3085 1042 3185 θελημάτων
1070 3087 1245 3190 ὑπηρέτης
1274 3091 1400 3186 νοῆται
1415 3125 1455 3164 20

196 3206 296 3310 παρά
320 3242 427 3303 τισιν,
448 3206 549 3286 ἀλλὰ
573 3208 668 3291 θείας
693 3208 758 3306 μέν
783 3210 984 3306 οἰκονομίας
1008 3209 1170 3313 ἐργάτης,
1193 3214 1331 3308 βουλῆς
1358 3209 1400 3288 δέ

198 3336 262 3430 τῆς
281 3331 417 3410 ἀνωθεν
437 3331 626 3433 ὑπουργὸς,
641 3330 969 3432 ἀποκαλυπτούσης
988 3335 1083 3440 αὐτῷ
1101 3332 1165 3414 τὸν
1177 3332 1315 3433 Ἀμνδν
1334 3333 1401 3414 τὸν

199 3453 345 3555 αἴροντα
367 3451 433 3553 τὴν
451 3455 628 3555 ἁμαρτίαν
646 3463 710 3536 τοῦ
730 3454 883 3553 κόσμου.
928 3456 986 3536 ἵνα
1005 3458 1124 3536 τοίνυν
1142 3457 1400 3560 εὐπετέστερον

199 3578 256 3657 ε’πὶ
276 3582 327 3683 τῷ
346 3574 528 3656 πιστεύειν
547 3579 604 3657 ε’πὶ
622 3583 673 3685 τῷ
693 3583 834 3681 Σωτῆρι
853 3584 1005 3687 Χριστῷ
1022 3581 1199 3683 βαδίζοιεν
1217 3581 1398 3678 Ἰουδαῖοι,

198 3703 256 3780 καί
281 3697 578 3806 ἀξιολογωτάτην
600 3700 712 3805 ε”χωσι
738 3705 818 3804 περὶ
843 3703 952 3786 αὑτοῦ
978 3702 1044 3801 τὴν
1068 3703 1255 3811 διάληψιν,
1280 3703 1396 3804 ε’γνω-
1416 3734 1456 3794 ²5

198 3820 296 3901 κέναι
322 3825 440 3931 φησίν
466 3821 574 3902 αι’πὸν
599 3824 662 3903 ούκ
688 3822 798 3921 είδὰις,
818 3824 877 3903 ίνα
901 3824 1030 3905 λοιπὸν
1051 3829 1201 3907 ε’ννοῶσι
1226 3825 1289 3906 τδν
1307 3830 1402 3907 ἀπο-

632 3945 781 3975 §xv

198 3941 418 4053 καλύψαντα
451 3943 556 4042 Θεδν,
586 3980 645 4025 και
676 3980 718 4026 το
754 3954 891 4027 ανωθεν
922 3948 1239 4053 ἀποναρκῆσαντες
1271 3957 1401 4052 κρῖμα,

236 4230 261 4268 2.
280 4215 308 4267 έν
318 4214 391 4269 ὕδατι
408 4216 540 4283 βαπτίζων
555 4215 607 4269 hoc
625 4215 718 4271 ordine
737 4218 768 4272 B.
780 4218 910 4285 βαπτίζων
924 4219 952 4273 έν
966 4217 1038 4273 ὕδατι
1055 4219 1090 4273 D.
1104 4219 1155 4273 Ed.
1169 4219 1215 4273 sed
1231 4219 1258 4273 έν
1268 4224 1305 4274 τέ)
1324 4220 1403 4277 ὕδατι

199 4285 328 4351 βαπτίζων
340 4286 426 4339 voluit
440 4286 465 4339 D
478 4303 533 4356 mg.
675 4305 701 4357 3.
721 4291 765 4357 τῆς
777 4287 867 4356 νηδύος
879 4289 1143 4358 ἀνασκιρτησας-ἔτι
1156 4290 1188 4344 Β.
1201 4292 1247 4359 τῆς
1258 4273 1325 4347 ίδίας
1336 4293 1403 4347 ἀνα·

200 4355 341 4422 σκιρτησας
352 4357 447 4425 μητρὸς
459 4357 497 4409 ἔτι
510 4359 554 4424 τῆς
565 4356 639 4427 ἁγίας
650 4358 777 4428 παρθένου
790 4361 971 4428 κυοφοροιίσης
984 4359 1034 4413 Ed.
1169 4375 1193 4431 7.
1213 4361 1243 4430 ἐξ
1254 4363 1347 4416 ἑαυτοῦ
1360 4363 1402 4420 D.

200 4424 229 4489 ἐξ
241 4426 319 4478 αὐτοῦ
331 4424 384 4479 Ed.
541 4444 581 4497 17.
601 4427 630 4494 ἐξ
642 4429 733 4483 ἑαυτοῦ
745 4432 814 4500 φησι
827 4429 877 4484 hoc
889 4430 982 4484 ordine
996 4429 1028 4484 B.
1179 4449 1221 4497 24.
1241 4431 1282 4486 ἐπὶ
1295 4434 1342 4488 alt.
1356 4452 1403 4490 τις·

199 4506 339 4564 sumptum
351 4513 383 4549 ex
397 4494 429 4551 B.
443 4495 516 4550 deest
527 4497 555 4550 in
568 4496 650 4552 (ἰατὰ.
