3038 5018
240 295 306 357 416
544 295 584 360 B.
608 294 816 360 οταιυοι
846 263 1133 359 Αοακιιιοιι.
1331 284 1443 349 τιτι.

195 561 379 642 ῑῐἜλαβεν
408 560 465 630 οὗν
493 565 568 630 τοὺς
600 565 719 655 ἄρτους
751 566 922 633 ὁἸιισοῦο
953 564 1007 630 καί
1038 561 1273 651 εὐχαριστήσας
1304 555 1445 623 διέδωκε

294 685 362 755 τοῖς
397 690 634 768 ἀνακειμένοις·
679 691 803 768 ὁμοίως
841 690 878 756 δὲ
914 690 968 756 καί
1002 691 1040 756 ὲκ
1079 689 1145 756 τῶν
1180 683 1332 774 ὀψαρίων
1367 682 1446 748 ὅσον

294 814 423 885 ιῖθελον.

300 979 523 1083 Ειῖχαριστεῖ
545 978 612 1079 μέν
637 987 684 1064 είς
712 981 826 1061 τύπον
851 979 1030 1083 ἡμέτερον,
1048 980 1107 1059 καὶ
1135 980 1199 1076 τῆς
1227 970 1447 1079 ὄφειλούσηί

210 1101 329 1200 οὴμῖν
345 1103 554 1208 ἐνυπάρχειν
572 1104 758 1199 εὐλαβείας
777 1101 1024 1207 ὑπογραμμόν.
1056 1090 1246 1200 ἀνατίθησι
1265 1095 1303 1176 δέ
1321 1093 1445 1189 πάλιν,
1460 1124 1478 1184 5

245 1227 294 1309 ὡς
319 1223 516 1329 ἅνθρωπος,
536 1232 581 1332 τῇ
600 1228 677 1334 θείᾳ
702 1225 811 1332 φύσει
836 1227 902 1327 τὴν
920 1229 977 1307 ἐπὶ
996 1232 1047 1335 τῷ
1065 1222 1261 1328 παραδόξῳ
1280 1218 1443 1314 δύναμιν.

245 1350 465 1429 κατείθισται
492 1349 564 1453 γάρ
591 1386 669 1436 πως
697 1350 799 1434 οὗτος
827 1353 847 1430 ὁ
876 1348 1009 1454 τρόπος
1037 1351 1143 1456 αὐτῷ,
1163 1350 1221 1426 καί
1245 1349 1447 1450 ὠφελοῦντι

244 1471 335 1575 πρὸς
368 1473 605 1576 ὑπογραμμὸν
636 1475 834 1574 εὐλαβείας,
862 1474 1024 1575 καθάπερ
1052 1470 1251 1576 εἰρήκαμεν,
1279 1467 1362 1550 τοὺς
1390 1468 1445 1570 ἐφ’

245 1594 297 1679 οῖς
332 1599 525 1703 άναδειχθῇ
556 1604 629 1676 τῶν
657 1597 868 1679 καλλίστων
898 1584 1101 1699 είσηγητῆς,
1130 1598 1188 1674 καί
1220 1595 1450 1689 οἰκονομικῶς
1496 1603 1498 1607 ’

245 1720 532 1824 κατακρύπτοντί
546 1756 624 1804 πως
643 1723 694 1801 ἐτι
713 1720 755 1801 τὸ
774 1720 966 1827 θεοπρεπὲς
984 1719 1136 1827 ἀξίωμα,
1155 1722 1241 1821 πρὶν
1259 1718 1450 1812 ἐπιστῆναι
1467 1743 1501 1781 10

246 1853 310 1924 τοῦ
330 1851 458 1925 παθεῖν
475 1843 540 1925 τὸν
558 1843 694 1947 καιρόν·
726 1845 770 1948 ἦν
794 1844 866 1950 γὰρ
892 1845 936 1947 δὴ
962 1850 1021 1925 καί
1049 1842 1106 1925 διά
1135 1843 1325 1949 φροντίδος
1353 1839 1452 1945 αὐτῷ

78 1981 174 2111 ιῐρξέο
247 1966 290 2048 τὸ
309 1973 432 2049 λαθεῖν
450 1971 653 2072 ἐπείγεσθαι
673 1967 736 2049 τὸν
753 1969 911 2074 ἄρχοντα
929 1977 993 2049 τοῦ
1011 1976 1137 2052 αίῶνος
1155 1964 1296 2046 τούτου.
1336 1960 1452 2042 διάτοι

123 2082 129 2097 ’
174 2083 180 2096 ’
219 2101 354 2176 οτοιῖτο
377 2096 435 2173 καὶ
459 2096 497 2173 ἐν
520 2093 650 2195 ἑτέροις
674 2092 739 2179 τὰς
763 2093 829 2193 μὲν
845 2095 1045 2198 ἀνθρώποις
1071 2089 1281 2195 πρεπούσας
1297 2120 1449 2191 σχημα-

248 2214 375 2319 τίζεται
419 2214 553 2323 φωνάς,
592 2221 640 2302 ὡς
680 2217 881 2322 ἅνθρωπος·
930 2215 1114 2320 θεραπεύει
1149 2213 1187 2293 δέ
1228 2211 1342 2294 πάλιν
1377 2215 1453 2288 τῶν

248 2340 482 2443 ἀκροωμένων
509 2340 573 2421 τὸν
601 2350 695 2438 νοῦν,
715 2341 937 2449 σοφωτάτην
962 2341 1044 2421 ἐσθ’
1064 2338 1123 2419 ὅτε
1150 2334 1357 2434 ποιούμενος
1385 2331 1454 2432 τὴν
1469 2356 1503 2415 ¹5

249 2464 453 2566 ἐπαγωγὴν,
476 2468 524 2550 ὡς
551 2467 589 2545 ἐν
616 2472 668 2574 τῷ
696 2477 718 2514 “
733 2464 866 2570 Πάτερ,
889 2467 1091 2570 εὐχαριστῶ
1120 2496 1181 2541 σοι
1210 2460 1265 2540 ὅτι
1291 2456 1454 2558 ἤκουσάς

251 2596 272 2634 “
290 2585 396 2687 μου.”
433 2589 534 2696 ὁρᾷς,
557 2587 654 2673 ὅπως
681 2588 988 2692 ἀνθρωποπρεπὴς
1013 2590 1033 2667 ὁ
1062 2586 1183 2689 λόγος,
1203 2585 1261 2664 καί
1288 2579 1356 2681 τὴν
1379 2587 1456 2661 τῶν

250 2711 505 2815 ἀκεραιοτέρων
522 2711 680 2792 διάνοιαν
699 2711 892 2820 ἐκταράξαι
916 2712 1133 2812 δυνάμενος;
1162 2705 1248 2788 ἀλλ’
1268 2705 1329 2787 ὅτε
1346 2703 1457 2786 τοῦτό

251 2838 378 2940 φησιν,
406 2838 454 2917 ὡς
482 2835 680 2938 ἅνθρωπος,
707 2835 789 2916 τότε
818 2836 862 2938 δὴ
890 2834 1004 2918 πάλιν
1031 2833 1134 2919 εὐθὺς
1161 2837 1226 2933 τῆς
1253 2831 1458 2929 οίκονομίας

250 2957 428 3065 ἐξηγεῖται
451 2959 516 3040 τὸν
534 2961 685 3064 τρόπον,
710 2964 768 3040 καί
794 2960 857 3040 τὸν
875 2963 932 3041 ἐπὶ
957 2967 1010 3068 τῷ
1035 2957 1237 3056 βούλεσθαι
1262 2953 1458 3036 λανθάνειν
1472 2986 1507 3027 ²0

216 3082 402 3182 ἀσκοπὸν,
422 3084 556 3185 άριστα
582 3084 627 3186 δὴ
646 3087 730 3165 λίαν
749 3090 944 3181 οίκονομῶν
961 3088 1020 3164 καί
1044 3081 1270 3186 άνατειχίζων
1286 3089 1456 3181 παραλε-

83 3219 173 3282 lb·4²·
252 3207 406 3305 λυμένον
433 3215 505 3288 τῶν
533 3208 792 3313 ἁπλουστέρων
818 3206 881 3289 τὸν
906 3217 1002 3289 νοῦν.
1046 3218 1067 3255 “
1086 3204 1185 3309 Ἐγὼ
1214 3201 1285 3308 γάρ
1319 3200 1456 3309 ᾔδειν,”

252 3333 381 3436 φησὶν,
401 3340 424 3378 “
443 3329 498 3411 ὅτι
518 3330 675 3412 πάντοτέ
698 3368 767 3431 μου
786 3332 956 3417 ἀκοάεις.”
994 3333 1090 3415 τίνος
1109 3330 1172 3410 οὖν
1190 3329 1290 3409 ἕνεκα
1308 3335 1459 3407 τοιαῦτα

251 3460 376 3537 λαλεῖς
391 3486 402 3550 ;
435 3465 456 3502 “
471 3453 546 3534 Διὰ
563 3453 627 3533 τὸν
647 3455 760 3560 ὄχλον
778 3456 843 3536 τὸν
859 3462 1084 3560 περιεστῶτα
1104 3451 1214 3552 εἷπον,
1230 3452 1289 3532 ἵνα
1307 3446 1458 3530 πιστειί·

250 3587 273 3624 “
291 3612 401 3674 σωσι,
431 3582 557 3683 φησίν,
589 3578 644 3659 ὅτι
677 3578 728 3659 σά
758 3614 803 3679 με
834 3579 1082 3664 ἁπέστειλας.”
1130 3575 1186 3680 ἄρ’
1219 3577 1281 3655 οὖν
1314 3570 1381 3654 οὐκ
1413 3571 1459 3652 ἂν
1473 3597 1506 3657 ²5

250 3702 388 3804 γένοιτο
414 3701 473 3782 διὰ
497 3702 635 3786 τούτων
657 3703 869 3812 καταφανὲς,
889 3703 944 3784 ὅτι
971 3703 1210 3807 πολυτρόπως
1238 3701 1330 3800 ἡμᾶς
1359 3701 1456 3800 ὧφε·

251 3832 338 3925 λῶν,
362 3828 420 3906 καὶ
448 3825 512 3908 τὸν
537 3828 777 3933 κεκρυμμένον
801 3832 865 3928 τῆς
891 3826 982 3928 μετὰ
1009 3825 1146 3931 σαρκὸς
1174 3823 1389 3922 οἰκονομίας,
1409 3825 1460 3907 ὦς

250 3946 296 4029 ἂν
313 3952 410 4057 αὐτῷ
432 3951 571 4054 πρέποι,
590 3951 743 4031 διανθων
764 3950 915 4048 σκοπὸν,
932 3948 1164 4052 ταπεινάτερά
1188 3983 1276 4046 πως,
1295 3944 1318 4048 ἢ
1344 3949 1385 4026 ἐν
1408 3943 1462 4030 οἷς

251 4075 352 4152 ἐστιν
371 4077 526 4174 ἀληθῶς,
545 4073 629 4155 ἐσθ’
651 4073 709 4155 ὅτε
728 4082 859 4172 λαλεῖ;
892 4078 940 4160 ὡς
967 4076 1031 4155 οὖν
1048 4078 1087 4154 ἐν
1111 4073 1253 4156 ἐκείνοις
1281 4077 1461 4170 οἰκονομι-

289 4327 314 4364 2.
333 4310 400 4382 τοῖς]
418 4318 445 4374 -ί-
458 4312 589 4381 μαθτγταῖς,
608 4315 633 4367 οί
651 4314 680 4368 δέ
697 4313 808 4382 μαθηταί
826 4315 881 4370 τοῖς
894 4312 944 4367 Ed.
958 4313 1043 4368 invito
1057 4312 1090 4366 B.
1139 4311 1168 4366 δι’
1188 4317 1361 4380 assumptum
1380 4327 1416 4364 ex
1431 4309 1464 4364 B.

253 4379 279 4435 6.
296 4383 328 4470 ρὸ
339 4382 488 4470 παράδοξον
501 4383 533 4437 Β.
600 4459 605 4470 ⁴
690 4386 717 4440 8.
735 4383 808 4472 τοὺς]
822 4388 869 4438 τοῦ
883 4383 916 4438 Β.
1081 4400 1121 4437 Ιο.
1139 4383 1178 4437 ἔτι
1190 4387 1363 4472 αααιιωρίριαρ
1377 4398 1412 4435 ex
1427 4381 1464 4436 D.

252 4453 456 4592 ἷὲρρῳρέρὰπριν
469 4452 501 4506 Β.
613 4455 655 4509 28.
674 4456 737 4510 αὐτὸ
749 4477 856 4526 πρεπων
869 4455 902 4509 Β.
951 4457 985 4511 εἰς
998 4472 1046 4524 pro
1059 4453 1074 4522 ἢ
1088 4454 1120 4508 Β.
1242 4468 1286 4522 29.
1305 4472 1417 4509 εκεινυις
1430 4451 1465 4506 Β.
