3038 5018
244 287 309 351 104
547 287 587 353 B.
609 286 821 353 OYRILLI
851 285 1138 352 ALEXANDR.
1376 284 1399 348 i.
1412 305 1443 369 9.

242 454 306 549 τῆς
330 453 538 553 Αίγνπτίων
560 453 771 560 πλεονεξίας
798 451 1023 560 ἀπήλλαξεν·
1056 451 1152 556 είπερ
1179 452 1242 531 οὖν
1267 451 1309 531 οῦ
1336 448 1444 548 μόνος

243 576 344 655 ἐστὶν
362 576 383 654 5
403 575 614 680 Μονογένής
630 577 667 660 τῦ
686 576 763 686 φάς
780 577 818 660 τδ
837 575 992 676 ιἰληδιιλν,
1010 574 1198 680 ἐνυπάρχει
1224 572 1262 654 δὲ
1288 577 1346 654 καὶ
1370 581 1445 658 τοῖς

243 706 404 800 γενητοῖς
420 696 463 779 τῦ
485 699 568 781 ἴσον
586 701 741 809 ἀξίωμα,
762 703 801 782 τί
823 699 874 801 μὴ
899 704 951 809 τῷ
975 701 1089 808 οἰκείῳ
1115 698 1325 803 διεσώζοντο
1351 701 1445 804 φωτὶ

243 825 376 926 οἱπερὶ
395 820 446 903 δν
464 825 485 903 5
503 823 625 929 λόγος,
640 824 865 929 προσθήκαις
882 824 920 905 δὲ
946 821 1071 927 ὥσπερ
1094 824 1288 926 ἀλλοτρίου
1306 825 1364 900 καὶ
1381 823 1445 900 οῦκ

243 945 438 1049 ἀναγκαίου
457 947 578 1056 φωτὸς
594 947 858 1056 ἐφοδιαζίμενοι
877 949 1087 1055 φαίνονται;
1117 948 1202 1026 ἀλλ’
1223 946 1301 1026 ἔστι
1321 949 1477 1046 δῆλον,5

244 1071 292 1152 ὡς
317 1070 492 1170 δεομένοις
516 1070 637 1177 φωτὸς
660 1074 910 1182 ἐπέλαμψενό
938 1072 1163 1175 Μονογενής·
1193 1073 1321 1151 οὐκοῦν
1339 1069 1446 1153 αὐτὸς

209 1212 232 1278 (1
243 1189 309 1291 μὲν
333 1195 393 1273 καὶ
419 1190 528 1294 μόνος
553 1195 590 1278 τὶ
620 1196 695 1303 φῶς
724 1201 803 1278 ἐστι
830 1198 867 1279 τῦ
895 1196 1052 1294 ιἰληδιιὶι,
1076 1196 1266 1299 δανείζεται
1294 1192 1332 1273 δὲ
1359 1195 1443 1295 παρ’

243 1318 352 1397 αὐτοῦ
377 1316 443 1418 τὴν
465 1319 570 1425 χάριν
593 1321 615 1420 ή
639 1323 767 1405 κτίσις.
807 1327 838 1402 εί
866 1320 905 1402 δὲ
932 1330 1049 1420 τοῦτο,
1068 1326 1146 1405 πῶς
1170 1316 1216 1400 ἂν
1237 1317 1290 1419 ε’ίη
1315 1315 1446 1398 λοιπόν

244 1445 304 1521 καὶ
326 1441 489 1549 ὁμοφυὴς
512 1444 632 1550 αῦτῷς

74 1554 189 1671 ξζχχ
300 1596 401 1643 κκκο.
428 1567 477 1646 ‘O
500 1565 703 1676 ψαλμερδός
722 1579 743 1617 “
758 1566 961 1672 Μακάριος,
982 1572 1109 1673 Φησὶν,
1128 1568 1149 1647 5
1174 1564 1263 1650 λαός
1288 1566 1308 1645 5
1332 1564 1442 1668 γινοί-
1463 1599 1499 1638 10

77 1683 116 1735 ¹⁶·
243 1698 266 1737 “
284 1723 386 1769 σκων
404 1690 634 1792 άλαλαγμόν·
671 1691 792 1797 Κύριε,
811 1694 849 1772 ἐν
867 1699 919 1801 τῷ
943 1694 1038 1799 φωτὶ
1062 1699 1126 1771 τοῦ
1150 1689 1352 1793 προσώπου
1375 1724 1447 1770 σου

243 1822 266 1860 “
284 1811 558 1915 πορεύσονται·”
601 1817 698 1895 διατί
728 1814 779 1916 μή
810 1823 957 1916 μᾶλλον
987 1817 1026 1895 ἐν
1058 1815 1110 1922 τῷ
1146 1815 1223 1921 ίδίερ
1255 1816 1313 1892 καὶ
1346 1815 1447 1894 αὐτοὶ

242 1940 450 2031 βαδιοῦνται
477 1939 576 2044 φωτί
587 1971 598 2037 ;
633 1940 672 2020 τί
697 1938 745 2038 δὲ,
767 1941 847 2021 εἰπέ
869 1975 942 2038 μοι,
965 1938 1029 2020 τὸν
1051 1937 1135 2043 παρ’
1155 1937 1274 2042 ἑτέρου
1301 1939 1444 2018 συλλέ-

242 2092 367 2162 γοντες
394 2062 596 2169 φωτισμὸν,
618 2062 726 2164 μόλις
752 2065 889 2148 ἑαυτοῖς
916 2069 1135 2167 κατορθοῦσι
1163 2060 1230 2162 τὴν
1251 2061 1445 2165 σωτηρίαν,

243 2184 342 2287 ε’ίπερ
367 2184 478 2270 ὅντως
500 2188 570 2266 εἶσὶ
597 2191 655 2266 καὶ
682 2188 783 2267 αὐτοὶ
811 2186 902 2268 κατὰ
929 2187 1101 2287 ἀλήθειαν
1123 2191 1213 2292 φῶς,
1233 2181 1358 2287 ὥσπερ
1383 2187 1446 2264 οῦν
1463 2214 1500 2274 15

213 2307 368 2405 οάμέλει
393 2311 452 2389 καὶ
477 2307 520 2390 τὸ
544 2309 745 2414 πρόσωπον
762 2319 826 2391 τοῦ
844 2317 941 2391 θεοῦ
966 2314 1025 2390 καὶ
1046 2307 1201 2413 Πατρός,
1220 2308 1406 2389 τουτέστιν
1425 2311 1445 2389 5

245 2428 359 2528 Υἱός;
390 2433 475 2511 ἀλλ’
496 2432 597 2513 ἔστιν
615 2431 713 2533 οἶμαι
728 2435 840 2515 παντί
854 2468 906 2542 τερ
924 2436 984 2513 καὶ
1001 2432 1060 2513 διὰ
1078 2433 1205 2513 τοῦτον
1229 2430 1444 2538 καταφανὲς,

244 2553 300 2633 ῦτι
318 2563 467 2660 χορηγεῖ
480 2553 544 2655 μὲν
558 2558 578 2636 ὁ
593 2557 723 2659 Λόγος,
738 2560 785 2642 ὡς
804 2557 1018 2664 δεομένητῇ
1036 2557 1151 2637 κτίσει
1167 2554 1231 2636 τὸν
1244 2554 1446 2663 φωτισμὸν,

245 2676 268 2776 ή
287 2676 325 2757 δὲ
344 2678 433 2780 ὅπερ
451 2681 514 2759 οὐκ
532 2678 604 2785 ἕχει
622 2688 793 2776 λαβοῦσα
811 2680 973 2786 σώζεται.
1004 2686 1082 2765 ποῦς
1101 2681 1165 2761 οῦν
1181 2680 1233 2759 ἔτι
1251 2678 1381 2760 ταύτὸν
1397 2685 1447 2764 είς

246 2801 375 2881 οὐσίαν
393 2803 413 2880 5
434 2802 655 2906 Μονογενής,
673 2802 797 2885 καὶτὰ
815 2807 857 2885 δι’
879 2807 987 2885 αὐτοῦ
1003 2801 1180 2906 γεγονότα
1195 2836 1207 2901 ;
1462 2838 1502 2878 20

302 2957 404 3005 1110.
432 2927 482 3007 Ὁ
506 2928 708 3037 ψαλμιρδός
727 2938 750 2976 “
767 2928 1051 3036 Ἐξαπείττειλεν
1068 2929 1106 3008 ἐν
1123 2924 1246 3008 σκότει
1270 2933 1351 3032 φῶς
1373 2933 1447 3012 τοῖς

246 3060 269 3099 “
286 3049 430 3130 εῦθέσι”
449 3051 574 3159 φησίν.
612 3058 688 3137 πῶς
712 3050 786 3154 γὰρ
809 3052 905 3137 ὅλως
927 3049 973 3152 ἦν
991 3054 1012 3131 5
1035 3049 1139 3152 εὐθής
1163 3054 1202 3131 ἐν
1219 3048 1351 3148 σκότει,
1370 3048 1447 3156 φάς

246 3173 418 3279 ὑπάρχων
447 3179 505 3255 καὶ
536 3175 643 3259 αὐτὸς
673 3177 710 3258 τλ
740 3175 896 3277 άληδιιλν,
925 3175 1023 3280 ε’ίπερ
1052 3176 1124 3281 ἔχει
1153 3183 1259 3255 τοῦτο
1286 3176 1344 3253 καὶ
1374 3180 1447 3254 τῶν

245 3304 405 3398 γενητῶν
423 3299 446 3397 ἡ
471 3297 594 3409 φύσις,
612 3299 738 3405 ὥσπερ
761 3303 780 3380 5
802 3299 1037 3405 Μονογενής;
1069 3306 1099 3379 εί
1118 3298 1156 3378 δὲ
1175 3302 1223 3383 ὡς
1241 3299 1304 3377 οῦκ
1323 3295 1447 3402 ἔχουσι

75 3445 114 3502 71
127 3443 169 3499 Δ.
213 3429 319 3505 ατοῖς
345 3420 464 3503 εῦθέσι
491 3423 535 3503 τὸ
562 3430 641 3529 φῶς
668 3425 946 3523 ἀποστελλεται,
970 3430 1124 3505 πολλῶν
1145 3422 1229 3523 ἡμῖν
1257 3422 1299 3501 οὐ
1328 3421 1446 3521 δεήσει
1462 3449 1500 3509 25

244 3545 380 3648 λόγων·
411 3544 499 3647 αὐτή
528 3546 600 3651 γὰρ
628 3547 650 3647 ή
678 3555 751 3628 τῶν
774 3545 999 3653 πραγμάτων
1024 3546 1221 3648 ἀναβοήσει
1249 3545 1371 3652 φύσις,
1398 3549 1447 3629 ὡς

243 3670 308 3749 οῦκ
340 3665 385 3749 δυ
417 3671 469 3771 ε’ίη
502 3668 633 3751 τοῦτόν
664 3677 713 3756 είς
745 3672 873 3752 οὐσίαν
904 3679 955 3780 τῷ
986 3674 1111 3780 τελείερ
1143 3671 1185 3750 τὸ
1217 3669 1360 3767 ἐπιδεῖς,
1393 3676 1447 3777 τῷ

244 3793 398 3902 δεομένῳ
423 3792 467 3875 τὸ
488 3803 669 3900 χορηγοῦν
690 3799 729 3876 ἐκ
752 3803 998 3894 πλεονασμοῦ.

76 3942 194 3994 ww.
300 3949 402 3998 1110.
430 3928 452 3966 “
466 3918 635 4023 Φαντίζου,
654 3919 809 4023 φωτίζον
829 3917 1081 4023 Ἰερουσαλὴμ,
1103 3919 1178 4018 ἥκει
1205 3915 1276 4021 γάρ
1304 3951 1375 3997 σου
1403 3916 1446 3997 τὸ

280 4197 307 4252 3.
326 4180 463 4249 διεσώζετο
476 4179 510 4236 Β.
662 4199 704 4236 12.
721 4181 878 4253 πορεύσεται
892 4182 924 4237 Ε.
972 4182 1000 4236 ἐν
1011 4184 1048 4253 τῷ
1061 4180 1117 4270 ἰδίην
1130 4180 1170 4233 καὶ
1182 4177 1268 4262 αὐτοὶ]
1283 4178 1323 4231 καὶ
1335 4163 1407 4260 οῦτόι
1419 4176 1447 4232 ἐν

245 4253 281 4324 τῷ
294 4252 330 4305 zai
363 4252 397 4307 Β.
499 4268 540 4318 14.
560 4252 772 4322 κατορθώσωσιν
785 4253 818 4307 Β.
926 4270 967 4320 15.
985 4255 1027 4307 καὶ
1039 4252 1111 4306 αὐτοι
1124 4251 1175 4305 εἶσι
1187 4266 1293 4304 ιανετςο
1306 4248 1398 4303 ordme
1412 4248 1446 4303 B.

249 4333 290 4390 17.
308 4274 350 4375 1th
361 4322 403 4376 διδ
415 4320 506 4377 τοῦτου
518 4330 688 4393 assumptum
701 4340 733 4377 ex
746 4322 779 4378 B.
947 4339 990 4377 21.
1008 4321 1193 4390 ἐξαπέστειλεν
1206 4320 1274 4373 Β.Ε.
1288 4318 1448 4386 ε’ξονῖτειλεν

247 4389 283 4445 D.
297 4390 349 4445 Ed.
363 4398 381 4421 “
391 4393 483 4447 παῖδ’
497 4392 631 4463 Georgius
642 4393 754 4463 Trapez.
861 4409 904 4448 υτ.
922 4394 1007 4466 φησίν
1018 4411 1073 4448 om.
1087 4393 1120 4448 Β.
1169 4391 1244 4460 εὐθὴς
1257 4391 1293 4444 Ι).
1307 4390 1380 4445 εὕθὺς
1393 4387 1445 4444 Εδ.

247 4475 290 4531 ²3·
310 4463 351 4514 καὶ
362 4462 439 4519 αὐτὸς
450 4464 572 4534 ὑπάρχων
583 4473 610 4518 et
621 4465 663 4518 καὶ
674 4466 751 4518 τοῦτο
764 4464 870 4519 inverso
882 4464 976 4520 ordine
988 4464 1021 4520 B.
1169 4480 1211 4530 τε.
1229 4463 1264 4517 ὡς
1276 4468 1446 4530 assumptum

246 4548 279 4586 ex
293 4530 401 4587 B.D.E.
508 4547 550 4603 27.
569 4535 615 4588 οῦκ
627 4533 671 4606 δν]
685 4533 730 4591 οὖν
742 4532 787 4589 κᾶν
800 4535 863 4605 (sic)
877 4533 910 4590 Β.

909 4736 923 4764 ἢ
