3038 5018
84 298 258 389 νεαρ.
292 303 349 369 IN
380 306 693 372 S.JoANNEM.
739 307 918 372 ρεταιν.
964 308 1065 372 CAP.
1090 308 1118 372 1.
1215 308 1281 370 489

84 500 145 563 μοι
169 466 292 566 πόλιν,
312 474 438 576 φησὶν,
457 477 505 556 εἰς
528 471 595 572 τὴν
613 472 884 575 ε’ναυθρώπησιν
902 470 1102 574 περιέλκων
1119 471 1161 550 τὸ
1187 478 1287 572 εἰρη-.

84 589 190 685 μένον
207 593 272 676 Ὡς
289 593 479 696 ἁνθραπτος
504 595 760 677 ὑποτάσσεται.
802 593 877 676 ἰδού
901 595 974 699 γὰρ
999 599 1046 678 ὡς
1072 596 1168 701 δρᾷς,
1186 592 1308 678 Θεδςο
1331 608 1437 667 83θὲ

84 711 134 792 ὧν
153 715 203 795 έτι
222 720 279 797 καί
299 715 418 820 Λόγος
437 718 572 821 γυμνός
590 726 648 800 καί
666 720 904 817 ἁσύμπλοκος
925 723 989 817 τῆς
1008 717 1143 822 σαρκός
1163 752 1278 798 κατα·

85 835 239 932 βέβηκεν
262 841 306 947 ἐξ
333 846 469 950 ιύραιοῖ,
490 849 548 924 καί
575 847 660 946 πρὶν
683 843 778 928 ὅλως
804 843 870 942 τὴν
896 851 959 923 τοῦ
987 843 1119 923 δούλου
1145 875 1283 944 περιτε-1

55 975 74 1034 5
88 965 192 1061 θῆναι
209 963 355 1069 μορφὴν
370 966 583 1047 ύπετὰττετο
600 969 794 1072 προῦχοντι
812 965 979 1066 δηλονότι
995 968 1053 1045 καί
1068 962 1284 1070 κατάρχοντο

88 1091 140 1192 τῷ
165 1089 296 1189 Πατρί.

146 1220 286 1297 Δεινοῖς
304 1211 371 1312 μέν
385 1211 496 1314 ἡμῶν,
514 1211 544 1294 ὦ
562 1224 710 1316 γενναῖε,
730 1217 891 1318 καθάπερ
909 1215 971 1296 οἴει
990 1213 1033 1314 δὴ
1056 1213 1210 1311 πάντως,
1227 1218 1285 1313 καί

89 1336 173 1415 λίαν
201 1337 475 1442 εύτροχωτὰτοις
503 1340 730 1423 καθιππεύεις
758 1340 892 1443 λόγοις,
917 1341 958 1418 ού
986 1339 1058 1437 μὴν
1084 1340 1126 1417 δι’
1153 1338 1286 1420 εὐθείας

91 1465 217 1557 ἰοῦσιν,
241 1460 326 1539 ἀλλ’
348 1462 446 1547 ε’κτὸς
477 1466 561 1543 ὁδοῦ
588 1468 652 1562 τῆς
678 1469 874 1562 βασιλικῆς
903 1497 941 1542 τε
970 1467 1028 1542 καί
1055 1463 1286 1564 τετριμμένης

40 1610 77 1650 10
90 1586 400 1684 ε’κσεσοβημένοις,
419 1589 522 1693 ἀφεὶς
551 1587 599 1685 δέ,
621 1592 669 1672 ὡς
697 1590 717 1668 ό
745 1590 828 1690 παρ’
849 1585 1039 1687 Ἕλλησιν
1061 1586 1132 1691 ἔχει
1160 1585 1284 1685 λόγος,-

90 1704 156 1806 τὴν
174 1707 359 1815 ἁμαξιτὸν,
379 1711 436 1790 ε’πί
460 1711 637 1814 κρημνοὺς
659 1713 782 1816 ἐπείγῃ
807 1714 864 1792 καὶ
887 1713 1031 1814 πέτρας.
1072 1709 1319 1789 διατείνεσθεί)

91 1829 247 1934 μὲνγὰρ
271 1835 346 1938 εἰκῇ
370 1830 461 1937 πρός
485 1834 577 1932 ἡμᾶς
601 1835 643 1914 τό
668 1837 856 1914 πείθεσθαι
881 1839 932 1942 τῷ
957 1837 1075 1936 Πατρί
1100 1831 1165 1913 τὸν
1182 1829 1285 1928 Υἰὸν,

92 1953 166 2034 ἁνω
202 1990 243 2035 τε
279 1959 337 2036 καί
373 1958 469 2037 κάτω
505 1958 682 2059 λέγοντες,
715 1961 847 2037 ὡσανεὶ
880 1960 941 2037 καί
969 1973 1065 2040 τινος
1095 1962 1168 2036 τῶν
1199 1953 1290 2057 ὀρθὰ

93 2086 239 2182 φρονεῖν
257 2077 442 2176 εἰωθότων,
462 2081 516 2161 ὅτι
541 2079 611 2186 χρὴ
636 2081 849 2183 πρεσβεύειν
866 2079 909 2160 τό
928 2081 1096 2176 ἐναντίον,
1114 2082 1287 2175 ένθυμου·
1307 2121 1313 2137 ·1

43 2220 80 2281 ¹5
93 2203 210 2300 μένου,
229 2208 286 2282 καί
312 2205 392 2308 οὐχὶ
419 2201 462 2303 δὴ
487 2211 633 2304 μᾶλλον
650 2209 708 2285 καί
729 2206 981 2308 συναγορεύειν
1001 2207 1082 2303 ὑμῖν
1100 2204 1158 2282 ε’πί
1175 2199 1291 2308 τούτιρ

93 2327 332 2428 διεγνωκότος.
378 2329 420 2408 ού
447 2327 518 2432 γὰρ
548 2327 820 2430 στασιάζουσοίν
846 2363 934 2409 ποτε
961 2326 1042 2408 καθ’
1071 2329 1197 2424 ἑαυτῆς
1225 2324 1292 2425 τὴν

93 2451 199 2550 ἁγίαν
231 2485 270 2531 τε
303 2455 360 2531 καί
394 2453 588 2553 ὁμοούσιον
617 2452 758 2554 Τριὰδα
788 2450 977 2553 νοήσομεν,
1009 2450 1094 2530 ἁλλ’
1128 2446 1206 2530 οὐδὲ
1243 2453 1291 2533 εἰς

95 2573 287 2679 διαφόρους
309 2575 590 2680 κατασχίζεσθαι
607 2575 764 2678 γνώμας,
783 2574 805 2676 ἢ
825 2579 883 2655 καὶ
901 2573 1196 2677 καταμερίζεσθαί
1214 2606 1291 2654 πως

875 2697 1031 2728 ἱᾷἱ

27 2706 29 2711 ’
95 2703 144 2783 εἰς
171 2698 213 2778 τό
242 2700 311 2805 ἰδίᾳ
340 2705 477 2797 δοκοῦν,
498 2698 521 2799 ἢ
549 2698 612 2781 τόν
632 2698 778 2803 Πατέρα
804 2734 925 2806 τυχον,
947 2736 970 2800 η
995 2734 1059 2778 τον
1077 2695 1176 2795 Υῖδν,
1200 2694 1223 2795 ἢ
1248 2695 1290 2775 τὸ

42 2846 82 2886 20
97 2828 245 2921 Πνεῦμα
272 2821 315 2904 τὸ
334 2821 475 2925 Ἀγιον,
500 2823 601 2903 ἀλλὰ
628 2825 880 2931 συμφέρεσθαι
908 2822 973 2922 μέν
995 2823 1051 2928 ἐφ’
1071 2820 1219 2917 ἅπασιν,
1242 2823 1320 2904 ὦςο

94 2949 133 3024 ἐκ
158 2954 241 3046 μιᾶς
266 2945 303 3026 δέ
329 2950 443 3046 δῆλον
464 2946 518 3026 ὅτι
543 2946 718 3047 θεότητος,
744 2948 783 3028 ἓν
807 2952 861 3027 ἀεὶ
887 2946 1030 3029 πάντως
1055 2950 1113 3024 καί
1138 2944 1180 3025 τό
1203 2944 1290 3024 αὐτὸ
1336 3028 1340 3035 ,

95 3071 238 3169 θέλημα
260 3073 298 3150 ε’ν
316 3070 386 3176 ὅλῃ
409 3076 455 3175 τῇ
478 3072 564 3176 ἁγίᾳ
586 3078 726 3151 κεῖσθαι
746 3067 884 3173 Τριοῖδι.
925 3071 1077 3171 ἀργείτω
1102 3077 1311 3171 τοιγαροῦν

96 3191 271 3296 όμακρδς
294 3195 379 3293 ἡμῖν
397 3198 477 3298 περὶ
501 3193 638 3274 τούτων
656 3194 777 3296 λόγος,
797 3196 855 3272 καί
880 3193 1087 3297 ἦσυχαζέτω
1111 3191 1154 3270 τό
1180 3199 1288 3298 φιλο·

97 3326 221 3397 νεικεῖν
238 3320 430 3399 ἁναπεῖθον
447 3320 502 3424 ἐφ’
524 3316 576 3403 οἷς
593 3319 726 3418 ἥκιστα
743 3316 824 3423 χρή
854 3311 995 3401 οὐδενός
1013 3315 1085 3419 γὰρ
1103 3318 1160 3396 ἐπὶ
1177 3315 1293 3422 τούτῳ

45 3471 83 3531 25
96 3443 386 3547 χαλεπαίνοντος,
405 3432 571 3544 περιττὸν
591 3443 671 3538 ὑμῖν
689 3437 799 3520 ἔτιτὸ
818 3440 1065 3521 διατείνεσθαι.
1176 3440 1178 3445 ’

152 3565 300 3663 Ἐπειδὴ
319 3563 357 3644 δὲ
375 3564 660 3667 δυστροπῶτατα
679 3571 824 3670 φρονεῖν
841 3598 880 3644 τε
899 3567 957 3644 καὶ
976 3570 1067 3646 νοεῖν
1085 3563 1289 3662 εἰθισμένοι,

95 3690 138 3769 τὸ
156 3689 408 3795 συμφέρεσθαι
426 3695 500 3773 τοῖς
518 3686 700 3787 θελήμασι
718 3695 782 3767 τοῦ
801 3687 947 3791 Πατρός
965 3687 1028 3767 τὸν
1042 3686 1142 3785 Υἰὸν,
1160 3684 1226 3784 τὴν
1244 3689 1327 3772 ὡςδ

98 3814 142 3918 ἐξ
167 3812 324 3913 ἀνάγκης
353 3809 537 3912 ὑποταγὴν
564 3811 762 3914 ὀνομάζετε,
784 3809 874 3915 πρός
901 3819 1007 3891 τοῦτο
1037 3811 1081 3909 δὴ
1107 3807 1220 3890 πόλιν
1247 3807 1293 3888 τὰ

98 3935 216 4016 εἰκότα
249 3933 339 4039 πρὸς
374 3937 464 4034 ὑμᾶς
497 3932 747 4038 διαλεξόμεθα.
795 3939 832 4015 ἐν
859 3936 1037 4035 ἁπλότητι
1069 3932 1135 4033 μὲν
1161 3932 1233 4035 γὰρ
1264 3938 1294 4011 εἰ

46 4091 85 4148 3ο
97 4061 344 4164 προεκομίσθη
383 4061 467 4162 παρ’
507 4061 604 4157 ὑμῶν
642 4060 664 4158 ἦ
710 4058 855 4158 τοιαύτη
898 4056 1013 4163 φωνὴ,
1050 4055 1116 4135 κᾶν
1153 4055 1295 4139 εἰκότως

135 4343 161 4395 3.
179 4325 221 4377 καί
233 4326 317 4394 Λόγος
328 4323 470 4411 γυμνὸςιΒ.
483 4322 578 4412 γυμνός
590 4327 670 4395 λόγος
683 4323 734 4379 Ed.
839 4341 879 4387 ιη.
897 4319 962 4394 χρὴ]
975 4320 1012 4410 μὴ1
1023 4320 1074 4401 χρὴ
1089 4320 1120 4373 Β.
1220 4319 1260 4371 18.
1280 4316 1295 4385 η

99 4413 153 4449 om.
169 4395 201 4449 Β.
340 4411 383 4449 21.
401 4417 449 4462 μεν
460 4412 509 4465 pro
521 4395 549 4449 δε
564 4394 596 4447 Β.
741 4411 783 4464 23.
802 4394 898 4446 τδοιυ.
914 4391 944 4445 Β.
994 4392 1090 4445 btatlm
1103 4391 1247 4459 φιλονικειν
1259 4387 1295 4441 D.

101 4482 144 4533 24.
163 4466 308 4520 ἀναπείθειν
322 4465 355 4519 Β.
403 4468 469 4536 χρῆν
482 4465 515 4520 Β.
563 4464 661 4520 τούτων
674 4464 707 4519 Β.
824 4461 866 4517 26.
886 4461 1104 4533 δυστροπώτοτον
1118 4459 1150 4514 Β.
1199 4458 1296 4514 statim

100 4540 168 4592 νοεῖν
180 4547 205 4590 et
217 4539 325 4607 φρονεῖν
335 4537 405 4592 inter
417 4554 445 4590 se
457 4535 607 4606 transponit
621 4535 653 4591 B.

144 4639 214 4684 von.
231 4640 253 4684 1.
678 4639 697 4705 3
714 4638 736 4681 ις
