3038 5018
229 279 273 342 50
408 326 414 340 .
503 287 504 290 ’
533 275 573 343 Β.
597 276 805 343 CYRILLI
834 275 1123 344 ALEXANDR.
1356 270 1379 341 i.
1397 291 1427 339 2.

229 439 354 545 ζεσθαι
379 449 453 522 τοῦ·
469 439 521 542 μὴ
547 439 680 525 εἰδότος
706 440 830 543 αὐτόν.
869 438 960 545 πρός
987 438 1137 525 οὖντὰς
1163 436 1427 522 τοιαύταςῑτῶν

171 556 176 564 ’
199 565 410 647 οἸουδαιίον
425 564 594 649 ἀπονοίας
610 564 912 667 ἀπολογούμενος,
929 562 1050 647 πάντα
1066 562 1132 663 μὲν
1149 565 1294 671 ὑφαιρεῖ
1308 558 1372 642 τόν
1390 562 1428 641 ἐν

140 679 145 686 ’
227 696 302 773 τοῖς
320 686 458 794 ῥήμασι
476 686 628 789 κόμπον,
646 687 842 796 ὑφειμένως
859 686 898 769 δὲ
917 691 976 769 καί
994 688 1036 770 οιί
1054 694 1191 792 τρανῶς
1207 683 1429 767 ἐκδιδάσκειν

227 812 409 911 βούλεται,
427 815 476 898 ὡς
500 813 565 894 οὐκ
588 812 634 892 ἅν
651 846 688 892 τι
711 810 812 916 παρὰ
837 810 880 894 τό
905 817 1035 894 δοκοῦν
1054 809 1249 916 ἐργάσαιτο
1273 813 1325 918 τῷ
1344 813 1428 916 Θεῷ

146 946 149 952 ’
227 938 287 1017 καί
305 939 436 1042 Πατρί,
455 938 475 1016 ὁ
493 934 545 1036 μὴ
563 935 664 1021 εἰδὼς
681 936 860 1040 ἁμαρτίαν
877 935 977 1023 Υἱός·
1011 937 1069 1016 ίνα
1087 935 1125 1016 δὲ
1142 934 1193 1036 μὴ
1210 933 1458 1038 γυμνότερον5

228 1059 348 1162 λέγων
364 1059 628 1164 Αμαρτίαν’
589 1093 653 1140 ουκ
677 1055 767 1211 οἶδα,
785 1060 991 1167 παροτρύνη
1017 1057 1131 1141 πάλιν
1155 1057 1282 1143 αὐτους
1309 1063 1358 1142 εἰς
1384 1053 1427 1138 τό

228 1182 434 1264 καταλεύειν
461 1183 582 1265 αὐτόν.
635 1180 658 1284 ἢ
691 1182 765 1289 γοίρ
795 1181 840 1263 όν
870 1182 972 1269 ενθιίς
1002 1183 1261 1288 ἀναζεοντες’
1233 1217 1282 1267 εις
1314 1180 1427 1285 ὀργὰς

225 1306 412 1408 ἐπεπήδων
430 1308 598 1409 λέγοντες
616 1307 765 1415 Θεῷ’
717 1341 817 1416 μονιρ
839 1305 882 1387 τό
903 1305 954 1454 μὴ
975 1304 1190 1411 ἁμαρτάνειν
1208 1309 1427 1386 οἰκεῖον·συ

226 1428 266 1511 δὲ
290 1428 531 1535 ἅνθρωπος
503 1465 568 1530 ων,
593 1428 645 1531 μὴ
669 1429 777 1511 λάλει
801 1430 847 1511 τό
870 1430 970 1540 μόνῳ
993 1430 1183 1534 πρέποντα
1199 1426 1352 1538 Θεῷ·
1336 1464 1357 1509 ο
1381 1426 1426 1528 δη

227 1555 285 1634 καί
303 1553 450 1658 ἑτέρωθί
464 1588 536 1635 που
553 1551 773 1658 πεπράχασι,
789 1554 956 1657 λέγοντες
973 1552 1131 1658 λιθάζειν
1148 1552 1256 1635 αὐτόν
1273 1552 1426 1652 εἰκότως,
1441 1589 1480 1631 ιο

60 1697 103 1755 88
116 1696 157 1754 A
198 1677 350 1782 οότιπερ
377 1676 565 1780 ἅνθρωπος
591 1675 653 1775 ὢν,
671 1675 796 1758 ἑαυτόν
813 1684 910 1760 ποιεῖ
924 1675 1030 1759 Θεόν·
1067 1677 1378 1782 περιεσταλμένως
1405 1677 1426 1758 ό

59 1772 137 1902 ΞἛ,
225 1799 368 1903 -Σωτὴρ,
398 1797 460 1880 ἅτε
488 1799 532 1900 δὴ
560 1802 618 1880 καί
646 1799 836 1904 ἅνθρωπος
862 1795 1018 1905 γεγανόνς
1049 1804 1109 1881 καί
1143 1804 1191 1884 ὡς
1218 1798 1288 1883 ὑπὸ
1316 1799 1426 1900 νόμον

226 1921 419 2023 μετὰτῶν
447 1921 517 2005 ὑπὸ
545 1921 664 2024 νόμον,
693 1921 757 2005 τόν
783 1923 897 2027 λόγον
923 1923 993 2033 ἔφη
1023 1930 1142 2030 τηρεῖν
1171 1931 1236 2005 τοῦ
1268 1923 1424 2029 Πατρός,

224 2051 418 2152 μονονουχὶ
436 2045 557 2150 λέγων
574 2047 748 2149 Οὖδαμοῦ
766 2045 809 2129 τό
827 2057 891 2129 τοῦ
910 2046 1056 2153 Πατρός
1074 2048 1216 2149 θέλημα
1236 2047 1423 2154 παρεκβή·

192 2197 349 2270 ,σομαι
388 2171 427 2251 έν
453 2168 527 2273 γὰρ
554 2176 606 2279 τηῖ
633 2169 698 2251 τόν
725 2177 820 2252 θεῖον
845 2171 1057 2281 ἐξερχεσθαι
1084 2170 1194 2272 νόμον
1216 2172 1240 2273 ἡ
1269 2172 1426 2276 ἁμαρτία
1439 2198 1476 2265 15

224 2295 371 2397 γίνεται,
398 2291 471 2398 ε’γόν
504 2292 542 2375 δὲ
572 2294 748 2398 ἁμαρτίαν
775 2296 839 2375 οιίκ
871 2293 961 2394 οἰδα,
989 2294 1227 2406 κατὰφύσιν
1254 2295 1426 2403 ὑπάρχων

225 2415 331 2502 θεός·
372 2418 499 2498 οὐκοῦν
521 2415 703 2498 διδάσκων
727 2419 769 2498 οὐ
793 2424 898 2501 λυπῶ
921 2417 986 2499 τόν
1003 2418 1161 2525 Πατέρα.
1198 2418 1328 2501 λοιπόν
1346 2423 1423 2501 εἰτι-4

224 2539 362 2642 τιμάτω
380 2544 501 2641 μηδεὶς
518 2548 572 2649 τῷ
589 2540 681 2621 κατὰ
700 2540 814 2647 φύσιν
830 2541 896 2644 μὲν
914 2545 1098 2650 νομοθέτῃ,
1117 2542 1177 2624 διδ
1193 2542 1233 2623 δέ
1251 2542 1317 2645 τὴν
1333 2542 1425 2648 πρός

192 2663 319 2764 δὴμιῖς
345 2664 519 2764 ὁμοίωσιν
542 2665 779 2774 νομοφύλακι.
819 2665 945 2747 εἰδέναι
974 2665 1012 2747 δὲ
1039 2664 1103 2747 τόν
1122 2666 1269 2771 Πατέρα
1293 2669 1422 2774 φησὶν,

226 2787 295 2892 οὐχ
322 2789 449 2872 ἁπλῶς
481 2786 642 2892 καθάπερ
673 2789 782 2889 ἡμεῖς,
810 2787 1102 2895 ἀπεριεργότερον
1128 2789 1167 2870 δέ
1199 2788 1287 2873 αὐτό
1317 2799 1425 2872 τοῦτο
1439 2829 1476 2868 20

223 2908 348 3010 μόνον,
376 2909 497 3015 ὅτιπερ
524 2910 578 3012 ε’ίη
606 2911 712 3011 Θεὸς,
742 2913 826 2992 ἀλλ’
856 2913 901 3021 ἐξ
927 2910 978 2993 δν
1004 2912 1105 2994 ἔστιν
1132 2912 1237 2998 αὐτός
1265 2911 1333 3014 τὴν
1360 2923 1424 2997 τοῦ

228 3032 374 3138 Πατρός
392 3034 506 3142 φύσιν
524 3036 773 3141 διισχυρίζεται
792 3045 894 3117 νοεῖν.
934 3035 1054 3138 ἐπειδὴ
1072 3037 1110 3117 δὲ
1128 3035 1221 3118 οἶδεν
1240 3038 1425 3139 ὑπομένειν

226 3159 291 3238 οὐκ
309 3155 427 3239 εἰδότα
444 3158 580 3265 τροπὴν
597 3157 662 3239 τόν
679 3160 914 3263 γεννήσαντα,
932 3157 1005 3241 οἶδε
1027 3161 1193 3262 δηλονότι
1216 3165 1275 3243 καί
1299 3160 1425 3244 ἑαυτόν

227 3280 403 3384 ἄτρεπτον
421 3282 466 3388 ἐξ
486 3283 663 3386 άτρεῖιτου
682 3281 840 3386 Πατρός·
869 3283 912 3365 τό
935 3283 973 3365 δὲ
990 3283 1127 3390 τροπὴν
1146 3287 1210 3366 οίικ
1228 3285 1328 3385 εἰδός,
1347 3294 1424 3371 πῶς

228 3403 273 3484 οἰν
290 3404 434 3507 λέγοιτό
452 3440 486 3486 τι
505 3407 564 3485 καί
582 3404 805 3510 ἁμαρτάνειν,
824 3410 883 3488 καί
900 3409 979 3514 οὐχὶ
998 3415 1144 3508 μᾶλλον
1162 3408 1369 3512 α’νιλονήτως
1386 3411 1425 3492 ἐν
1439 3446 1475 3507 25

227 3534 303 3612 τοῖς
321 3529 419 3613 ἰδίοις
437 3526 585 3609 ἑστάναι
603 3535 768 3636 φυσικοῖς
786 3531 1120 3632 πλεονεκτημασιν;

199 3676 217 3721 0
286 3655 432 3732 Εἰκαῖον
450 3653 513 3733 οὖν
529 3651 600 3758 οῖρα
624 3659 697 3733 τῶν
712 3652 893 3736 Ἰουδαίων
910 3655 953 3735 τὸ
978 3655 1147 3759 φρόνημα
1171 3656 1281 3759 ἤγουν
1299 3653 1342 3737 τό
1360 3689 1424 3735 κα-

227 3772 425 3878 τηγόρημα,
444 3775 543 3878 παρὰ
564 3774 630 3878 τὴν
647 3784 712 3857 τοῦ
731 3778 875 3883 Πατρός
892 3777 1075 3879 βούλησιν
1092 3780 1210 3881 ἕτερόν
1227 3815 1262 3859 τι
1280 3785 1425 3883 φρονεῖν

226 3896 397 3997 οἰομένων
409 3895 473 3977 τόν
486 3897 588 3978 Υἰόν·
614 3907 716 4004 τηρεῖ
729 3899 810 4003 γὰρ,
830 3897 878 3985 ιός
897 3907 1002 4008 φησι,
1017 3901 1080 3982 τὸν
1098 3902 1210 4006 λόγον
1228 3904 1347 4000 αὐτοῦ,
1367 3908 1426 3985 καί

227 4020 351 4121 οἰγνοεῖ
371 4019 413 4100 τό
440 4020 654 4126 ἁμαρτάνειν
672 4031 845 4134 φυσικῶς·
874 4021 945 4105 οἰδε
970 4023 1043 4129 γὰρ
1068 4026 1131 4105 τὸν
1151 4028 1297 4132 Πατέρα
1319 4037 1426 4110 τοῦτο
1440 4058 1479 4116 30

224 4267 226 4270 Ι
265 4303 338 4357 3ov
328 4288 458 4361 τρανως]
472 4291 604 4360 πρόωςΒ.
687 4311 730 4362 14.
748 4292 859 4366 θέλημα]
872 4294 994 4367 βουλημα
1005 4317 1047 4351 και
1038 4293 1157 4419 θέλ
1146 4295 1232 4436 B.B
1262 4316 1396 4387 19.μα
1342 4298 1424 4440 qm]

229 4356 294 4424 ὑμεῖς
307 4357 378 4412 1)..ss
515 4378 557 4417 νο.
575 4363 604 4418 δε
616 4365 726 4421 αυτδΒ.
738 4365 843 4433 amar)
856 4365 908 4422 Ed.
1208 4367 1343 4424 Βέπείπε

229 4427 631 4571 wammam„
643 4445 781 4507 assumpta
792 4365 871 4490 οιὴΒ.
998 4451 1041 4507 29.
1059 4438 1197 4508 τὸνλόγον
1208 4437 1299 4510 αὐτοῦ]
1312 4441 1358 4497 τόν
1370 4443 1426 4496 υίδν
