3038 5018
90 324 122 366 v.
135 303 209 386 5‚6.
275 301 339 383 vIN
371 302 403 366 S.
428 300 683 365 JOANNEM.
731 302 897 366 LIB.II.
944 301 1047 366 CAP.
1064 302 1105 366 V.
1230 303 1294 366 305

90 463 154 547 τὸν
167 459 354 570 εὐεργέτην
369 472 417 554 ὡς
430 476 706 569 παρανομοῦντα
726 471 929 567 δυσσεβῶς,
944 470 1045 549 αι’ποὶ
1062 469 1144 550 καθ’
1160 470 1295 549 ἑαυτῶν

90 588 157 690 τὴν
178 594 235 672 ε’πί
260 600 334 677 τοῖς
359 593 544 696 αίσχίοσιν
569 592 743 695 ὁρίζοντες
771 596 911 696 ψῆφον,
930 592 974 672 δι’
996 590 1046 673 ὧν
1067 596 1131 691 τῆς
1156 595 1195 673 ἐν
1219 599 1294 676 τοῖς

90 715 308 817 ἀλλογευέσι
333 717 514 800 συνέσεως
538 718 597 794 καὶ
623 719 685 813 τῆς
711 722 757 799 είς
777 715 942 818 Χριστὸν
960 716 1148 809 εὐλαβείας
1173 717 1293 798 ὀπίσω

90 838 263 923 πεσόντες
290 841 514 920 ἁλίσκονται.
556 843 614 918 καὶ
642 849 749 919 τοῦτο
777 838 821 940 ἧν
843 841 915 943 ἀρα
938 839 980 920 τὸ
1005 844 1086 944 περὶ
1112 841 1231 920 αὐτῶν
1255 842 1294 920 ἐν

56 967 255 1067 ὄψαλμοῖς
291 964 483 1067 εἰρημένον,
498 1067 501 1071 .
518 966 567 1047 ὡς
602 962 693 1064 πρὸς
730 961 793 1042 τὸν
828 964 963 1065 Κύριον
993 964 1139 1063 Ἰησοῦν
1171 975 1192 1012 “
1205 960 1294 1043 ’Ότι
1339 955 1382 1085 {³3⁸2
1392 971 1434 1006 ¹¹·

91 1097 113 1133 “
131 1084 255 1186 θήσεις
274 1085 402 1172 αύτούς
420 1088 565 1167 νῶτον·”
597 1092 631 1167 οἱ
653 1086 726 1188 γάρ
748 1093 886 1190 πρῶτοι
911 1088 1210 1188 κατατεταγμένοι
1235 1086 1294 1166 διὰ

90 1208 158 1308 τὴν
185 1216 257 1291 τῶν
281 1210 446 1315 πατέρων
469 1209 656 1312 ἐπιλογὴν,
685 1213 836 1314 ὕστερον
864 1215 922 1289 καί
951 1210 1102 1291 κατόπιν
1129 1215 1193 1308 τῆς
1220 1217 1293 1291 τῶν

90 1336 203 1428 ἐθνῶν
230 1338 436 1429 βαδιοῦνται
466 1334 644 1435 κλήσεως·
688 1333 775 1414 ὅταν
803 1333 874 1437 γὰρ
903 1346 925 1382 “
939 1332 980 1414 τί)
1007 1333 1191 1437 πλήρωμα
1220 1337 1461 1466 τῶυδξὲοξγξῗ·

59 1486 61 1492 ’
90 1468 113 1505 “
132 1460 244 1538 ε’θνῶν
267 1457 427 1565 είσίλθη,
450 1456 530 1538 τότε
554 1466 624 1542 πῶς
648 1456 803 1562 Ἰσραὴλ
826 1457 1070 1557 σωθήσεται.”
1373 1441 1379 1460 ’

43 1613 77 1653 10
148 1587 288 1663 Τοῦτον
305 1583 389 1680 ἡμῖν
408 1589 480 1663 τῶν
499 1583 739 1686 θεωρημάτων
758 1583 873 1663 ῶδίνει
892 1582 955 1663 τὸν
973 1581 1115 1662 σκοπὸν
1128 1586 1192 1682 τῆς
1218 1586 1292 1661 τῶν

92 1707 300 1812 κεφαλαίων
318 1708 500 1807 συνθήκης
520 1708 541 1804 ἡ
561 1709 732 1809 εὔρυθμος
755 1706 868 1813 τάξις·
899 1704 1126 1806 ποιησόμεθα
1145 1705 1182 1786 δὲ
1201 1704 1293 1785 κατὰ

90 1829 197 1932 με’ρος
216 1834 273 1911 καὶ
294 1834 356 1928 τῆς
374 1833 412 1909 ἐν
430 1838 503 1914 τοῖς
522 1831 663 1934 στίχοις
683 1832 837 1912 διανοίας
856 1833 987 1932 ἀκριβῆ
1006 1828 1073 1930 τήν
1091 1828 1250 1931 ζήτησιν.
1331 1885 1333 1889 ⁴

83 2042 209 2112 Ἦνδὲ
235 2071 284 2112 τις
311 2049 486 2135 ἄνθρωπος
513 2042 580 2111 ἐκεῖ
608 2047 783 2134 τριάκοντα
812 2046 863 2109 καί
890 2045 979 2110 ὀκτὼ
1003 2046 1059 2110 ἒτιι
1084 2045 1168 2132 ἔχων
1192 2045 1228 2109 ὲν
1250 2048 1324 2133 τῇε

142 2173 292 2262 ἀσθενείᾳ
312 2173 420 2237 αὐτοῦ·
449 2179 563 2238 τοῦτον
583 2170 661 2237 ἰδὼν
680 2173 697 2237 ὁ
713 2172 840 2237 Ἰιιοοῡε
860 2170 1103 2246 κατακείμενον,
1124 2169 1176 2234 καί
1197 2170 1324 2244 τναὺςθ

45 2316 75 2377 [5
143 2299 193 2365 ὅτι
211 2299 314 2363 πολὺν
333 2297 395 2364 ιίδιι
415 2300 530 2386 χρόνον
548 2299 624 2382 ἔχει.
1305 2325 1323 2369 0

148 2457 227 2559 Τὴν
243 2463 300 2540 ε’πί
320 2469 393 2545 τοῖς
411 2461 553 2564 ἀζύμοις
572 2458 697 2563 ἑορτήν
715 2460 1001 2539 ἐπιτελεσάντων
1015 2466 1087 2538 τῶν
1100 2457 1293 2554 Ἰουδαίων,

90 2581 176 2689 ε’νῇ
204 2588 262 2664 καὶ
290 2583 332 2665 τὸ
359 2582 546 2688 πρόβατον
574 2582 824 2687 ἀποσφάττειν
852 2583 931 2666 ἔθος
958 2585 1088 2680 αὐτοῖς,
1114 2580 1205 2661 κατὰ
1229 2580 1294 2660 τὸν

90 2715 155 2787 τοῦ
181 2706 311 2813 πάσχα
339 2709 506 2807 δηλονότι
534 2707 670 2809 καιρὸν,
697 2707 838 2809 ἀπαίρει
863 2708 928 2804 μὲν
951 2711 1015 2805 τῆς
1033 2704 1291 2809 Ἰερουσαλὴμ,

93 2833 328 2934 Σαμαρείταις
354 2831 391 2911 δὲ
418 2837 474 2912 καί
500 2833 740 2933 ἀλλογενέσιν
759 2832 779 2908 ὁ
799 2831 960 2933 Χριστὸς
979 2831 1215 2932 ἐπιμίσγεται,
1235 2832 1294 2908 καί

46 2990 79 3031 ιο
92 2953 252 3034 διδάσκει
280 2958 363 3059 παρ’
388 2958 517 3053 αὐτοῖς,
542 2959 599 3036 ε’πὶ
626 2961 704 3038 ταῖς
731 2961 803 3034 τῶν
823 2957 1034 3057 Φαρισαίων
1062 2957 1294 3057 δυστροπίαις

93 3081 350 3178 λελυπημένος·
386 3081 641 3180 ἀπονοστήσας
670 3078 707 3157 δὲ
735 3077 841 3175 μόλις
869 3076 960 3157 κατὰ
988 3077 1053 3156 τὸν
1081 3076 1203 3177 καιρὸν
1230 3081 1294 3176 τῆς

92 3204 198 3304 ἁγίας
219 3209 476 3304 πεντηκοστῆς·
506 3207 596 3304 αὕτη
622 3200 694 3305 γάρ
720 3200 765 3302 ἦν
783 3202 912 3308 ἐφεξῆς
937 3205 994 3280 καὶ
1020 3201 1146 3301 γείτων
1166 3201 1203 3279 ἐν
1220 3206 1293 3283 τοῖς

92 3327 359 3430 Ἱεροσολύμοις
377 3329 399 3427 ἡ
417 3326 625 3429 πανήγυρις·
645 3328 701 3405 ἐπὶ
721 3333 796 3408 τοῖς
813 3329 876 3424 τῆς
890 3321 1147 3427 κολυμβήθρας
1166 3325 1326 3403 ύδοισινιί

95 3449 223 3554 ὑγιάζει
250 3450 314 3531 τὸν
342 3452 563 3555 παράλυτον,
591 3449 730 3550 μακρὸν
758 3450 823 3545 μὲν
850 3453 888 3529 ἐν
915 3449 1099 3555 ἀρῤωστίᾳ
1128 3444 1288 3546 δαπανή·

47 3600 80 3663 ¹5
93 3609 212 3655 σαντα
238 3573 379 3680 χρόνον·
415 3573 460 3674 ἦν
481 3573 552 3677 γὰρ
581 3569 625 3670 δὴ
654 3576 712 3652 καὶ
740 3572 869 3674 ὄγδοον
891 3574 967 3656 ἕτος
991 3576 1049 3653 ἐπὶ
1074 3576 1289 3679 τριακοστῷ·

92 3697 192 3798 πλὴν
211 3701 311 3779 οὔπω
328 3697 420 3802 πρὸς
437 3696 501 3778 τὸν
520 3700 558 3776 ἐκ
578 3696 689 3792 νόμου
707 3694 844 3776 τέλειον
863 3694 1013 3798 ἀριθμῶν
1032 3695 1292 3794 ἀναβεβηκότα,

94 3826 187 3929 φημὶ
206 3821 243 3902 δὲ
262 3822 306 3922 δὴ
325 3822 388 3901 τὸν
406 3824 444 3903 ἐκ
463 3823 547 3902 δέκα
565 3818 737 3924 τετράκις,
757 3820 835 3920 ἤτοι
853 3819 1139 3920 τεσσαράκοντα.

148 4053 197 4130 Ὁ
217 4050 281 4148 μίν
299 4052 363 4131 οὖν
381 4056 443 4149 τῆς
463 4051 620 4154 ἱστορίας
639 4052 677 4130 ἐν
695 4050 832 4133 τούτοις
853 4049 937 4147 ἡμῖν
955 4046 1150 4126 καταλύσει
1170 4044 1290 4148 λόγος·

133 4275 156 4310 1.
173 4256 218 4310 τδν
230 4255 365 4327 εὐεργέτην
377 4255 411 4311 ῶς
427 4257 619 4378 πιηγρνομοῦντο
637 4253 776 4314 δυσσεβῶς
792 4252 845 4307 hoc
860 4252 952 4306 ordine
967 4250 998 4303 B.
1011 4249 1150 4311 δυσσεβῶς
1161 4249 1195 4305 ὡς
1207 4268 1290 4316 παρα-

93 4331 219 4396 νομοῦντα
236 4329 282 4380 τὸν
299 4327 340 4379 εὐε
358 4325 435 4395 γε’την
495 4324 534 4378 rd.
555 4324 606 4378 Ed.
625 4325 659 4380 ὡς
676 4327 872 4392 παρανομοῦντα
890 4325 936 4377 τδν
954 4319 1089 4390 εὐεργέτην
1107 4320 1246 4381 δυσσεβῶς
1267 4337 1291 4372 α.

94 4413 120 4469 7.
140 4397 250 4466 ὕστερον
265 4397 319 4451 Βα.
347 4395 531 4463 ’τελύστεροι
546 4394 595 4450 Ed.
645 4393 742 4453 Stassm
755 4395 796 4447 καὶ
808 4412 861 4447 om.
875 4392 944 4446 Catt.
1089 4406 1129 4443 10.
1147 4388 1245 4442 τούτων
1260 4388 1291 4440 Β.

97 4486 138 4537 13.
151 4469 348 4538 ἐκεῖᾶνθρωπος
360 4467 414 4520 inv.
428 4466 485 4520 ord.
502 4466 532 4520 B.
569 4467 612 4534 ἔτη
625 4483 678 4519 om.
693 4465 728 4518 l).
804 4461 1016 4518 16.τῶνοαι.Β.
1089 4458 1291 4513 α.δε“οια.Β.

93 4541 288 4607 τεσσαράκοντα
305 4539 335 4592 Β.
348 4539 561 4605 τεσσαρακοστόν
575 4537 625 4590 Ed.
730 4536 772 4589 28.
787 4535 814 4587 ε’ν
827 4531 924 4588 τούτοις
937 4533 996 4600 ἡμῖν
1008 4532 1058 4585 hoc
1070 4473 1163 4584 οῐιίίιιε
1178 4530 1209 4584 Β.

139 4640 208 4684 voh.
227 4642 249 4684 1.
673 4638 692 4680 R
709 4642 722 4680 1·
