3038 5018
252 305 316 367 682
555 309 595 374 B.
618 308 825 374 cmm
856 301 1146 371 ALEXANDR.
1359 291 1473 376 vii-34

254 468 441 556 ἐθέλοντος
469 473 706 577 διαπαίζουσα
736 480 849 578 χεῖρα.
894 473 1021 552 οὐκοῦν
1043 468 1190 568 ἐπείπερ
1225 464 1300 542 οὐκ
1330 461 1374 538 έν
1399 458 1474 557 ἡμῖν

256 591 302 673 τὰ
325 596 364 673 έκ
388 602 462 676 τῶν
479 604 611 700 καιρῶν
632 596 724 698 μετὰ
749 597 831 681 τούς
856 594 1007 697 καιρούς,
1025 599 1188 692 παροῦσι
1217 593 1303 670 τοῖς
1329 586 1474 685 ἀγαθοῖς

256 715 307 815 μὴ
333 719 636 829 ε’Ὶΐίνυστάξωμεα
656 724 908 824 ε’γρηγορῶμεν
929 718 966 798 δὲ
990 722 1145 815 μᾶλλον,
1164 714 1231 792 καὶ
1260 708 1317 810 μὴ
1350 707 1412 787 ὅτε
1437 705 1473 784 τὸ

258 839 371 941 ζητεῖν
389 844 582 949 ἀνωφελὲς,
600 843 642 925 τὸ
667 849 849 948 θηρᾶσθαι
872 841 915 922 τὸ
942 846 1107 949 ὠφελοῦν
1126 836 1328 918 ἀσυνέτως
1356 866 1469 912 σπου·

258 962 428 1066 δόξωμεν.
1480 982 1493 1039 5

438 1226 495 1291 Καὶ
522 1229 604 1296 ὅπου
631 1225 696 1306 εἰμί
723 1229 791 1304 ἑτὼ
817 1223 907 1306 ὑμεῖς
934 1229 971 1293 ού
999 1226 1137 1293 δύνασθε
1164 1218 1294 1290 ἐλθεῖν.

234 1553 444 1633 οἸουδαίων
466 1556 634 1655 ἐκπέμπει
661 1559 776 1660 γένος,
798 1555 981 1638 ἀκόλουθα
1007 1555 1073 1654 μέν
1096 1560 1171 1637 τοῖς
1199 1552 1273 1652 ἤδη
1305 1583 1469 1652 προειρη-

262 1674 380 1774 μένοις
407 1679 613 1782 ἐπενεγκὼν,
641 1683 737 1778 βαθύ
768 1684 802 1761 δ’
833 1683 895 1761 ούν
923 1680 1018 1775 ὅμως
1051 1679 1168 1762 αὐτοῖς
1201 1673 1468 1779 ε’γκαταχιόσας

263 1798 473 1900 μυστήριον.
514 1805 767 1910 ἁπλούστερον
785 1802 850 1901 μέν
868 1802 940 1907 γάρ
957 1801 1263 1908 προσβάλλοντες
1283 1804 1343 1905 τῷ
1363 1796 1466 1903 λόγῳ,
1478 1831 1503 1873 ¹⁰

264 1926 323 2003 καὶ
339 1925 636 2030 ἀπεριεργοτέραν
654 1931 708 2010 ἐπ’
724 1932 821 2037 αὐτῷ
838 1929 904 2028 τὴν
923 1928 1072 2031 θεωρίαν
1092 1921 1296 2031 δεξάμενοι,
1310 1918 1467 2002 τοιοῦτόν

264 2079 300 2125 τι
337 2046 458 2153 φαμὲν
491 2052 696 2150 ύποδηλούν
732 2052 851 2151 αὐτὸν,
884 2056 932 2136 ὡς
970 2049 1166 2149 οὐδαμόθεν
1203 2049 1335 2129 αὐτοῖς
1373 2045 1467 2124 ἔσται

266 2171 506 2272 καταληπτῖις,
525 2177 610 2255 ἀλλ’
631 2176 711 2257 ούδέ
729 2185 803 2261 τοῖς
821 2177 905 2279 παρ’
925 2178 1042 2255 αὐτῶν
1061 2176 1300 2254 ύποπεσεῖται
1325 2167 1468 2273 βρόχοις

265 2295 565 2398 παλινδρομήσας
587 2298 677 2401 πρὸς
704 2298 768 2380 τῖιν
789 2299 948 2402 Πατέρα.
992 2301 1033 2377 οὐ
1057 2296 1129 2399 γάρ
1157 2294 1326 2394 βάσιμος
1355 2295 1467 2374 αι’ντοῖς

267 2415 370 2496 έσται
407 2423 466 2499 καὶ
503 2422 661 2523 οὐρανὸς,
696 2425 716 2503 ὁ
751 2423 789 2503 δέ
821 2425 916 2531 αύτῷ
947 2420 1169 2523 συνεδρεύων
1200 2422 1252 2526 τῷ
1289 2424 1379 2525 Θεῷ
1416 2416 1468 2495 καῖ
1479 2446 1504 2504 15

234 2536 399 2643 (λΠατρὶ,
417 2550 494 2627 πῶς
519 2544 564 2625 ἀν
588 2551 644 2626 καὶ
671 2548 810 2649 γένοιτο
836 2555 909 2630 τοῖς
934 2546 1101 2648 ζητοῦσιν
1121 2541 1230 2622 αὑτὸν
1248 2542 1465 2641 ἀλώσιμος;

267 2662 317 2748 εἷς
344 2664 409 2763 μέν
433 2670 496 2747 ούν
519 2669 629 2771 λόγος
655 2671 758 2754 οὗτος
787 2672 829 2750 οὐ
855 2667 980 2767 βαθύς,
999 2666 1298 2769 πρεπωδέστερος
1331 2663 1370 2745 δέ
1399 2671 1470 2746 ταῖς

267 2794 340 2867 τῶν
358 2790 538 2872 Ἰουδαίων
563 2795 752 2898 ε’λαφρίαις
779 2801 932 2891 μᾶλλον,
953 2796 1012 2872 καὶ
1036 2799 1113 2875 ταῖς
1138 2791 1282 2870 ἐκείνων
1302 2790 1470 2870 διανοίαις

268 2912 306 2990 έν
338 2912 512 3010 ἀμείνοσι·
557 2918 841 3022 χθαμαλώτερον
873 2918 944 3019 γάρ
977 2952 1055 3001 πως
1091 2917 1145 2994 ἀεὶ
1176 2922 1347 2998 νοοῦντες
1380 2912 1468 3014 εύρί·

269 3066 431 3116 σκονται·
470 3039 492 3138 ἦ
518 3038 556 3118 δέ
582 3040 731 3142 ἀκριβὴς
757 3045 815 3122 καὶ
841 3039 1058 3145 κεκρυμμένη
1083 3045 1155 3118 τῶν
1173 3038 1374 3140 εἰρημένων
1394 3035 1467 3114 διά·
1481 3072 1506 3113 ιο

270 3192 348 3238 νοια
373 3170 499 3242 τοῦτον
523 3164 594 3268 έχει
619 3165 682 3243 τὸν
704 3165 838 3267 τρόπον
862 3163 961 3266 Ἐγὼ
985 3163 1061 3263 μέν,
1084 3165 1190 3268 Φησὶ,
1207 3164 1273 3259 77ῖῖ
1302 3161 1472 3261 ὑμίτθύὶαῖ

271 3284 501 3382 ἀνοσιότητος
521 3288 586 3385 τὴν
604 3290 740 3390 παγίδα
761 3287 992 3391 διεκδραμὼν,
1011 3282 1357 3384 ἀνακομισθήσομαι
1385 3285 1472 3387 πρὸς

272 3405 368 3485 Θεὸν
385 3411 443 3487 καὶ
463 3412 620 3512 Πατέρα·
650 3412 950 3515 προαποδημήσω
974 3412 1012 3491 δέ
1036 3410 1180 3494 πάντως
1198 3414 1272 3487 τῶν
1293 3409 1472 3512 ἡμετέρων

272 3540 543 3631 προσκυνητῶν,
575 3534 633 3614 ίνα
669 3540 727 3615 καὶ
763 3536 985 3639 πορεύσιμον
1019 3536 1136 3616 αὐτοῖς
1173 3530 1373 3639 ἀποδείξας
1413 3532 1473 3631 τὴν

244 3651 365 3754 οπρὸς
401 3655 444 3734 τὸ
480 3656 553 3737 ἀνω
592 3658 865 3760 διακομίζουσαν
898 3661 1034 3761 τρίβον,
1066 3656 1203 3739 πάντας
1235 3652 1355 3760 έχοιμι
1396 3657 1505 3752 μεθ’ῑὶ

274 3777 411 3858 ἑαυτοῦ.
457 3785 550 3885 ὑμεῖς
579 3781 617 3861 δέ
647 3788 680 3862 ού
708 3779 842 3862 θόνασθε
865 3781 965 3862 ἐλθεῖν
987 3781 1068 3862 ’όπου
1094 3789 1160 3883 εἰμὶ
1188 3776 1266 3881 ἑγάι,
1286 3781 1475 3860 τουτέστιν

274 3899 474 4004 ἀπόκληροι
506 3911 577 3984 τῶν
611 3907 715 3984 θείων
746 3909 893 4006 ἀγαθῶν
924 3905 1174 4007 εύρεθήσεσθε,
1203 3903 1381 4008 ἀμέτοχος
1418 3939 1476 4002 της

273 4025 359 4122 ἐμῆς
396 4026 525 4107 ἔσεσθε
562 4029 682 4136 δόξης,
719 4034 776 4109 καῖ
815 4038 880 4108 τού
920 4027 1205 4129 συμβασιλεύειν
1242 4033 1319 4111 τοῖς
1365 4030 1477 4131 ἁγίοις

310 4270 337 4322 3.
356 4254 597 4323 ε’πινυστάζωμενο.
644 4257 690 4328 ε’γρ
725 4262 824 4326 ορῶμεν
833 4258 900 4328 μέγ
951 4260 1003 4326 όρω
1017 4257 1050 4311 B.
1062 4261 1231 4329 γρηγορῶμεν
1240 4255 1477 4314 Holstenius.m

279 4337 318 4413 15.
338 4325 379 4378 καὶ
392 4325 464 4394 prius
476 4336 646 4398 assumptum
659 4346 691 4381 ex
732 4368 738 4381 .
787 4329 816 4382 δὲ
849 4280 918 4390 {we
961 4338 980 4381 t.
995 4327 1045 4382 Ed.
1145 4341 1184 4409 ιη.
1204 4323 1362 4394 εἶςμὲνούν
1378 4329 1414 4385 Β.
1425 4330 1478 4384 ἔστι

274 4391 467 4451 wssfflt.
481 4396 532 4451 Ed.
614 4399 655 4452 18.
673 4401 775 4466 μᾶλλον
802 4399 830 4453 δε
841 4401 944 4466 μῖιλλον
957 4397 990 4452 Β.
1027 4396 1187 4452 Emendavlt
1201 4396 1251 4451 Ht.
1334 4414 1383 4455 22.
1402 4403 1467 4470 πρὸς

500 4482 515 4520 2
536 4507 543 4522 .
562 4467 690 4538 ἡμετέρων
704 4468 736 4521 Β.
781 4479 801 4523 t.
814 4469 881 4537 ἐρῶν
893 4487 907 4522 ο
921 4469 980 4523 Cat.
995 4468 1071 4522 Harl.
1085 4477 1116 4522 ut
1127 4467 1181 4522 vid.
1194 4467 1267 4523 Aah.
1373 4487 1420 4540 25.
1437 4473 1466 4526 τὸ

465 4483 534 4607 ,μεθ
547 4539 640 4594 lawe&
655 4538 687 4592 Β.
702 4538 750 4593 Ht.
763 4538 817 4608 μετ’
831 4540 941 4608 ε’μαυτοῡ
953 4557 967 4592 e
981 4538 1040 4594 Cat.
1055 4538 1131 4594 Harl.
1144 4547 1174 4594 ut
1186 4536 1240 4592 vid.
1254 4537 1312 4597 Ed..
