3038 5018
285 295 347 357 122
588 293 626 357 Β.
649 290 859 357 CYRILLI
889 293 1177 358 ALEXANDR.
1350 292 1414 375 i.9,
1430 308 1477 352 10.

284 458 367 560 δίχα
390 463 527 559 πικρῶν
547 464 798 560 παραιτεῖσθαι
820 456 885 554 μέν
907 459 971 537 τὸν
994 464 1056 557 τῆς
1081 455 1217 561 σαρκὸς
1240 455 1403 549 θάνατον,
1423 456 1481 532 καὶ

284 580 540 660 ἀποδύσασθαι
559 579 601 661 τὸ
619 581 772 685 κολάζον
791 584 915 679 ὀκνεῖν,
935 584 1024 661 ἐτῶν
1042 582 1080 662 δέ
1097 579 1289 685 προσθήκῃ
1307 583 1480 675 τιμᾶσθαι

284 710 517 806 παρακαλεῖν,
540 705 653 785 καίτοι
682 706 766 783 λίαν
790 708 909 810 ἐχρῆν,
935 706 1031 806 εἴπερ
1059 703 1104 805 ἦν
1129 704 1240 787 ὅντως
1267 701 1481 802 ἀγαθὸς,ού

283 827 327 906 τὸ
350 825 513 907 τεθνάναι
539 835 792 930 παραιτεῖσθαι
817 836 974 928 μᾶλλον,
993 830 1159 931 ἡγεῖσθαι
1184 826 1222 906 δέ
1249 821 1421 932 φορτικὸν
1438 819 1480 902 τδ

283 949 562 1054 συμπεπλέχθαι
587 950 740 1049 σώματι,
765 955 822 1030 καὶ
850 955 907 1031 ἐπὶ
935 952 1050 1058 τούτῳ
1075 950 1181 1056 χάριν
1206 949 1297 1052 ήπερ
1325 951 1381 1027 ἐπὶ
1407 953 1513 1029 τοῖς5

117 1092 211 1150 au.
253 1076 452 1156 οέναντίοις
484 1076 687 1175 ὁμολογεῖν.
741 1081 818 1158 πῶς
856 1075 892 1154 δέ
931 1078 978 1158 ὡς
1012 1079 1050 1154 ἐν
1079 1072 1223 1180 χάριτος
1260 1072 1355 1174 μέρει
1388 1068 1481 1152 Θεὸς

116 1197 220 1313 ΕΜ,
283 1199 530 1300 ἐπηγγέλλετο
548 1198 666 1299 λέγων
685 1200 780 1306 αύτῷ
800 1209 822 1246 “
834 1198 928 1278 Ἰδού
950 1200 1171 1300 προστίθημι
1197 1204 1245 1280 είς
1269 1193 1333 1275 τὸν
1351 1194 1481 1298 χρόνον

116 1341 139 1390 ⁵·
284 1334 306 1370 ‘⁶
323 1356 394 1402 σου
422 1321 481 1421 ἐτη
511 1321 736 1417 δεκαπέντε,”
757 1322 870 1402 καίτοι
897 1322 1090 1426 προσθήκη
1118 1320 1315 1415 κολάσεως,
1335 1319 1399 1396 ούκ
1425 1318 1480 1395 εύ-

282 1445 400 1529 ποιΐοις
425 1442 567 1547 τρόπος,
589 1445 612 1544 ἡ
638 1442 837 1549 ὑπόσχεσις
864 1443 919 1544 ἦν,
943 1446 1039 1546 ε’ίπερ
1067 1448 1188 1524 ἐκεῖνοι
1215 1441 1481 1546 πρεσβεύουσιν

282 1571 425 1666 ἀληθῆ;
466 1566 566 1646 ἀλλὰ
595 1566 666 1667 μὴν
695 1573 809 1673 δῶρον
838 1570 974 1650 ἀνωθεν
1003 1570 1023 1667 ή
1056 1569 1257 1672 ὑπόσχεσις
1288 1563 1343 1664 ἦν,
1372 1565 1430 1642 καὶ
1458 1563 1509 1662 ἡι

281 1690 473 1793 προσθήκη
506 1689 621 1794 χάρις·
667 1693 730 1771 ούκ
768 1693 839 1794 ἄρα
874 1689 1025 1776 κόλασις
1062 1699 1139 1775 ταῖς
1177 1696 1312 1795 ψυχαῖς
1345 1688 1367 1786 ή
1399 1721 1478 1765 σω·

281 1813 454 1912 μάτωσις.

339 1942 385 2017 ιδ.
416 1968 516 2015 ΑΛΛο.
547 1944 591 2018 Εἰ
610 1941 648 2017 ἐν
666 1938 766 2046 τάξει
786 1937 973 2024 κολάσεως
991 1940 1129 2020 δέδοται
1147 1938 1189 2018 τὸ
1212 1943 1322 2035 σῶμα
1346 1941 1391 2038 τῇ
1416 1942 1480 2012 τοῦ

281 2061 472 2163 ἀνθρώπου
490 2065 606 2168 ψυχῇ,
623 2063 729 2142 ποίαν
747 2063 930 2143 ἀντεδίδου
949 2063 1054 2166 χάριν
1071 2069 1122 2169 τῷ
1144 2061 1299 2166 εὐνούχῳ
1320 2057 1412 2141 Θεὸς
1429 2059 1481 2164 τῷ

112 2185 223 2302 {¹⁸5¹}OE
247 2182 504 2286 δάνενεγκύντι
528 2185 592 2265 τὸν
610 2187 781 2288 Ἰερεμίαν
807 2189 845 2266 ἐκ
871 2195 935 2266 τοῦ
963 2184 1110 2282 λάκκου,
1133 2186 1250 2287 λέγων
1271 2185 1343 2262 Καὶ
1371 2182 1512 2260 δώσωῐ

279 2306 346 2406 τὴν
371 2308 496 2414 ψυχήν
522 2343 593 2389 σου
620 2315 669 2394 εῖς
695 2313 836 2412 εὕρεμα,
856 2314 914 2389 καὶ
942 2309 1115 2390 διασώσω
1145 2344 1190 2387 σε
1218 2311 1256 2388 ἐκ
1284 2314 1356 2385 τῶν
1374 2309 1480 2383 Χαλ-

280 2433 400 2510 δαίων.
446 2432 513 2511 ἔδει
540 2429 613 2535 γάρ
641 2438 786 2530 μᾶλλον
812 2431 1052 2533 ἀποθνήσκειν
1076 2436 1148 2528 ἐᾶν,
1166 2432 1224 2511 ἵνα
1250 2433 1308 2510 καὶ
1333 2426 1479 2533 τιμήσῃ,

280 2558 415 2652 δεσμοῦ
442 2557 501 2634 καὶ
525 2553 710 2639 κολάσεως
735 2555 905 2637 ἀπολύων
924 2557 1042 2636 αὐτόν.
1082 2559 1120 2635 τί
1142 2554 1190 2651 δέ,
1214 2554 1293 2634 εῖπέ
1313 2588 1384 2652 μοι,
1407 2559 1480 2634 τοῖς

114 2692 227 2743 Dan-iii
280 2676 324 2783 ἐξ
343 2676 497 2780 Ἰσραήλ
523 2679 672 2763 νεανίαις
694 2679 882 2784 ἐχαρίζετο,
902 2679 1086 2781 διασώζων
1106 2677 1233 2761 αύτούς
1256 2682 1294 2757 ἐκ
1320 2675 1477 2782 φλογὸς,

280 2803 338 2879 καὶ
362 2804 425 2897 τῆς
450 2808 523 2881 τῶν
542 2804 788 2895 Βαβυλωνίων
807 2804 1087 2904 ἀπανθρωπίας;
1119 2802 1203 2882 ὅτου
1230 2801 1267 2881 δέ
1294 2799 1398 2907 χάριν
1417 2803 1480 2898 τῆς
1497 2833 1513 2874 2

112 2954 198 3005 1b.vi.
279 2929 352 3002 τῶν
370 2922 526 3004 λεόντων
545 2926 728 3026 ὠμότητος
753 2924 817 3006 τὸν
840 2925 961 3032 σοφὸν
986 2925 1160 3032 ἐξήρπαξε
1180 2924 1347 3024 Δανιήλ;
1378 2921 1481 3002 ἀλλά

278 3047 350 3146 μὴν
376 3056 489 3127 ταῦτα
513 3047 682 3152 πράττων
705 3052 887 3153 εὐεργετεῖ,
911 3052 969 3129 καὶ
995 3052 1035 3128 δι’
1058 3048 1149 3129 αύτά
1174 3047 1370 3154 δοξάζεται.
1415 3047 1480 3127 ούκ

250 3170 350 3271 οᾶρα
382 3170 514 3271 τρόπος
545 3174 714 3275 τιμωρίας
747 3175 825 3252 ἐστὶ
858 3172 900 3252 τὸ
932 3176 1076 3252 ἐνοικεῖν
1108 3178 1153 3277 τῇ
1187 3175 1308 3273 σαρκὶ,
1340 3171 1397 3249 ἵνα
1428 3167 1479 3268 μὴ

227 3326 229 3330 ’
278 3293 409 3373 ταύτὸν
428 3293 480 3393 ε’ίη
497 3294 596 3396 παρὰ
615 3300 698 3401 Θεῷ
715 3295 800 3395 τιμή
819 3301 880 3375 καὶ
900 3294 1065 3380 κόλασις.

335 3452 374 3498 ιε.
405 3448 505 3494 Almo,
528 3417 617 3497 ’Ότι
647 3423 719 3498 τῶν
748 3418 890 3527 ἑκάστῳ
921 3418 1151 3516 βεβιωμένων
1178 3420 1342 3525 ἐξέτασις
1375 3417 1511 3499 ἐσταιι

277 3539 369 3619 κατὰ
396 3541 518 3645 καιρὸν
543 3544 600 3621 ἐπὶ
629 3550 692 3620 τοῦ
721 3543 816 3623 θείου
843 3542 1005 3643 βήματος
1032 3541 1252 3621 ἐκδιδάσκων
1279 3545 1299 3621 ὁ
1329 3541 1479 3626 Παῦλύς

276 3670 372 3770 φησι
400 3677 421 3713 “
435 3663 532 3749 Τούς
549 3663 620 3766 γὰρ
642 3665 779 3750 πάντας
806 3667 899 3766 ἡμᾶς
923 3670 1170 3774 φανερωθῆναι
1196 3668 1251 3746 δεῖ
1274 3667 1480 3768 ἔμπροσθεν

278 3798 299 3835 “
317 3796 381 3867 τοῦ
407 3787 569 3888 βήματος
593 3797 657 3867 τοῦ
677 3794 852 3892 Χριστοῦ,
870 3790 928 3869 ἵνα
952 3792 1144 3888 κομίσηται
1170 3790 1321 3873 ἕκαστος
1346 3788 1392 3868 τὰ
1419 3789 1478 3869 διὰ

278 3921 300 3956 “
317 3919 382 3990 τοῦ
406 3912 588 4011 σώματος,
607 3908 698 4013 πρὸς
725 3910 749 3990 ά
774 3905 938 4020 ἔπραξεν,
956 3912 1024 3992 εἴτε
1049 3911 1186 4013 ἀγαθὸν
1204 3912 1271 3992 εἴτε
1296 3914 1475 4017 φαῦλον·”

277 4039 307 4111 εὶ
324 4032 362 4112 δέ
380 4036 435 4113 ἐπὶ
454 4031 576 4130 μόνοις
594 4040 668 4117 τοῖς
686 4032 745 4112 διά
763 4044 827 4114 τοῦ
845 4038 1014 4133 σώματος
1038 4033 1061 4134 ἢ
1088 4035 1277 4138 κολάζεταί
1300 4070 1352 4119 τις
1376 4035 1476 4140 παρὰ
1494 4062 1512 4118 3

197 4142 206 4153 ’
276 4165 340 4234 τοῦ
366 4155 555 4257 κρίνοντος,
575 4157 687 4257 ἤγουν
704 4161 767 4257 τῆς
794 4160 944 4259 δεούσης
969 4159 1131 4265 ἀξιούτω
1156 4164 1270 4258 τιμῆς,
1290 4157 1411 4259 μνήμη
1438 4160 1476 4240 δὲ

314 4389 337 4426 1.
356 4375 386 4427 τδ
398 4391 446 4445 pro
458 4375 567 4429 θάνατον
578 4376 620 4429 καί
634 4375 666 4429 Β.
750 4393 776 4446 3.
795 4381 937 4447 παρακαλεῖ
950 4377 983 4431 Β.
1030 4378 1126 4449 ἀγαθὸς
1138 4387 1306 4519 assumstum
1319 4397 1351 4432 ex
1365 4379 1475 4436 B.D.E.

276 4444 344 4508 4³3
357 4445 430 4531 Prius
443 4454 610 4516 assumptum
624 4464 656 4500 ex
669 4446 702 4499 B.
760 4446 903 4518 10.'r'1alt.]
916 4447 954 4517 εἴη
969 4448 1002 4534 B:
1062 4466 1103 4517 19.
1115 4447 1224 4518 Ἰσραήλ
1251 4448 1426 4520 Ἰερουσαλήμ
1440 4450 1474 4506 Β.

277 4528 319 4566 22.
338 4512 363 4565 δι
384 4514 446 4568 αὐτὰ
460 4514 493 4569 Β.
506 4515 549 4568 διὰ
560 4520 639 4570 ταῦτα
652 4516 703 4571 Ed.
810 4535 854 4587 30.
872 4520 941 4587 παρὰ
954 4540 1000 4572 του
1011 4519 1141 4588 κρίνοντος
1153 4529 1291 4590 assumpta
1303 4538 1335 4574 ex
1351 4520 1383 4575 B.
