3038 5018
96 318 127 360 τ.
144 316 193 383 19.
271 297 327 366 IN
358 300 392 366 S.
417 299 673 367 JOANNEM.
717 298 883 364 LIB.II.
929 298 1030 363 CAP.
1046 295 1107 360 VI.
1226 296 1289 359 321

93 458 257 548 τεκόντος
293 465 418 549 οὐσίας
455 463 693 568 κατηγορήσει
730 461 773 543 τό
809 470 984 568 πρᾶγμα,
1024 466 1053 542 εί
1089 460 1159 563 γὰρ
1197 458 1291 543 ὅλως

93 586 258 666 ἀσθενεῖν
275 588 450 694 ἐνδέχεται
470 588 534 670 τὸν
556 588 647 670 κατά
669 587 783 694 φύσιν
802 587 888 667 ὄντα
907 586 1012 685 Θεὸν,
1031 587 1068 664 τί
1086 584 1128 665 τὸ
1151 581 1292 663 κωλόον

93 709 172 788 ε’στὶ
198 717 306 791 τοῖντο
331 718 459 792 παθεῖν
480 713 544 792 τὸν
564 711 720 816 Πατέρα,
739 711 892 814 ἐχούσης
919 711 1022 816 ἅπαξ
1047 708 1088 790 τὸ
1116 709 1291 789 δύνασθαι

93 838 220 913 παθεῖν
238 839 300 932 τῆς
319 836 415 921 θείας
441 841 499 917 καὶ
524 834 678 940 άῤῥήτου
697 835 853 941 φάσεως,
873 837 930 914 καὶ
949 836 1061 918 οὕτως
1079 834 1148 934 ήδη
1167 839 1291 936 φαινο-

59 955 200 1056 5μὲυης
222 960 261 1038 εὐ
280 962 359 1068 Υῖηῖ
384 959 474 1040 κατὰ
500 960 563 1041 τὸν
581 960 720 1040 ἐκείνων
738 958 877 1062 λόγους
909 959 1036 1038 οὐκοῦν
1054 955 1134 1036 οὐδὲ
1158 954 1293 1038 ἀπαθὲς

94 1078 154 1159 διὰ
178 1089 284 1162 τοῦτο
309 1083 351 1163 τὸ
370 1090 475 1182 θεῖαυ,
494 1086 579 1163 ἀλλ’
600 1083 679 1163 οὐδὲ
702 1086 739 1162 εὐ
756 1081 943 1182 ταυτότητι
969 1085 1027 1162 καὶ
1052 1077 1293 1186 ἀμεταβλήτῳ

94 1205 250 1284 κείσεται
281 1203 425 1292 πάντως
452 1208 695 1311 μακαριότητι.
740 1204 816 1287 εἶτα
847 1207 910 1305 τίς,
940 1204 1019 1287 εἶπέ
1044 1239 1115 1304 μοι,
1143 1210 1216 1285 τῶν
1247 1199 1293 1282 τὰ

93 1336 241 1408 τοιαῦτα
272 1329 493 1437 δοξαζάυτων
526 1333 713 1439 ἀνέξεταις
755 1331 808 1415 τίς
842 1329 881 1409 δὲ
918 1335 981 1430 τῆς
1013 1330 1109 1413 θείας
1145 1327 1293 1427 βοάσης

94 1457 250 1559 γραφῆς,
269 1452 324 1533 ὅτι
345 1454 476 1557 Κύριος
493 1463 565 1535 τῶν
584 1453 765 1552 δυνάμεάν
784 1457 883 1535 ἐστιν
902 1456 923 1534 ό
941 1452 1039 1551 Υἱὸς,
1059 1454 1100 1532 οὐ
1119 1487 1289 1554 καταναρ-
1306 1491 1324 1534 ο
1339 1471 1381 1519 ¹³⁸·
1390 1470 1459 1520 ¹¹15·

45 1605 82 1647 ¹0
95 1574 200 1675 κήσει
226 1579 354 1678 λέγων,
383 1584 627 1677 δυναμοῦσθαι
659 1574 799 1682 χρῄζειν
826 1576 944 1675 αὐτὸν,
971 1579 1029 1656 καὶ
1061 1579 1172 1673 ἀτελῆ
1203 1574 1294 1654 κατὰ
1342 1550 1380 1587 ¹⁰⁸

95 1707 202 1780 τοῦτο
230 1699 411 1807 ὑπάρχειν,
436 1701 457 1783 δ
485 1703 611 1806 κυρίως
638 1707 695 1782 καὶ
722 1701 821 1810 μόνῳ
851 1699 1049 1804 πρόσεστιν
1079 1701 1176 1806 αὐτῷ
1205 1696 1295 1799 μετὰ

97 1822 243 1926 Πατρὸς
260 1829 317 1905 καὶ
335 1826 463 1927 Ἀγίου
483 1828 714 1923 Πνεάματος;

153 1948 253 2051 Ἐρεῖ
279 1949 316 2030 δὲ
345 1948 458 2031 πάλιν
484 1951 568 2050 ἡμῖν
597 1951 617 2029 ὁ
646 1952 690 2029 δι’
713 1950 872 2035 εὐαυτίας
902 1947 1009 2029 Κατὰ
1039 1946 1143 2030 τοῦτό
1176 1953 1295 2055 φαμεν

98 2073 326 2174 ὑπερκεῖσθαι
357 2081 420 2154 τοῦ
451 2080 541 2154 Υῖοῦ
574 2072 636 2154 τὸν
668 2072 824 2175 Πατέρα.
862 2073 882 2151 ὁ
914 2072 978 2171 μὲν
1008 2070 1080 2175 γάρ
1112 2074 1190 2151 ε’στι
1222 2078 1296 2151 τῶν

45 2212 84 2272 15
97 2194 214 2297 ε”ργωυ
232 2195 544 2302 προκαταρκτικδς,
564 2201 612 2281 ὡς
635 2196 726 2301 ἔχων
745 2195 782 2275 ἕν
804 2231 842 2276 τε
867 2201 912 2301 τῇ
938 2197 1083 2294 δυνάμει
1109 2199 1166 2274 καὶ
1190 2196 1228 2272 εὐ
1246 2206 1298 2300 τῷ

96 2316 216 2399 πάντα
234 2320 358 2400 εἰδέναι
377 2320 418 2401 τὸ
441 2320 588 2400 τέλειον·
619 2323 639 2400 ὁ
662 2318 700 2399 δὲ
727 2319 900 2423 πρότερον
918 2320 1051 2422 γίνεται
1070 2316 1207 2418 θεατής,
1227 2313 1295 2396 εἶθ’

97 2444 210 2527 οὕτως
234 2445 384 2547 ἐργάτης
409 2450 472 2544 τῆς
498 2453 561 2524 τοῦ
579 2443 724 2546 Πατρός
746 2446 919 2548 ἐνεργείας
945 2442 1229 2543 ἀναματτόμενος
1249 2448 1331 2526 εὶςδ

98 2569 223 2651 ἑαυτὸν
240 2570 306 2670 τὴν
329 2573 492 2673 μίμησιν,
510 2574 568 2653 ἵνα
595 2572 653 2651 διὰ
679 2577 743 2672 τῆς
771 2579 843 2654 τῶν
868 2573 982 2676 ἔργων
1007 2570 1211 2670 ὁμοιότητος
1240 2573 1298 2648 καὶ

99 2694 205 2779 αὐτὸς
233 2701 355 2797 νοῆται
383 2695 488 2781 Θεός·
519 2707 625 2776 τοῦτο
653 2695 724 2800 γάρ
749 2699 839 2796 ἡμᾶς
867 2696 1066 2778 ἐκδιδάσκει
1095 2698 1224 2799 λέγων,
1248 2693 1299 2795 μή

1250 2819 1263 2840 l

45 2847 87 2891 ²0
100 2813 268 2900 θάνασθαι
290 2826 392 2902 ποιεῖν
413 2827 475 2928 ἀφ’
497 2822 611 2902 ἑαυτοῦ
632 2817 732 2926 μηδὲν
752 2822 807 2901 ε’ἀν
826 2824 874 2926 μή
893 2860 924 2900 τι
945 2820 1064 2932 βλέπῃ
1089 2826 1140 2900 τδν
1161 2838 1272 2925 Πατερ

99 2931 275 3026 ποιοῦντα.ἱ
306 2946 344 3025 τί
369 2944 442 3051 φῂς
470 2943 498 3025 ὦ
525 2943 709 3044 πάντολμε
738 2945 810 3041 σό;
849 2949 912 3043 τῆς
939 2953 1003 3022 τοῦ
1029 2940 1173 3045 Πατρός
1201 2945 1295 3044 ε’νερ-

99 3070 197 3170 γείας
225 3069 462 3168 ἀναμάττεται
491 3068 572 3154 τοὺς
600 3068 732 3153 τόπους
760 3075 808 3151 είς
836 3066 961 3147 ἑαυτὸν
988 3069 1007 3145 ὁ
1033 3066 1132 3156 Υἱὸς,
1156 3069 1213 3145 ἵνα
1242 3064 1301 3145 διὰ

99 3192 228 3273 τούτου
257 3198 378 3293 νοῆται
408 3193 528 3289 Θεός;
561 3199 732 3277 διδακταῖς
760 3192 823 3272 οὖν
850 3191 952 3270 ἕσται
975 3188 1079 3287 Θεὸς,
1101 3193 1158 3268 καὶ
1187 3190 1301 3269 οὐκέτι

100 3316 193 3397 κατὰ
211 3316 336 3424 φύσιν·
367 3317 493 3421 ὥσπερ
518 3316 555 3397 δὲ
579 3320 617 3396 ἐν
645 3318 728 3415 ἡμῖν
753 3313 932 3416 ἐπιστήμη
961 3318 1019 3395 καὶ
1046 3315 1153 3419 τέχνη
1180 3311 1301 3418 τυχόν,

45 3466 87 3527 25
100 3443 212 3527 οὕτως
240 3442 311 3545 άρα
338 3444 376 3522 ἐν
402 3444 497 3549 αὐτῷ
526 3446 604 3523 ἐστι
633 3439 675 3520 τὸ
703 3440 855 3546 ἀξίωμα,
883 3444 941 3520 καὶ
968 3439 1129 3543 τεχνίτης
1156 3436 1331 3537 μᾶλλόυο

99 3568 180 3646 ἐστι
206 3573 278 3647 τῶν
304 3570 368 3664 τῆς
395 3562 560 3663 θεότητος
589 3564 704 3666 ἔργων
731 3562 753 3664 ἢ
783 3561 876 3647 Θεὸς
907 3562 1085 3663 ἀληθινός·
1115 3563 1231 3665 ἕτερος
1265 3559 1303 3640 δὲ

101 3689 216 3788 δήπου
234 3689 378 3773 πάντως
403 3687 507 3773 αὐτὸς
533 3685 630 3791 παρὰ
656 3686 722 3787 τήν
741 3688 779 3767 εὐ
796 3687 892 3794 αὐτῷ
916 3685 1054 3789 τέχνην,
1074 3683 1141 3766 κάυ
1161 3684 1304 3789 ὑπάρχῃ

102 3814 311 3916 θεοπρεπής.
350 3820 427 3898 πῶς
454 3813 516 3893 οὖν
539 3813 609 3916 ἀρα
633 3809 696 3892 τὸν
718 3817 790 3890 τῶν
813 3814 876 3910 τῆς
899 3808 1066 3911 θεότητος
1092 3809 1185 3910 ὅρων
1204 3811 1303 3900 ἐκβε-

101 3935 250 4035 βηκότα,
276 3942 333 4016 καὶ
360 3941 397 4017 ἐν
422 3935 514 4041 μόνη
541 3942 587 4040 τῇ
616 3936 723 4040 τέχνη
748 3941 929 4041 φοροῦντα
950 3931 1015 4032 τὴν
1040 3931 1161 4039 δόξαν,
1185 3965 1302 4034 προσ-

49 4094 91 4152 30
103 4067 250 4140 κυυοῦσι
283 4060 347 4160 μὲν
378 4061 528 4164 ἄγγελοι
566 4061 641 4138 κατ’
676 4057 837 4160 οὐρανὸν,
870 4065 1140 4160 προσκυνοῦμεν
1172 4056 1211 4134 δὲ
1244 4057 1302 4134 καὶ

104 4184 201 4284 ἡμεῖς
224 4183 460 4286 ἀνεγκλήτως,
479 4182 521 4264 τὸ
549 4183 600 4283 μή
627 4187 755 4288 χρῆναι
783 4182 964 4286 λατρεύειν
983 4181 1089 4289 ἑτάρῳ
1116 4177 1214 4283 παρά
1240 4177 1303 4258 τὸν

140 4476 166 4531 5.
185 4461 281 4518 ἀπαθὲς
295 4460 327 4514 Β.
343 4461 443 4531 Migne.
457 4461 556 4530 ἀπαθής
569 4460 621 4515 Ed.
704 4463 745 4531 1'3.
764 4458 823 4529 ήμῖν
835 4467 896 4530 post
908 4458 1020 4515 ε’ναυτίας
1035 4467 1068 4513 tr.
1083 4458 1116 4512 Β.
1212 4471 1253 4529 15.
1272 4461 1304 4525 τῇ

104 4551 159 4587 om.
174 4532 205 4587 B.
315 4547 357 4603 23.
376 4534 450 4588 ἔσται
463 4532 496 4588 B.
509 4532 567 4588 ε’στι
581 4531 632 4586 Ed.
741 4531 783 4585 28.
801 4534 851 4585 τῶν
863 4547 917 4585 om.
933 4529 963 4584 B.

148 4633 218 4679 νος.
237 4636 259 4679 1.
674 4621 722 4677 τί
