3038 5018
90 295 212 381 vii.24.
260 299 318 364 IN
348 301 660 370 S.JOANNEM.
705 303 802 369 LIB.
825 303 886 370 1v.
931 304 1033 369 CAP.
1050 303 1125 369 VII.
1199 306 1285 397 '641

91 460 256 563 γεγονότι
281 471 494 573 στρατηγῷ,
524 473 618 573 φημὶ
646 465 684 548 δὲ
710 465 824 549 πάλιν
849 470 974 569 Ἰησοῦ
1007 473 1059 576 τῳ
1091 477 1155 549 τοῦ
1184 472 1289 567 Ναυῆ

91 594 113 631 “
134 590 209 667 Καὶ
234 588 372 690 ἐγένετο
397 589 473 689 μετ’
493 593 606 673 ε’κεῖνα
633 596 690 673 καὶ
718 593 894 674 ἀπέθανεν
911 593 1055 692 Ἰησοῦς
1083 591 1156 677 υἱὸς
1183 596 1289 692 Ναυῆ
1333 584 1404 699 {22
1416 661 1456 712 30.

92 718 114 756 “
133 713 262 794 δοῦλος
282 714 419 816 Κυρίου
439 714 565 796 ἑκατὸν
581 717 665 796 δέκα
689 719 788 797 ε’τῶν.
827 720 885 796 καὶ
910 716 1055 823 ἔθαψαν
1072 715 1181 797 αὐτὸν
1198 715 1290 819 πρὸς
1335 729 1375 778 ³¹·

92 842 115 879 “
134 841 206 920 τοῖς
233 838 341 939 ὁρίοις
364 847 429 918 τοῦ
454 838 591 943 κλήρου
616 841 738 921 αῦτοῦ·
769 842 841 921 ἐκεῖ
862 841 992 940 ἔθηκαν
1013 841 1088 939 μετ’
1109 841 1218 920 αὐτοῦ
1241 846 1291 925 είς
1399 842 1404 853 ’

61 967 116 1037 5“
134 957 177 1039 τὸ
207 964 332 1060 μνῆμα
363 964 402 1041 ἐν
433 958 462 1071 ᾦ
495 964 638 1070 ἔθαψαν
670 963 778 1045 αὐτὸν
809 967 887 1061 ἐκεῖ,
920 962 984 1047 τὰς
1016 965 1195 1068 μαχαίρας
1226 962 1291 1047 τὰς

94 1092 117 1130 “
134 1085 301 1187 πετρίνας
326 1087 364 1165 ἐν
382 1085 438 1170 αἶς
463 1087 643 1191 περιίτεμε
669 1087 752 1174 τοῦς
777 1085 870 1172 νίοῦς
888 1087 1080 1190 Ἰσραήλ.”
1117 1087 1320 1169 ἐθάπτετοο

94 1203 161 1305 μὲν
196 1205 268 1311 γὰρ
304 1208 452 1295 τεθνεὼς
488 1215 508 1292 ὁ
544 1211 716 1314 μακάριος
745 1213 900 1312 Ἰησοῦς·
945 1210 1220 1314 παρεπήγννντο
1253 1210 1291 1291 δὲ

95 1332 283 1435 χρησίμως
301 1339 338 1414 αἱ
355 1333 528 1440 μάχαιραι
545 1342 597 1443 τῳ
618 1337 792 1443 μνημείῳ,
813 1333 904 1439 πρὸς
929 1335 994 1415 τὸν
1011 1338 1075 1434 τῆς
1099 1339 1293 1438 περιτομῆς

96 1455 377 1559 ῦπονργήσασαι
400 1457 526 1538 τύπον·
557 1459 615 1539 ἵνα
632 1458 745 1539 πάλιν
764 1460 863 1559 ἡμεῖς
881 1457 940 1538 διὰ
957 1457 1085 1538 τούτου
1108 1465 1290 1556 συνῶμεν,

45 1611 83 1653 10
96 1578 151 1660 ὅτι
169 1584 221 1686 τῳ
242 1580 385 1689 θανάτῳ
402 1590 466 1662 τοῦ
486 1587 655 1686 Σωτῆρος
673 1585 774 1683 ἡμῶν
792 1589 960 1685 Χριστοῦ
977 1586 1041 1682 τῆς
1063 1584 1101 1662 ε’ν
1117 1583 1293 1682 πνεύματι

95 1708 288 1806 περιτομῆς
314 1704 572 1809 παραπέτηγεν
593 1708 616 1807 ἡ
640 1706 744 1812 χάρις
770 1709 793 1808 ἡ
817 1706 965 1787 πάντων
986 1707 1069 1807 ἡμῖν
1091 1712 1164 1786 τῶν
1182 1708 1290 1810 οῦρα·

95 1826 180 1907 νίων
197 1829 345 1930 ἀγαθῶν
361 1829 624 1933 προμνήστρια.

152 1949 416 2058 Ἐκληψόμεθα
443 1955 563 2034 τοίνυν
586 1952 654 2054 τὴν
676 1955 715 2033 ε’ν
739 1953 850 2059 ὀγδόη
877 1949 1081 2056 περιτομὴν,
1099 1951 1295 2033 Ἰουδαϊκὸν

97 2083 257 2159 νοοῦντες
282 2074 395 2174 οῦδὲν,
413 2076 480 2176 τὴν
504 2075 562 2157 διὰ
587 2077 797 2175 Πνεῦματος
822 2074 1010 2178 κάθαρσιν,
1030 2080 1067 2155 ἐν
1090 2078 1211 2156 πίστει
1236 2080 1294 2156 καὶ

45 2221 84 2282 15
97 2198 297 2279 ἀναστάσει
316 2205 492 2301 Χριστοῦ,
509 2198 632 2301 πάσης
652 2201 824 2302 ἁμαρτίας
843 2196 1042 2298 ἀποβολὴν,
1062 2199 1218 2279 θανάτου
1236 2204 1328 2279 καὶᾶ

98 2328 237 2430 φθορᾶς
270 2323 462 2427 ἀναίρεσιν,
490 2322 667 2432 πρόξενον
695 2326 880 2426 ἀγιασμοῦ
907 2328 965 2402 καὶ
992 2322 1202 2422 οἰκειότητος
1231 2327 1295 2422 τῆς

97 2452 147 2529 είς
176 2445 352 2547 Χριστὸν,
377 2450 578 2551 ἐλευθερίας
605 2446 734 2546 εἰκόνα,
760 2451 824 2548 τῆς
852 2445 944 2550 πρὸς
966 2446 1063 2527 Θεὸν
1087 2450 1296 2530 οἱκειώσεως

98 2567 185 2649 ὁδόν
205 2605 242 2649 τε
262 2574 319 2650 καὶ
338 2569 463 2674 θύραν.

156 2689 173 2720 υ
332 2694 342 2722 x
422 2696 438 2730 ς
501 2695 519 2725 ν
624 2702 640 2719 a
703 2698 712 2723 ς
739 2699 751 2726 x
836 2695 846 2723 ι
1109 2692 1118 2718 ι
1224 2693 1233 2716 τ
1264 2698 1280 2715 a

173 2699 267 2779 Αλις
298 2729 365 2792 μεν
397 2729 459 2774 ουν
491 2699 560 2797 ηδη
592 2730 665 2776 των
694 2731 752 2776 επι
781 2730 919 2780 τουτοις
954 2700 1181 2799 πανταχοθεν
1212 2726 1297 2791 ημιν

45 2849 86 2891 ιο
99 2819 348 2920 ἠρανισμένων
375 2817 615 2920 θεωρημάτων
642 2825 899 2917 πνευματικῶν,
929 2817 1152 2924 διῃρημένου
1179 2817 1216 2896 δὲ
1249 2819 1298 2900 ῶς

99 2940 192 3025 εἰκὸς
215 2949 292 3021 τοῖν
311 2945 409 3022 δυοῖν
427 2944 651 3048 κεφαλαίοιν,
671 2942 814 3050 ἑκάστῳ
841 2977 880 3023 τε
907 2941 972 3022 τὸν
995 2943 1091 3046 αὐτῷ
1114 2942 1298 3043 πρέποντα

99 3063 350 3167 διηντληκότες
368 3064 492 3168 λόγον·
511 3073 637 3147 λεῖπον
657 3065 701 3145 ἀν
718 3067 771 3164 εἴη
790 3070 847 3145 καὶ
866 3066 1160 3169 χρεωστοῦμενον
1178 3069 1296 3157 εἰπεῖν,

99 3189 184 3269 ὅτου
221 3190 264 3290 δὴ
302 3191 408 3296 χάριν
438 3197 502 3292 τῆς
533 3195 725 3295 περιτομῆς
758 3187 800 3272 τὸ
833 3195 955 3295 χρῆμα
985 3190 1028 3271 τὸ
1059 3187 1298 3290 πνευματικὸν

98 3315 404 3396 κατανεανιεῦεταί
429 3351 506 3399 πως
535 3320 592 3396 καὶ
623 3320 688 3416 τῆς
717 3323 782 3395 τοῦ
810 3313 1004 3410 σαββάτου
1031 3318 1147 3413 τιμῆς.
1193 3311 1328 3412 δεκτὴε

46 3467 86 3528 25
100 3436 171 3541 γὰρ
198 3475 220 3538 η
246 3440 420 3542 περιτομὴ
446 3445 504 3521 καὶ
530 3443 568 3520 ἐν
589 3439 783 3547 σαββάτῳ,
801 3437 865 3519 τὸν
886 3439 940 3519 ἐπ’
961 3439 1057 3546 αὐτῷ
1082 3442 1147 3537 τῆς
1171 3437 1298 3539 ἀργίας

102 3565 144 3642 οῦ
170 3564 465 3668 καταφρίττουσα
493 3562 613 3661 νόμον.
652 3564 984 3663 κατασημαίνοντος
1008 3563 1127 3641 τοίνυν
1144 3569 1209 3641 τοῦ
1233 3559 1299 3658 μὲν

100 3689 138 3765 ἐν
158 3684 294 3792 ἑβδόμη
314 3695 576 3785 σαββατισμοῦ
595 3683 662 3786 τὴν
679 3689 718 3766 ἐκ
737 3683 965 3793 φαυλότητος
984 3684 1130 3784 ἀπάσης
1149 3684 1295 3791 ῥᾳστῶ·

100 3845 167 3909 νην
199 3844 238 3889 τε
271 3815 330 3890 καὶ
367 3811 507 3912 ἀργίαν,
539 3811 598 3890 καὶ
630 3807 697 3910 τὴν
728 3809 801 3891 ἀπὸ
833 3814 897 3910 τῆς
932 3811 1108 3910 ἁμαρτίας
1140 3807 1297 3913 σχολὴν,

101 3934 352 4034 σημαινούσης
389 3933 427 4013 δὲ
459 3933 573 4014 πάλιν
605 3937 668 4032 τῆς
700 3936 737 4013 ἐν
768 3933 944 4031 πνεύματι
974 3936 1166 4035 περιτομῆς
1199 3930 1299 4010 οῦδὲν

48 4090 88 4148 30
100 4057 200 4161 παρὰ
229 4066 341 4137 ταῦτα
371 4058 501 4159 ἕτερον,
530 4061 578 4141 ὡς
609 4061 647 4137 ἐν
679 4055 939 4164 ἐξηλλαγμένῳ
972 4055 1108 4163 τρόπῳ·
1152 4053 1195 4135 τὸ
1228 4054 1299 4156 γάρ

139 4270 164 4307 2.
183 4255 237 4309 υίὸς
251 4252 376 4309 Β.ὁυίὸς
390 4250 441 4306 Ed.
543 4273 568 4318 4.
587 4248 819 4322 ὁρίοις]-1-οῦτοῦ
833 4250 866 4304 Β.
968 4264 994 4317 5.
1013 4245 1120 4321 ε’νῷΒ.
1132 4249 1222 4317 (Alex.
1236 4245 1286 4300 XI.

102 4323 138 4378 εἷς
151 4322 165 4376 ὃ
180 4324 231 4378 Ed.
245 4324 332 4391 (vat.)
413 4338 454 4389 15.
474 4323 609 4390 ἀποβολὴν
620 4322 744 4392 ἁμαρτίας
756 4322 862 4375 inverso
874 4318 968 4374 ordine
981 4319 1014 4374 B.
1095 4319 1136 4374 16.
1155 4319 1286 4389 ἁγιασμοῦ

102 4394 200 4464 ἀγαθοῦ
213 4395 254 4448 καὶ
266 4394 397 4465 δγιοσμοῦ
410 4410 458 4463 pro
471 4410 545 4447 more
558 4393 591 4447 B.
756 4410 796 4462 19.
814 4389 885 4462 ἅλις]
900 4393 1013 4460 σχόλιον
1027 4411 1033 4444 :
1047 4389 1191 4461 ἀρκοῦντως
1203 4390 1230 4443 D
1243 4406 1299 4458 mg.

104 4480 146 4535 27.
166 4468 354 4532 σαββατισμοῦ
366 4465 394 4519 ἐν
406 4464 504 4532 ε’βδόμη
516 4465 623 4518 inverso
635 4462 728 4517 ordine
743 4463 775 4516 B.
904 4477 956 4532 30.
976 4462 1004 4516 ίν
1015 4458 1212 4532 ἐξηλλαγμένῳ]
1226 4459 1300 4528 ε’νηλ-

101 4535 222 4607 λαγμίνῳ
236 4536 269 4591 Β.

146 4637 216 4683 vob.
233 4639 255 4683 1.
680 4635 739 4697 41³
