3038 5018
90 277 242 366 ηιμ.
281 282 337 345 IN
369 283 684 354 S.·JOANNEM.
731 286 825 350 κιο.
851 286 898 349 11.
944 286 1045 349 οΑΡ.
1071 286 1099 348 1.
1228 286 1290 347 183

88 445 281 550 ἐξαρτίσας
315 448 403 554 ζῴον
432 452 452 527 5
482 451 738 553 ἀριστοτέχνης
767 449 872 547 Θεὸς,
900 447 1049 548 ἐντολὴν
1076 450 1192 526 ’ἐδίδου
1225 443 1291 543 τὴν

89 569 293 670 σώζουσαν·
324 575 383 650 καὶ
409 570 453 672 ἦν
477 575 515 650 ἐν
541 575 592 680 τῷ
616 574 836 681 παραδείσῳ,
855 570 949 652 καθὰ
974 572 1184 674 γέγραπται,
1208 573 1287 648 δια·
1336 599 1459 650 σεται.

89 692 284 796 φυλάττων
306 693 355 773 ἐτι
383 693 425 774 τδ
454 697 567 786 δοθέν,
594 699 651 776 καὶ
678 704 722 802 τῇ
751 700 829 804 θείᾳ
855 705 920 775 τοῦ
947 692 1180 794 πεποιηκότος
1209 698 1288 772 δια·

87 815 225 918 πρεπὴς
263 819 368 896 εἰκόνι
405 819 463 898 διά
504 829 567 899 τοῦ
607 822 863 904 ἐνοικισθέντος
900 821 1027 921 Ἀγίου
1065 818 1288 915 Πνεῦματος·

56 939 207 1038 5ἐπειδῆ
227 940 263 1020 δέ
282 950 359 1026 ταῖς
377 951 440 1021 τοῦ
459 943 633 1036 διαβόλου
651 944 986 1044 παρατετραμμένος
1009 941 1161 1023 ἀπάταις
1183 975 1287 1020 κατε-

90 1064 214 1169 φρόνει
242 1074 306 1145 τοῦ
329 1074 574 1169 Δημιουργοῦ,
599 1070 656 1146 καὶ
686 1056 794 1166 νόμον
816 1066 880 1146 τόν
906 1066 1096 1168 ὁρισθέντα
1122 1064 1291 1164 πατήσας

90 1190 213 1268 ἐλύπει
232 1187 295 1269 τόν
314 1192 509 1297 εῦεργέτην,
529 1191 595 1290 τὴν
613 1193 709 1299 αι’ντῲ
729 1196 897 1271 δοθεῖσαν
915 1189 1153 1291 ἀνεπράττετο
1176 1189 1290 1293 χάριν,

91 1324 113 1358 “
132 1317 184 1410 Γῆ
215 1308 247 1392 εἶ
280 1317 336 1392 καὶ
367 1321 415 1396 είς
447 1318 516 1413 γῆν
549 1313 762 1419 ἀπελεόση”
795 1315 875 1394 τότε
905 1323 1050 1416 πρῶτον
1081 1313 1240 1397 ἀκούσας
1271 1316 1462 1396 5d¹b·i³i·¹9·

91 1435 247 1537 γεγονὼς
275 1444 323 1521 είς
350 1436 451 1538 ζωὴν,
474 1435 765 1543 παρεχαράττετο
790 1438 826 1517 δέ
852 1438 920 1537 ἤδη
946 1442 1005 1516 καὶ
1033 1437 1055 1536 ἡ
1082 1436 1174 1537 πρὸς
1197 1437 1292 1516 Θεὸν

40 1592 77 1631 10
91 1561 259 1656 ὁμοίωσις
288 1559 345 1639 διά
373 1565 436 1659 τῆς
464 1562 775 1662 ἐπεισδραμοιίσης
804 1562 989 1665 ἁμαρτίας,
1017 1564 1075 1639 καὶ
1103 1559 1199 1659 ἦσαν
1226 1557 1292 1657 μέν

90 1683 206 1762 οῦκέτι
223 1683 353 1764 λοιπὸν
372 1691 405 1763 οί
423 1689 644 1788 χαρακτῆρες
663 1689 833 1786 λαμπροὶ,
853 1682 1084 1786 ἀμυδρότεροι
1104 1685 1146 1763 δέ
1159 1718 1236 1767 πως
1255 1686 1292 1762 ἐν

92 1810 188 1914 αὐτῷ
215 1812 273 1886 καὶ
302 1808 549 1904 ἐσκοτισμένοι
583 1807 642 1887 διά
670 1807 735 1907 τὴν
762 1806 984 1910 παράβασιν.
1030 1807 1149 1906 ἐπειδὴ
1179 1807 1216 1887 δέ
1244 1813 1293 1891 είς

91 1931 234 2029 πληθὺν
259 1934 410 2031 ἀριθμοῦ
437 1933 617 2032 κρείττονα
643 1932 685 2012 τὸ
714 1931 936 2033 ἀνθρώπινον
960 1933 1148 2038 ἐξετείνετο
1172 1932 1288 2032 γένος,

93 2054 297 2154 κατεκράτει
324 2055 362 2133 δέ
386 2056 573 2154 πάντωνῆ
601 2057 766 2156 ἁμαρτία,
785 2054 1022 2157 πολυτρόπως
1047 2055 1113 2153 τὴν
1138 2056 1292 2134 ἑκάστου
1342 2135 1345 2141 ,

43 2204 78 2262 15
93 2178 281 2282 ληϊζομένη
307 2177 443 2284 ψυχὴν,
468 2183 715 2281 ἀπεγυμνοῦτο
741 2179 805 2277 μέν
829 2178 974 2284 χάριτος
1000 2183 1064 2278 τῆς
1092 2181 1241 2284 ἀρχαίας
1269 2179 1322 2277 ἡο

93 2302 216 2407 φάσις·
259 2305 499 2381 ἀπανίσταται
533 2303 570 2382 δέ
604 2303 645 2380 τὸ
677 2307 825 2399 Πνεῦμα
856 2309 1053 2398 παντελῶς,
1083 2306 1140 2381 καὶ
1171 2303 1292 2382 πίπτει

92 2423 181 2527 πρὸς
210 2423 276 2523 τὴν
301 2423 461 2530 ἐσχάτην
486 2427 639 2526 ἀλογίαν
664 2428 684 2505 5
713 2421 869 2523 λογικός,
892 2429 949 2503 καί
978 2425 1086 2504 αὑτὸν
1108 2423 1292 2524 ἀγνοήσας

92 2547 156 2627 τόν
175 2549 359 2627 κτίσαντα.
401 2548 486 2631 ἀλλ’
506 2553 526 2629 5
544 2548 689 2629 πάντων
709 2549 936 2651 Δημιουργδς
955 2547 1112 2650 μακροὺς
1130 2549 1292 2655 ἀνεξικα-

95 2670 210 2771 κήσας
234 2671 394 2777 χρόνους,
413 2676 504 2752 ἐλεεῖ
527 2672 654 2752 λοιπὸν
675 2671 968 2776 κατεφθαρμένην
985 2672 1051 2771 τὴν
1070 2671 1289 2770 οἰκουμένην,

42 2839 80 2878 20
94 2800 151 2875 καὶ
170 2796 235 2894 τὴν
252 2795 316 2894 μέν
336 2795 632 2897 δραπετεύσασαν
651 2800 706 2876 ἐπὶ
731 2801 797 2896 γῆς
820 2795 956 2896 ἀγέλην
973 2803 1049 2880 ταῖς
1076 2798 1149 2875 ἀνω
1175 2796 1288 2876 συνά-

38 3006 42 3012 ,
94 2953 195 2998 πτειν
213 2916 347 3021 ἀγαθός
371 2918 420 2998 ὧν
440 2921 614 3023 ἠπείγετο·
647 2928 939 3023 μεταστοιχειοῦν
959 2917 996 2998 δέ
1020 2920 1133 2998 πάλιν
1152 2927 1201 3002 είς
1226 2918 1292 3018 τὴν

95 3043 246 3146 ἀρχαίαν
264 3044 381 3122 εἰκόνα
405 3043 471 3142 τὴν
489 3042 748 3144 ἀνθρωπότητα
774 3041 832 3121 διά
860 3049 923 3121 τοῦ
945 3043 1151 3140 Πνεῦματος
1175 3045 1287 3123 ἐδοκί-

95 3168 213 3267 μαζεν.
261 3165 306 3266 ἧν
328 3167 400 3269 γάρ
427 3170 493 3270 οὐχ
519 3166 643 3267 ε’τέρως
666 3166 747 3250 τοῦς
773 3168 885 3249 θείους
911 3165 1126 3271 ἀναλάμψαι
1151 3201 1320 3270 χαρακ·ιι
1349 3194 1408 3249 123
1420 3193 1460 3248 Α.

95 3294 204 3389 τῦρας
222 3293 259 3369 ἐν
277 3293 378 3395 αι’πῇ,
397 3290 556 3394 καθάπερ
575 3291 638 3368 οὖν
656 3287 752 3388 ἦσαν
770 3293 827 3369 καὶ
846 3288 1032 3390 πρότερον.

42 3445 79 3503 25
151 3415 202 3491 Τί
227 3415 289 3492 οῦν
317 3417 387 3516 ἀρα
414 3414 504 3516 πρὸς
532 3423 637 3493 τοῦτο
668 3420 879 3517 μηχανᾶται,
908 3420 985 3495 πῶς
1018 3413 1055 3493 δέ
1088 3414 1230 3492 ἄσυλον
1256 3416 1315 3492 ἐν·

96 3536 177 3633 ἡμῖν
197 3536 370 3639 ἐφύτευσε
396 3537 460 3637 τὴν
479 3537 596 3640 χάριν,
618 3535 640 3636 ἢ
666 3543 743 3619 πῶς
770 3538 935 3640 ἐῤῥιζώθη
962 3534 1074 3616 πάλιν
1092 3539 1129 3614 ἐν
1151 3538 1289 3639 ἀνθρώ·

96 3692 176 3741 ποις
200 3660 242 3738 τὸ
263 3666 421 3756 Πνεῦμα,
439 3663 518 3739 τίνα
542 3661 579 3739 δέ
603 3660 777 3763 τρόπονὴ
804 3661 915 3766 φύσις
941 3661 1178 3766 ἀνεμορφάθη
1203 3657 1295 3762 πρδς

96 3783 137 3860 τὸ
165 3789 327 3887 ἀρχαῖον,
353 3783 552 3864 ἀκόλουθον
575 3791 695 3863 εἰπεῖν.
737 3787 757 3863 5
784 3792 925 3887 πρῶτος
953 3786 1152 3887 ἅνθρωπος,
1175 3781 1294 3887 χοϊκός

94 3942 132 3985 τε
165 3906 336 4009 ὑπάρχων
364 3912 422 3986 καὶ
456 3907 527 4016 ἀπὸ
555 3912 618 4005 τῆς
651 3913 730 4009 γῆς,
761 3912 818 3986 καὶ
846 3910 883 3986 ἐν
912 3910 983 4013 ἰδίᾳ
1015 3907 1174 4006 κειμένην
1202 3905 1294 4008 ἐχων

39 4067 80 4120 30
95 4031 244 4136 ἐξουσίᾳ
271 4040 334 4110 τοῦ
360 4066 397 4111 τε
424 4035 562 4131 ἀγαθοῦ
586 4035 643 4110 καὶ
668 4039 732 4111 τοῦ
765 4032 908 4138 φαύλου
931 4029 997 4130 τὴν
1016 4032 1163 4133 αἵρεσιν,
1180 4034 1293 4134 ῥοπῆς

135 4320 157 4355 1.
176 4302 406 4373 ἀριστοτέχναςΒ.
496 4317 523 4390 5
543 4303 743 4373 καταφρονεῑΒ.
823 4301 905 4425 ὃοδέ
919 4310 1086 4370 assumptum
1099 4301 1178 4354 exB.
1190 4301 1293 4354 favente

98 4373 179 4427 Cord
280 4391 320 4427 10
339 4372 609 4461 ἐπεισδραμοῦσηςΒ.
622 4372 846 4442 ἐπιδραμοῦσης
865 4371 895 4425 rd
921 4371 971 4425 Ed.
1073 4390 1082 4425 1
1132 4371 1273 4441 τῶνάνθρ’
1259 4393 1292 4424 ον·

96 4389 1124 4514 mvovB.19.v1)01u(slc)L01·d20.e'n’5]-{·r115E(53
1119 4394 1293 4497 ἰῐινίῑίεΒρΙ).

98 4530 140 4583 30.
160 4512 320 4585 ἐξουσίᾳ]
293 4537 339 4582 την
351 4514 474 4583 εξουσιαν
487 4515 519 4568 Β
