3038 5018
105 300 218 368 11131.
292 282 351 348 IN
381 283 413 349 S.
438 281 692 348 JOANNEM.
739 281 834 347 LIB.
858 280 905 347 11.
951 278 1123 344 cAP.11.
1241 279 1306 341 243

163 446 272 527 Ἀλλ’
300 448 424 550 ε’ροῦσι
452 444 563 553 τυχόν
590 444 655 548 τάς
682 447 721 527 έκ
747 450 811 545 τῆς
838 444 979 548 ἐρεύνης
1007 443 1155 526 ἀτοπίας
1183 445 1303 520 δυσω·

107 568 288 668 ποόμενοι,
311 571 499 671 σημαίνειν
523 568 566 652 τό
586 567 725 651 *Amen
744 571 809 650 οῦκ
833 569 878 676 ἐξ
899 569 1069 672 οὐρανῶν,
1087 562 1160 646 ἀπὸ
1182 564 1220 645 δέ
1242 569 1307 664 τῆς

109 694 259 794 ἐνούσης
277 695 374 803 αὑτῷ
392 694 484 776 κατὰ
506 693 653 776 πάντων
671 696 858 798 ὑπεροχῆς.
899 692 985 800 φέρε
1010 689 1053 790 δὴ
1079 691 1141 770 οῦν
1158 689 1303 793 ἀκριβέ-

109 847 242 917 στερον
275 815 531 919 βασανίζοντες
562 823 626 895 τοῦ
659 814 856 916 λεγομένου
888 809 955 912 τὴν
987 809 1149 907 δύναμιν,
1177 808 1308 908 ’ίδωμεν

76 935 223 1027 ὄπθλιν
253 942 302 1023 είς
332 929 451 1021 ποῖον
466 940 584 1022 αὑτοῖς
615 937 859 1044 καταστρέψει
890 936 994 1020 τέλος
1025 933 1068 1015 τὸ
1099 935 1305 1039 ἐγχείρημα.

109 1067 256 1166 πρῶτον
273 1060 338 1163 μέν
356 1065 420 1145 οῦν
437 1063 572 1163 ἀμαθές
597 1097 635 1142 τε
660 1066 718 1142 καὶ
742 1060 952 1160 ἀδιανόητον
975 1064 1114 1166 κομιδῇ,
1132 1056 1174 1140 τό
1199 1058 1342 1138 αὑτὸνί)

110 1188 150 1267 ἐκ
181 1194 246 1266 τοῦ
277 1187 404 1268 οἰκείου
435 1186 554 1288 λέγειν
586 1185 789 1293 ἀξιώματος
820 1184 990 1289 ἔρχεσθαι
1026 1183 1090 1264 τὸν
1118 1180 1217 1281 Υίόν,
1250 1185 1309 1263 καὶ

111 1307 237 1414 ὥσπερ
254 1308 327 1392 ἀπό
345 1345 439 1396 τινος
457 1309 581 1408 τόπου,
600 1307 623 1410 ἢ
648 1313 708 1389 καὶ
733 1312 781 1395 ὡς
806 1308 849 1415 ἐξ
872 1307 960 1405 ἑνός,
979 1308 1041 1388 έυα
1063 1304 1126 1387 τόν
1144 1306 1252 1387 αὑτὸν
1269 1308 1309 1386 ἐκ

111 1436 176 1532 τῆς
193 1434 283 1518 ίδίας
301 1435 477 1538 ὑπεροχῆς
496 1439 544 1518 εἰς
562 1430 604 1514 τό
623 1432 736 1515 ἑπάνω
755 1432 886 1514 πόντων
905 1428 991 1512 εἶναι
1016 1431 1180 1535 βαδίζειν.
1217 1427 1309 1533 πρὸς

59 1595 99 1637 ιο
112 1555 156 1636 δέ
167 1591 211 1658 γε
229 1555 345 1666 τοάτερ
363 1556 463 1659 κάγιὺ
480 1558 660 1657 πυθοίμην
678 1554 723 1636 ἀν
742 1557 874 1658 ἥδιστα
891 1556 975 1636 λίαν
992 1558 1119 1652 αὑτῶν,
1134 1555 1199 1654 τὴν
1217 1553 1309 1635 κατά

111 1676 259 1763 πόντων
282 1680 483 1786 ὑπεροχὴν,
518 1678 671 1786 πότερόν
707 1715 795 1761 ποτε
838 1679 1021 1761 δώσουσιν
1057 1679 1214 1778 οόσιώδη
1251 1681 1311 1757 καὶ

110 1805 350 1912 ἀναφαίρετον
384 1811 436 1913 τῷ
470 1811 558 1912 Υίῷ,
589 1801 613 1903 ἢ
650 1804 1016 1908 προσπεπορισμένην
1050 1803 1182 1910 ἔξωθεν
1218 1799 1310 1882 κατά

112 1927 228 2030 λόγον
245 1938 310 2011 τοῦ
326 1927 612 2030 συμβεβηκότος.
643 1935 672 2008 εἰ
690 1928 755 2029 μέν
773 1931 836 2009 οῦν
853 1930 1041 2028 ἐπίκτητον
1058 1928 1151 2032 ἔχειν
1167 1931 1311 2030 ε’ροῦσιν

112 2049 223 2132 αὑτὸν
240 2050 306 2152 τὴν
324 2054 512 2159 ὑπεροχὴν,
531 2055 590 2133 καὶ
607 2055 771 2137 ε’πακτοῖς
787 2053 1086 2152 ε’πισεμνόνεσθαι
1105 2058 1178 2135 τοῖς
1196 2051 1340 2158 ἄξιοί-ο

62 2201 100 2263 ¹5
113 2209 239 2275 μασιν,
258 2173 396 2279 ἀνάγκη
420 2185 712 2280 προσομολογεῖν
733 2175 864 2281 ἔρημόν
886 2210 974 2256 ποτε
999 2174 1106 2281 δόξης
1130 2171 1216 2254 εἶναι
1243 2174 1308 2255 δύ·

115 2307 248 2381 νασθαι
271 2299 336 2380 τόν
356 2305 558 2403 Μονογενῆ,
577 2304 635 2381 καί
659 2300 724 2396 τὴν
742 2303 941 2400 ἐπίκτητον,
960 2303 1008 2384 ὡς
1033 2300 1158 2379 ἐκεῖνοί
1179 2304 1309 2404 φασιν,

111 2422 507 2528 ἀποδόσασθασχάριν,
527 2427 586 2504 καὶ
600 2423 645 2505 τό
664 2426 801 2506 Ἐπάνω
817 2425 950 2508 πάντων
968 2420 1055 2503 εἶναι
1080 2422 1310 2526 ζημιωθέντα,

114 2547 310 2653 φαίνεσθαι
327 2546 465 2650 γυμνόν
484 2548 525 2648 ἧς
550 2548 630 2653 ἀρτι
655 2545 897 2650 θαυμάζουσιν
915 2551 1099 2653 ὑπεροχῆς,
1118 2547 1215 2649 ε’ίπερ
1233 2548 1312 2626 ε’στί

113 2668 157 2750 τὸ
178 2658 412 2770 συμβεβηκός
438 2671 659 2774 ἀπόβλητον,
678 2671 737 2752 ότε
763 2670 813 2771 μὴ
838 2676 902 2771 τῆς
927 2672 1050 2756 οὑσίας
1077 2670 1224 2751 ἅπτεται
1248 2679 1313 2752 τοῦ

62 2832 101 2872 20
115 2794 356 2896 ὑποκειμένου·
392 2795 496 2876 ἔσται
524 2805 714 2898 τοιγαροῦν
738 2795 924 2895 μεταβολή
952 2830 1005 2879 τις
1030 2796 1094 2875 καίΙ
1115 2795 1314 2879 ἀλλοίωσις

114 2919 197 3018 περὶ
232 2915 296 2998 τόν
324 2915 425 3016 Υίόν,
457 2923 516 2999 καὶ
552 2918 786 3024 διαψεὺσεται
820 2916 884 3018 μὲν
913 2920 1053 3003 εἶκαίοις
1089 2917 1197 2997 αὑτὸν
1228 2921 1313 2998 ἀνα-

114 3037 265 3138 μέλπων
291 3040 451 3146 ῥήμασιν
479 3045 499 3122 ό
526 3043 688 3150 μελιρδός
717 3054 738 3090 “
753 3047 802 3122 Οί
836 3044 976 3144 οόρανοὶ
1006 3045 1237 3138 ἀπολοῦνται,
1263 3039 1445 3169 σὺἀξιξὶῧ·

115 3173 139 3210 “
158 3161 196 3242 δὲ
219 3166 403 3266 διαμένεις·
434 3168 492 3246 καὶ
517 3163 647 3250 πάντες
674 3170 722 3250 ὡς
746 3163 885 3264 ίμάτιον
906 3165 1236 3266 παλαιωθήσονται,
1255 3168 1313 3244 καὶ
1378 3130 1400 3185 ⁷·
1446 3155 1452 3170 ⁸

116 3297 140 3334 “
159 3290 247 3369 ὡσεὶ
262 3286 496 3393 περιβόλαιον
513 3290 642 3396 ἑλίξεις
660 3288 787 3376 αὑτοὺς
806 3292 864 3369 καὶ
883 3286 1172 3391 ἀλλαγήσονται·
1202 3287 1253 3368 σῦ
1276 3288 1315 3370 δὲ

62 3440 104 3501 25
118 3413 180 3492 “5
206 3413 313 3498 αὑτὸς
338 3409 378 3510 εί,
398 3417 457 3493 καὶ
482 3412 528 3493 τά
552 3413 613 3512 ἔτη
637 3449 709 3493 σου
734 3416 798 3493 οὑκ
821 3413 1069 3517 έκλείψουσι.”
1107 3421 1178 3493 ποῦ
1201 3412 1316 3517 γάρό

116 3532 234 3632 αὑτός,
253 3542 283 3616 εί
307 3537 515 3635 μεταπίπτει
539 3535 611 3616 σῦν
633 3537 726 3637 ἡμῖν,
744 3541 803 3616 καὶ
827 3546 933 3616 τοῦτο
961 3543 1038 3621 ταῖς
1065 3542 1114 3621 είς
1136 3536 1182 3616 τά
1208 3539 1315 3641 χείρω
1420 3616 1436 3632 ,

116 3666 361 3756 μεταβολαΐς;
392 3659 566 3761 μότηνδέ
591 3664 638 3745 ὡς
664 3660 753 3745 εἰκός
774 3663 831 3740 καὶ
856 3659 961 3744 αὑτός
986 3661 1043 3767 ἐφ’
1063 3663 1176 3767 ἑαυτῷ
1200 3694 1310 3740 κατα-

115 3780 327 3880 σεμνόνεται
363 3783 482 3885 λέγων
519 3782 674 3881 “Ἴδετε,
712 3785 812 3883 ἰ’δετε,
849 3784 903 3864 ὅτι
940 3784 1011 3887 ε’γιό
1049 3791 1118 3886 είμι
1142 3787 1213 3864 ικαὶ
1251 3785 1315 3865 οῦκ
1379 3881 1385 3894 ,

157 4058 182 4098 2.
196 4043 328 4131 σημαίνειν
340 4044 373 4100 Β.
387 4046 410 4100 εί
421 4047 540 4116 σημαίνει
552 4046 603 4101 Ed.
639 4049 684 4102 τόν
696 4064 745 4118 pro
757 4049 787 4102 τό
801 4048 833 4102 Β.
869 4049 916 4103 οῦκ
929 4048 961 4103 Β.
974 4049 1004 4103 τό
1018 4047 1069 4102 Ed.
1106 4047 1134 4100 δὲ
1147 4056 1316 4129 αοςααιρῐυῐα

118 4132 153 4170 ex
165 4113 220 4172 B..
242 4112 299 4186 της]
317 4117 443 4181 -Ι-αὐτῶν
457 4117 489 4172 Β.
561 4136 587 4189 9.
604 4119 656 4189 πρὸ
670 4117 701 4172 Β.
776 4135 818 4173 ιο.
836 4122 912 4173 τοῦτο
926 4118 959 4173 Β.
990 4118 1136 4229 ιγιᾶγιὶιοιυ.
1152 4118 1184 4172 B.
1221 4117 1317 4173 Staum

117 4235 282 4306 πυνθανόμην
295 4236 327 4291 Β.
435 4253 477 4293 20.
494 4259 534 4294 τις
545 4247 713 4308 assumptum
726 4256 759 4292 ex
772 4239 806 4292 B.
912 4255 955 4305 αι.
973 4239 1096 4306 α’λλυξας
1110 4237 1142 4292 Β.
1155 4239 1268 4305 ε’λλίξεις
1281 4238 1316 4293 Ι).

120 4304 259 4378 [ἀλλάξεις
274 4304 346 4378 142.]
492 4309 535 4362 28.
555 4307 629 4362 Haec
641 4309 682 4362 καὶ
694 4308 741 4362 οὐκ
753 4305 896 4377 ἢλλοίωραι
910 4307 1041 4379 [ηλοίομαι
1054 4308 1136 4379 cod]
1150 4318 1318 4363 accesserunt

118 4394 153 4431 ex
168 4375 201 4431 B.
237 4377 280 4432 De
296 4378 428 4432 citationis
446 4378 540 4443 forma,
553 4378 587 4433 cf.
599 4378 669 4432 infra
682 4380 733 4450 218
746 4397 770 4442 a,
782 4379 862 4432 Thes.
876 4393 925 4449 127
938 4397 962 4438 a.
975 4379 1022 4433 ubi
1039 4379 1069 4433 fit
1085 4380 1174 4433 citatio
1190 4389 1317 4449 tanquam

120 4447 240 4502 Domino
252 4449 311 4517 ipso
324 4447 437 4512 dicente,
447 4448 480 4503 ad
495 4448 560 4502 Luc.
570 4449 640 4503 xxiv.
649 4466 683 4520 39
691 4449 759 4503 sorte
771 4458 905 4520 spectante
912 4471 921 4513 ;
936 4449 1035 4504 alsia.
1046 4450 1100 4504 Pel.
1111 4450 1160 4520 Ep.
1170 4449 1248 4505 lib.v.
1255 4462 1317 4520 359.

118 4516 279 4576 Theodoret.
293 4519 404 4576 lmmut.
416 4519 434 4575 ί.
447 4538 474 4590 ρ.
487 4536 516 4574 11
531 4529 558 4574 et
570 4520 707 4590 (citantem
721 4519 749 4575 S.
759 4519 946 4590 Ambrosium)
960 4520 1099 4577 Incensus.
1112 4521 1140 4577 ii.
1155 4536 1213 4588 141,
1226 4530 1318 4575 contra

684 4602 759 4667 1i2
