3038 5018
264 284 330 346 534
568 282 607 347 Β.
631 281 840 347 CYRILLI
869 281 1160 346 ALEXANDR.
1359 277 1406 341 vi.
1420 276 1471 361 56.

264 443 424 549 φθάσας,
443 453 549 526 τοῦτο
574 443 688 526 πάλιν
709 443 862 526 ἐνταῦθά
887 451 992 552 φησι,
1012 440 1251 546 πολυτρόπως
1276 439 1342 522 τὸν
1361 441 1472 520 αὐτὸν

265 567 468 674 ἐξυφαίνων
498 568 621 672 λόγον.
673 571 715 649 οῦ
748 568 820 671 γὰρ
854 568 898 668 δή
930 571 1058 672 χρῆναι
1092 568 1175 646 λίαν
1203 564 1472 667 άποθαυμάζειν

232 692 384 775 οαῦτοῖς
401 690 444 771 τὸ
465 690 583 791 μάννα
604 698 803 798 παρεγγυᾷ,
821 693 1091 795 προσδεγεσθαι
1117 688 1155 771 δὲ
1178 696 1327 788 μᾶλλον
1345 688 1471 786 αῦτόν,

97 817 204 945 2329,
267 816 315 898 ὡς
340 814 449 918 άρτον
471 816 516 921 ἐξ
538 816 690 916 οῦρανοῦ
715 821 774 895 καὶ
799 814 959 919 χορηγὸν
980 819 1044 913 τῆς
1072 812 1213 894 αἰωνίου
1237 811 1341 914 ζωῆς.
1386 823 1410 860 “
1424 816 1473 892 Οἱ

101 958 141 1011 50·
268 948 289 986 “
306 936 372 1036 μὲν
398 937 470 1040 γὰρ
497 938 647 1040 πατέρες
675 940 786 1037 ὑμῶν,
814 940 942 1043 φησὶν,
971 937 1110 1043 ἔφαγον
1136 934 1179 1015 τὸ
1207 932 1328 1032 μάννα
1359 934 1401 1013 ἐν
1427 930 1502 1037 τήε

268 1070 290 1108 “
307 1058 426 1168 ἐρήμῳ
453 1064 511 1141 καὶ
539 1061 730 1142 ἀπίθανον·
775 1061 879 1145 οὗτος
906 1057 949 1140 δέ
975 1060 1124 1140 ἐστινὸ
1152 1058 1260 1160 ἄρτος
1287 1059 1309 1136 ὁ
1337 1059 1382 1137 ἐκ
1409 1063 1474 1136 τοῦ

269 1193 291 1230 “
309 1183 461 1286 οὐρανοῦ
498 1186 735 1283 καταβαίνων,
773 1185 831 1264 ἵνα
866 1218 920 1268 τις
957 1184 1002 1290 ἐξ
1036 1184 1144 1263 αῦτοῦ
1182 1179 1287 1288 φάγῃ
1321 1182 1386 1260 καὶ
1423 1176 1474 1279 μή

269 1318 291 1355 “
309 1304 507 1412 ἀποθάνῃ·”
547 1309 569 1407 ἡ
599 1306 666 1407 μὲν
698 1306 771 1411 γάρ
803 1315 869 1387 τοῦ
900 1306 1017 1405 μάννα
1048 1302 1167 1413 τροφή
1198 1303 1291 1407 πρὸς
1323 1303 1470 1405 ὀλίγον,

269 1434 374 1534 φησὶ,
400 1433 527 1536 κομιδῇ
555 1430 619 1510 τὸν
643 1429 765 1533 καιρόν
792 1430 858 1530 τὴν
883 1439 947 1510 τοῦ
975 1430 1145 1529 σώματος
1171 1429 1294 1534 χρείαν
1320 1427 1469 1526 διαπαί·

269 1552 381 1659 ξασα,
398 1556 457 1632 καὶ
475 1554 574 1634 τὸέκ
592 1559 656 1653 τῆς
672 1556 804 1638 ἐνδείας
829 1552 1085 1653 δυσωπήσασα
1110 1549 1265 1649 βλάβος,
1283 1550 1471 1650 ἠσθένησε
1486 1584 1513 1624 ιι

269 1673 382 1756 πάλιν
400 1677 464 1755 οὐκ
482 1678 659 1756 εἰσιθεῖσα
683 1684 758 1762 τοῖς
784 1675 991 1780 βεβρωκόσι
1014 1674 1080 1774 τὴν
1097 1673 1239 1755 αἰώνιον
1256 1670 1364 1774 ζωήν.
1407 1672 1471 1751 οῦκ

240 1795 315 1898 0ἦν
332 1799 394 1877 οὖν
412 1798 482 1900 άρα
499 1797 625 1903 βρῦσις
641 1798 766 1894 ιἰληθλς
785 1803 842 1879 καὶ
861 1799 969 1904 άρτος
987 1799 1032 1906 ἐξ
1047 1799 1199 1903 οὐρανοῦ
1219 1795 1399 1876 τουτέστι·
1428 1791 1470 1873 τῦ

270 1919 309 2000 δὲ
347 1918 449 2023 ἅγιον
480 1928 589 2022 σῶμα
623 1929 687 2002 τοῦ
718 1928 893 2024 Χριστοῦ,
924 1922 1015 2026 πρὸς
1045 1921 1246 2002 ἀθανασίαν
1277 1921 1338 1997 καὶ
1378 1914 1471 2020 ζωήν

268 2043 410 2124 αἰώνιον
436 2044 653 2151 άπυτρίφον,
681 2045 807 2152 βρῦσις
836 2046 948 2129 ὅντως
976 2043 1110 2140 ιἰλιβής.
1159 2043 1243 2122 ἀλλ’
1276 2040 1381 2121 ἔπιον
1411 2041 1470 2118 καὶ

270 2169 365 2268 ὕδωρ
389 2170 428 2247 ἐκ
452 2169 585 2270 πέτρας
609 2170 743 2248 ε’κεῖνοι.
784 2171 842 2248 καὶ
867 2170 905 2249 τί
927 2167 970 2248 τὸ
995 2172 1166 2264 ἐντεῦθεν,
1188 2167 1295 2270 φησὶ,
1313 2163 1407 2244 ποία
1430 2160 1470 2240 δὲ
1484 2197 1513 2256 ¹5

270 2297 344 2374 τοῖς
368 2290 616 2390 πεπωκόσινὴ
641 2290 790 2391 ὅνησις;
820 2291 1093 2391 τετελευτήκασι
1114 2288 1197 2392 γάρ.
1239 2284 1285 2387 ἦν
1306 2287 1374 2366 οὖν
1397 2285 1470 2387 άρα

269 2417 407 2493 κάκεῖνο
435 2412 545 2498 πόσις
574 2415 638 2494 οῦκ
667 2414 814 2515 ἀληθής,
842 2413 966 2509 ἀληθής
994 2413 1032 2493 δὲ
1060 2414 1135 2495 κατ’
1163 2410 1337 2511 ἀλήθειαν
1368 2410 1467 2511 εῦρί·

263 2569 389 2615 σκεται
422 2537 523 2623 πίοις
555 2535 599 2616 τὸ
630 2539 746 2636 τίμιον
779 2536 876 2641 αἷμα
910 2543 1085 2638 Χριστοῦ,
1121 2535 1211 2636 ὅλην
1243 2537 1282 2614 ἐκ
1314 2531 1471 2635 βάθρων

265 2660 476 2762 ἀποῤῥιζοῦν
497 2659 563 2759 τὴν
585 2659 737 2766 φθοράν,
756 2663 815 2740 καὶ
840 2663 1089 2765 άναμοχλεῦον
1107 2658 1171 2739 τὸν
1188 2661 1227 2738 ἐν
1244 2691 1290 2762 τῃ
1317 2660 1467 2760 ἀνθρω-

231 2783 348 2890 (ὶπείᾳ
366 2786 475 2887 σαρκὶ
493 2784 757 2883 κατοικήσαντα
775 2781 940 2864 θάνατον.
978 2782 1066 2881 αἷμα
1084 2781 1155 2887 γάρ
1174 2785 1275 2862 ἐστιν
1292 2782 1364 2886 οὐχ
1389 2779 1470 2865 ἑνὸς
1484 2815 1513 2856 κ

264 2911 337 2984 τῶν
364 2905 546 3011 τυχόντων
573 2907 710 3002 ἁπλῶς,
738 2908 824 2985 ἀλλ’
853 2908 961 3006 αὐτῆς
993 2911 1057 3006 τῆς
1088 2905 1180 2988 κατὰ
1211 2903 1327 3010 φῦσιν
1360 2903 1467 3008 ζωῆς.

265 3025 325 3107 διὰ
342 3037 448 3109 τοῦτο
467 3031 525 3108 καὶ
543 3036 653 3127 σῶμα
671 3032 729 3109 καὶ
745 3027 840 3130 μίλη
859 3035 1023 3132 Χριστοῦ
1041 3027 1311 3134 χρηματίῷμευ,
1330 3031 1384 3113 ὦς
1408 3027 1473 3108 διὰ

265 3154 328 3250 τῆς
345 3152 510 3253 εὐλογίας
529 3152 637 3232 αὐτὸν
654 3154 692 3233 ἐν
711 3153 846 3237 ἑαυτοῖς
863 3152 1046 3258 δεχόμενοι
1063 3151 1128 3233 τὸν
1146 3149 1245 3232 Υίόν.

100 3019 180 3096 [Gor.

98 3099 142 3134 m.
154 3094 194 3145 οι.

214 3419 253 3492 56
288 3416 330 3481 Ὀ
356 3414 493 3506 τρὼςων
519 3439 580 3493 μου
607 3415 665 3483 τόν
693 3419 797 3506 σάρκα
825 3415 878 3481 καὶ
906 3415 1008 3481 πίνων
1035 3436 1096 3490 μου
1123 3414 1161 3481 τὸ
1189 3408 1268 3490 αἷμα
1296 3415 1331 3479 ὲν
1360 3414 1439 3492 ἐμοὶ

666 3545 766 3621 μένει,
794 3539 885 3615 κάγὼ
910 3540 947 3605 ὲν
974 3541 1073 3624 αὐτῷ.
1485 3565 1513 3620 ²!

322 3710 567 3818 Πολυτρόπως
594 3714 686 3812 ἡμᾶς
714 3711 772 3793 διὰ
798 3710 935 3792 τούτων
961 3717 1204 3813 μυσταγωγεῖ,
1232 3714 1290 3790 καὶ
1317 3711 1470 3815 ε’πείπερ

234 3838 341 3915 θέστὶ
370 3835 583 3940 δυσίφικτός
611 3871 687 3920 πως
715 3843 788 3920 τοῖς
816 3835 1072 3937 ἀμαθεστέρας
1100 3835 1120 3913 ὁ
1149 3832 1269 3935 λόγος,
1296 3831 1367 3932 τήν
1391 3834 1469 3915 ἀπὸ

263 3967 328 4039 τοῦ
360 3959 541 4040 πιστεύειν
567 3959 717 4038 σύνεσιν
743 3958 800 4064 ἐφ’
830 3961 943 4064 ἑαυτῷ
975 3965 1121 4056 μᾶλλον
1152 3959 1314 4037 ἀπαιτῶν
1345 3955 1369 4058 ἢ
1404 3958 1469 4061 ζή-

264 4115 382 4182 τησιν,
415 4083 489 4162 άνω
521 4117 559 4163 τε
591 4085 648 4162 καὶ
682 4081 778 4161 κάτω
815 4087 888 4160 τῶν
916 4082 1034 4162 αῦτῶν
1066 4081 1216 4162 ἑλίττων
1247 4080 1470 4187 ἕξευμαρίζει

302 4303 325 4341 1.
344 4282 469 4408 ε’ντσῦθαΙή
481 4284 508 4338 ἐν
519 4283 617 4341 τούτοις
632 4283 664 4338 Β.
822 4287 847 4338 ό.
866 4284 939 4339 ε’στιν
951 4302 1004 4338 om.
1021 4284 1052 4337 Β.
1213 4285 1239 4339 8.
1257 4283 1346 4354 τροφή
1359 4301 1418 4339 om.
1434 4284 1469 4339 B.

264 4374 290 4426 9.
309 4356 432 4425 διαπὴξαι
471 4395 478 4409 .
589 4371 630 4410 11.
650 4355 695 4409 οὐκ
707 4356 752 4409 alt.
765 4373 819 4410 om.
834 4354 866 4410 B.
975 4372 1016 4425 13.
1036 4355 1130 4408 biom.
1145 4355 1177 4409 B.
1230 4359 1383 4409 rofiassum
1403 4362 1468 4410 tum

264 4442 296 4478 ex
311 4425 342 4479 B.
435 4444 475 4493 14.
493 4424 585 4496 ὅντως]
602 4432 631 4490 ÷
646 4427 721 4480 ἴσται
735 4426 784 4480 Ed.
797 4427 880 4481 invito
894 4425 925 4479 B.
974 4426 1017 4479 καὶ
1028 4443 1083 4480 om.
1097 4425 1130 4479 Β.
1215 4427 1258 4480 26.
1277 4374 1403 4498 ε’πείπερῖ
1417 4424 1469 4481 ε’ίτι

265 4516 313 4563 περ
328 4494 361 4551 Β.
457 4500 498 4552 28.
519 4498 668 4553 συναίνεσιν
681 4496 716 4552 D.
