3038 5018
227 296 290 359 156
528 294 568 358 B.
591 289 799 358 CYRILLI
828 290 1118 358 ALEXANDR.
1335 291 1357 356 i.
1373 291 1424 357 18.

225 458 392 555 σαβοῶθ·
422 460 464 540 ού
491 457 564 561 γάρ
591 456 678 539 αὐτὸ
706 458 781 539 κατ’
805 459 933 539 ούσίαν
956 460 1056 539 τοῦθ’
1077 458 1165 562 ὅπερ
1192 461 1291 538 ε’στῖν
1313 460 1335 558 ῆ
1361 467 1425 539 τοῦ

227 589 323 664 Θεοῦ
343 582 454 690 φύσις
471 589 662 662 τεθεᾶσθαι
686 580 972 687 διισχυρίζονται,
992 581 1092 661 ἀλλὰ
1117 586 1174 662 καὶ
1199 584 1298 662 αὐτοὶ
1323 586 1422 685 διαρ-

59 716 138 833 ξξξ·
225 706 338 811 ῥῆδην
352 710 539 800 ἀναβοῶσι
557 707 724 808 λέγοντες
738 717 759 753 “
768 708 869 805 Αὕτη
888 706 910 804 ῆ
930 705 1056 808 ὅρασις
1074 705 1296 805 όμοιιόματος
1315 706 1423 812 δόξης

197 841 249 912 e“
269 829 434 934 Κυρίου.”
473 831 600 910 ούκοῦν
618 828 690 909 ἀπὸ
709 835 781 908 τῶν
799 827 880 909 καθ’
902 830 994 928 ἡμᾶς
1010 827 1234 932 πραγμάτων
1252 835 1421 931 αἰνιγμα-

225 956 347 1037 τωδῶς
372 951 499 1053 τὸτῆς
523 953 618 1037 θείας
642 950 751 1060 δόξης
776 951 1016 1032 ἀνεπλάττετο
1040 958 1178 1057 σχῆμα,
1197 955 1256 1032 καί
1278 960 1456 1051 μᾶλλον5

225 1075 396 1176 ὁμοίωσις
423 1075 478 1177 ἦν,
505 1080 554 1160 ὡς
582 1079 620 1156 ε’ν
646 1075 766 1156 πίνακι
794 1075 959 1183 φέρουσα
985 1076 1032 1156 τὰ
1060 1080 1249 1180 θεοπρεπῆ,
1274 1081 1338 1173 τῆς
1365 1079 1424 1156 ἐπὶ

225 1199 363 1284 τούτοις
384 1201 552 1298 ἀληθείας
578 1206 625 1283 είς
651 1197 718 1298 τὴν
736 1199 824 1300 ὑπὲρ
850 1207 934 1279 νοῦν
953 1203 1011 1279 καί
1028 1198 1141 1301 λόγον
1159 1198 1423 1299 ἀναβαινούσης

59 1335 158 1460 effi
227 1321 415 1428 ὑπεροχήν.
436 1305 441 1325 ¹
456 1324 588 1427 ἄριστα
606 1322 650 1423 δὴ
670 1324 732 1403 οῦν
750 1325 770 1403 ὁ
789 1324 1003 1429 σοφώτατος
1023 1321 1298 1426 Εύαγγελιστής
1315 1334 1337 1369 “
1350 1327 1424 1402 Καὶ

227 1457 248 1495 “
266 1447 492 1546 ἐθεασάμεθα
510 1447 627 1550 λε’γων
645 1446 711 1545 τὴν
727 1445 839 1553 δόξαν
857 1448 976 1545 αὐτοῦ,
995 1445 1106 1553 δόξαν
1126 1449 1173 1530 ὡς
1194 1451 1424 1547 Μονογενοῦς

227 1581 249 1618 “
265 1569 365 1672 παρὰ
398 1569 552 1672 Πατρός,
583 1569 725 1673 πλήρης
758 1569 903 1675 χάριτος
936 1575 993 1651 καὶ
1027 1568 1225 1669 ἀληθείας,”
1256 1568 1328 1649 ἀπὸ
1360 1574 1425 1669 τῆς
1440 1605 1481 1646 ιο

227 1692 318 1773 κατά
344 1691 490 1773 πάντων
505 1696 691 1798 ὑπεροχῆς
718 1693 876 1800 εἰσφέρει
904 1703 967 1774 τοῦ
996 1693 1109 1796 λόγου
1134 1691 1201 1792 τῆν
1225 1691 1420 1800 ἀπόδειξιν.

60 1842 118 1918 8η).
227 1816 336 1919 όνπερ
360 1817 431 1921 γὰρ
458 1816 592 1920 τρόπον
612 1829 633 1865 “
647 1815 719 1897 ἀπὸ
742 1822 923 1917 καλλονῆς
947 1815 1153 1915 κτισμάτων
1172 1815 1423 1919 ἀναλόγως”ἡ

59 1917 173 2032 ῆῆὲςῖλ,
198 1949 289 2032 ,τοῦ
327 1939 472 2021 πάντων
503 1948 757 2042 γενεσιουργοῦ
794 1947 974 2042 θεωρεῖται
1011 1941 1167 2037 δύναμις·
1216 1942 1275 2019 καὶ
1308 1950 1329 1987 “
1348 1942 1424 2038 διη-

59 2051 182 2166 ξῗώῑ·
227 2076 249 2115 “
267 2073 412 2166 γοῦντοιι
438 2064 504 2164 μὲν
531 2063 685 2169 ἀφώνως
712 2067 745 2145 οῖ
773 2063 914 2166 ούρανοῖ
942 2062 1054 2170 δόξαν
1080 2069 1185 2162 Θεοῦ,
1209 2064 1358 2164 ποίησιν
1385 2062 1424 2144 δὲ

226 2199 247 2237 “
265 2194 393 2292 χειρῶν
430 2189 539 2267 αὐτοῦ
577 2186 795 2290 ἀναγγέλλει
829 2185 872 2267 τὸ
913 2187 1132 2290 στερεωμα’”
1181 2188 1274 2266 οὕτω
1309 2186 1423 2266 πάλιν
1440 2219 1480 2279 ¹5

224 2314 377 2409 ἀμείνων
392 2313 429 2390 ἐν
452 2311 542 2418 δόξη
567 2313 625 2391 καὶ
650 2309 898 2413 λαμπρότερος
925 2312 944 2390 ὁ
972 2308 1183 2410 Μονογενῆς
1208 2308 1419 2415 ἀναδειχθῆ·

385 2433 396 2461 5
473 2433 483 2464 k
538 2434 556 2465 ετ
767 2441 775 2464 ι
826 2437 835 2462 ι
996 2442 1012 2458 a·
1068 2434 1077 2460 ι
1293 2432 1303 2455 ν

224 2470 339 2533 σεται,
357 2470 423 2535 την
441 2469 516 2532 μεν,
537 2469 628 2514 οσον
646 2434 730 2534 ῆκεν
748 2470 797 2520 εις
818 2440 1013 2541 οφθαλμου
1035 2439 1193 2533 δύναμιν,
1213 2440 1421 2540 καταληφιν

225 2558 439 2655 ἀναβαίνων,
458 2562 506 2641 ὡς
531 2558 635 2656 θεὸς,
654 2556 717 2665 ἀφ’
738 2555 788 2637 ὧν
813 2558 850 2636 δὲ
875 2555 942 2656 τῆν
960 2558 1078 2637 κτίσιν
1097 2563 1187 2663 νικᾷ,
1204 2555 1262 2635 διά
1287 2557 1424 2636 τούτων

226 2685 274 2765 ὡς
307 2680 478 2785 ύπάρχων
510 2679 597 2783 ύπέρ
629 2681 749 2780 αύτῆν,
778 2679 965 2781 νοούμενός
1001 2714 1039 2759 τε
1076 2685 1135 2760 καὶ
1173 2678 1420 2786 δοξαζόμενος.

225 2804 358 2905 ταύτην
382 2803 447 2902 μὲν
471 2805 533 2884 οὖν
557 2801 663 2901 οἶμαι,
689 2809 748 2884 καί
775 2807 842 2910 ούχ
869 2802 990 2907 ἕπε’ραν
1019 2802 1083 2903 τῆν
1111 2805 1261 2905 θεωρίαν
1287 2806 1423 2883 ὠδίνειν
1438 2838 1478 2879 το

224 2937 289 3008 τοῦ
306 2928 537 3032 προκειμένου
554 2926 620 3028 τῆν
637 2928 797 3026 δύναμιν·
836 2927 1064 3029 ἐπιτηρητέον
1082 2926 1120 3007 δὲ
1144 2924 1267 3023 πόλιν,
1288 2927 1341 3006 ὅτι
1364 2929 1424 3008 καὶ

191 3052 388 3156 ῦΜινιγενῆ
407 3054 488 3134 Θελι
506 3055 685 3132 ἀποκαλεῖ
703 3050 765 3131 τὸν
782 3051 882 3149 Υῖὸν,
901 3055 959 3131 καὶ
984 3054 1021 3130 ἐν
1042 3054 1189 3134 κόλποις
1215 3048 1306 3130 εἶναί
1328 3058 1424 3155 φησι

225 3179 281 3255 τοῦ
305 3178 448 3283 Πατρός,
473 3178 532 3256 ἵνα
559 3177 728 3280 φαίνηται
756 3174 870 3256 πάλιν
893 3178 958 3274 τῆς
984 3173 1075 3277 πρὸς
1103 3174 1168 3274 τῆν
1194 3176 1312 3254 κτίσιν
1337 3177 1423 3272 ὁμο-ι

225 3299 331 3403 φυῖας
359 3300 429 3407 ἔξω
458 3300 622 3396 κείμενος,
646 3303 705 3379 καὶ
731 3297 934 3402 ἰδιάζουσαν
958 3297 1049 3403 ἔχων
1072 3300 1110 3377 ἐκ
1134 3298 1278 3401 Πατρός
1302 3302 1360 3379 καῖ
1384 3301 1423 3378 ἐν

124 3422 131 3431 ’
227 3425 343 3523 Πατρί
362 3421 428 3520 τῆν
447 3421 611 3527 ὕπαρξιν.
652 3429 681 3501 εί
707 3421 779 3525 γάρ
804 3420 915 3507 ὅντως
934 3426 1016 3508 Θείς
1037 3424 1116 3502 ε’στι
1136 3421 1326 3526 Μινογειῆς,
1343 3428 1422 3505 πῶς
1437 3453 1478 3514 25

224 3545 288 3625 ούκ
319 3545 397 3625 ἔστι
425 3543 516 3623 κατά
544 3545 658 3650 φύσιν
686 3547 812 3649 ἕτερος,
842 3550 890 3629 ὡς
916 3544 1007 3650 πρὸς
1035 3549 1194 3643 ἐκείνους,
1223 3547 1322 3650 οίπερ
1351 3549 1421 3626 εἰσὶ

223 3668 316 3748 κατὰ
343 3669 444 3749 θέσιν
467 3671 541 3749 θεοὶ
567 3673 624 3748 καὶ
654 3669 724 3749 υἱοί
735 3703 745 3766 ;
784 3668 997 3770 νοηθῆσεται
1023 3667 1095 3771 γὰρ
1120 3671 1184 3750 οῦκ
1208 3673 1246 3750 ἐν
1268 3677 1422 3755 πολλοῖς

224 3795 393 3901 ἀδελφοῖς
413 3795 433 3873 ό
455 3789 677 3894 Μονογενῆς,
695 3795 780 3873 ἀλλ’
801 3798 849 3878 ὡς
867 3792 975 3891 μόνος
993 3791 1043 3872 ὧν
1060 3797 1099 3872 ἐκ
1118 3793 1273 3898 Πατρός.
1303 3794 1422 3896 ἐπειδὴ

223 3915 261 3995 δὲ
298 3917 389 3997 κατά
424 3916 491 4016 τῆν
523 3923 587 3996 τοῦ
621 3915 773 3997 Παύλου
810 3912 935 4021 φωιαῆν
966 3923 1118 3996 πολλῶν
1151 3917 1276 4017 ὄντων,
1306 3917 1329 4017 ῆ
1362 3923 1423 3998 καὶ

260 4119 285 4159 2.
302 4105 374 4159 αὐτοὶ
388 4103 420 4158 Β.
433 4104 495 4159 αύτδ
509 4102 560 4159 Ed.
625 4102 651 4158 6.
669 4103 700 4158 τδ
712 4103 840 4174 θεοπρεπῆ
854 4101 887 4158 Β.
900 4103 1038 4174 θεοπρεπεῖ
1051 4102 1101 4158 Ed.
1176 4122 1202 4176 9.
1222 4103 1307 4176 λε’γιον
1318 4121 1372 4159 om.
1387 4104 1421 4162 Β.

226 4190 268 4229 Ιο.
287 4173 361 4228 Haec
372 4173 472 4243 πλῆρης
484 4197 511 4244 χ.
525 4195 548 4229 κ.
561 4174 604 4228 ἀλ.
618 4191 669 4228 m.
683 4192 715 4228 ex
730 4173 762 4228 Β.
846 4189 886 4227 12.
905 4176 1002 4245 τρόπον
1014 4191 1067 4228 om.
1083 4174 1114 4228 B.
1199 4191 1242 4229 20.
1259 4175 1307 4243 μίν
1318 4192 1372 4228 om.
1387 4175 1420 4230 B.

225 4259 269 4298 21.
281 4243 386 4314 δύναμιν
399 4244 431 4298 B.
444 4246 541 4299 ἔννοιαν
554 4243 604 4298 Ed.
665 4260 707 4298 22.
720 4245 844 4316 μονογενῆ
857 4246 924 4298 θεὸν
935 4243 1061 4299 ἀποκαλεῖ
1071 4246 1117 4298 τὸν
1125 4246 1180 4300 υίδν
1192 4244 1219 4299 b.
1232 4244 1284 4298 Ed.
1296 4248 1421 4315 μονογενῆ

225 4315 292 4368 θεὸν
302 4314 426 4369 ἀποκαλεῖ
437 4315 482 4369 τδν
492 4316 616 4386 μονογενῆ
632 4315 686 4369 υίδν
699 4315 731 4369 Β.
746 4314 769 4369 Ε
782 4315 890 4378 catenis,
902 4317 1027 4386 μονογενῆ
1043 4314 1167 4369 ἀποκαλεῖ
1183 4317 1228 4370 τὸν
1240 4316 1295 4370 υίδν
1306 4333 1330 4368 a.
1342 4337 1420 4383 μονο·

224 4386 284 4452 γενῆ
297 4388 364 4438 θεοῦ
375 4384 500 4439 ἀποκαλεῖ
511 4386 557 4439 τὸν
567 4387 622 4440 νίδν
635 4383 716 4440 cord.
758 4388 1000 4510 τοῦΠαἏνόςΕφησι
1013 4386 1065 4440 inv.
1079 4384 1137 4440 ord.
1152 4386 1184 4441 B.
1252 4402 1294 4453 24.
1307 4386 1357 4454 ἔξω
1370 4387 1422 4440 κεί-

223 4473 300 4520 μενος
312 4453 369 4508 B.a.
385 4453 554 4524 [ἐξοκείμενος
567 4454 614 4526 Β.]
628 4455 798 4530 ἐξητασμένος
811 4454 865 4511 Cor
1041 4455 1084 4510 26.
1103 4457 1137 4513 ὥς
1148 4474 1202 4511 om.
1216 4474 1239 4510 a.
1324 4456 1366 4510 28.
1386 4458 1423 4514 ὥς

224 4522 345 4592 ρτοόΕ.
357 4524 440 4578 invito
453 4524 534 4579 Cord.
606 4542 649 4596 τη.
667 4530 937 4597 τοῦαειυιοριιυαςι
952 4525 1106 4582 B.a.Cord.
1142 4525 1224 4595 ῆοω.
1238 4526 1272 4582 B.
1285 4526 1403 4584 habeta.
