3038 5018
106 300 147 363 vi.
161 319 212 386 35.
267 303 324 366 IN
355 301 389 366 S.
414 301 671 366 JOANNEM.
718 298 904 363 LIB.III.
950 298 1129 362 CARVI.
1241 300 1304 362 475

105 463 205 562 ἡμῶν
232 466 356 566 Ἰησοῦ
386 471 563 570 Χριστοῦ,
592 461 722 547 λοιπὸν
750 465 951 565 ἀναγκαίως
981 467 1040 544 ε’πὶ
1071 462 1138 560 τὴν
1166 461 1306 562 συνήθη

105 591 282 694 κεχώρηκε
306 591 467 689 μέθοδον,
487 592 545 669 καὶ
570 586 789 693 γυμνότερον
806 588 872 687 μέν
893 590 939 669 οὔ
959 593 1087 694 φησιν,
1105 586 1160 667 ὅτι
1185 587 1301 689 κρείτ·

105 745 178 790 των
196 713 249 814 εἵη
270 712 470 806 Μωυσέως,
486 712 546 793 διὰ
563 709 605 792 τὸ
624 718 696 793 τῶν
715 712 948 816 ἀκροωμένων
964 709 1138 816 ἀχάλινον
1157 707 1340 814 θράσος,1>

105 838 164 916 καὶ
190 834 232 916 τὸ
260 834 356 918 πολὺ
384 838 467 917 λίαν
491 842 540 921 είς
568 834 680 941 ὀργήν
704 836 1041 938 ε’κκεκρεμασμείιον·
1079 836 1134 915 ἐπ’
1155 831 1242 913 αὐτὸ
1268 832 1305 913 δὲ

72 977 90 1036 5
105 955 218 1039 πάλιν
236 958 277 1039 τὸ
296 959 561 1063 θαυμαῷμενον
579 960 719 1068 ἔρχεται
734 967 896 1066 πρᾶγμα,
911 961 969 1041 καὶ
988 957 1060 1039 ἀπὸ
1079 959 1305 1061 συγκρίσεως

104 1085 169 1181 τῆς
196 1081 285 1187 πρὸς
312 1084 355 1164 τδ
383 1082 510 1187 μεῖζον,
528 1083 669 1191 ἐλέγχει
695 1084 834 1190 μικρόν·
866 1085 911 1166 ‘0
931 1082 1003 1187 γὰρ
1028 1084 1196 1192 ἐρχόμενος
1221 1079 1305 1191 πρός

104 1205 156 1312 μέ
170 1212 286 1313 φησιν
305 1213 340 1289 οὐ
357 1207 406 1315 μή
425 1207 566 1323 πιινάοη
585 1215 645 1291 ιιοιῖ
667 1217 682 1291 ι’
705 1208 866 1291 πιστιιῖων
886 1216 932 1294 εῖτ
957 1207 1017 1314 ἐμὲ
1043 1210 1076 1288 οὐ
1098 1205 1146 1314 μή
1172 1199 1304 1318 διφήση

105 1331 258 1412 πάππε·
294 1335 351 1412 ναὶ
383 1330 466 1435 γὰρ,
494 1335 601 1439 φησὶ,
628 1335 687 1413 καὶ
720 1330 827 1417 αὐτὸς
860 1334 942 1432 ῦμῖν
971 1329 1042 1434 ἐγὼ
1074 1328 1305 1430 συνθήσομαι

106 1450 275 1534 δεδόσθαι
302 1453 344 1535 τὸ
372 1454 490 1555 μάννα
518 1456 576 1536 διὰ
606 1456 806 1548 Μωυσέως,
833 1458 918 1536 ἀλλ’
941 1460 975 1536 οῖ
1002 1454 1179 1561 φαγόντες
1207 1456 1300 1536 ε’πεί-

55 1610 92 1650 10
107 1607 236 1659 νασαν
273 1583 340 1683 ε’ρῶ
370 1579 407 1659 δέ
434 1579 489 1659 ὅτι
516 1584 575 1661 καὶ
602 1583 641 1660 έκ
667 1587 807 1683 πετρῶν
833 1582 915 1681 ῦμῖν
937 1583 1060 1664 ὠδῖνος
1087 1577 1234 1685 ἐξεδόθη
1261 1577 1335 1657 τὸν

107 1705 211 1808 ὕδωρ,
231 1704 316 1783 ἀλλ’
337 1708 370 1784 οῖ
388 1702 528 1788 πιόντες
545 1706 738 1810 έδίφησαν,
757 1709 815 1785 καὶ
831 1703 1055 1809 πρόσκαιράν
1073 1739 1152 1783 τινα
1177 1705 1305 1808 κομιδῇ

106 1826 172 1927 τήν
196 1825 403 1908 ἀπόλαυσιν
427 1829 449 1928 ἡ
477 1835 550 1908 τῶν
574 1827 765 1932 εἰρημένων
787 1830 970 1929 ε’νεποίησε
999 1828 1111 1912 δόσις·
1152 1827 1172 1905 ὁ
1198 1827 1242 1907 δέ
1264 1860 1307 1924 γε

105 1950 196 2054 πρὸς
220 1950 281 2050 ε’μὲ
305 1949 461 2054 βαδίζων
481 1957 514 2031 οὐ
538 1951 586 2058 μή
611 1952 751 2067 πεινοίση
777 1952 933 2050 πώποτε,
955 1960 1015 2033 κοιλ
1040 1961 1055 2033 ί
1080 1950 1240 2032 πιοτεάων
1260 1958 1306 2037 εῖτ

106 2073 167 2180 ε’μέ
186 2072 284 2188 οῦμή
303 2070 433 2193 διφήση
450 2076 602 2157 παίσατε.

55 2232 91 2290 15
162 2201 213 2279 Τί
244 2197 287 2299 δή
321 2201 383 2279 οὖν
415 2199 488 2303 ἄρα
518 2196 681 2302 Χριστὸς
713 2197 1004 2302 ε’παγγέλλεταις
1045 2196 1210 2307 φθαρτὸν
1240 2196 1307 2297 μὲν

107 2322 219 2421 οὐδέν,
254 2322 423 2425 εὐλογίαν
455 2321 494 2402 δὲ
524 2329 671 2422 μᾶλλον
703 2320 770 2422 τήν
799 2325 837 2403 ἐν
869 2321 1076 2429 μεταλήψει
1107 2328 1170 2423 τῆς
1204 2322 1307 2425 ἁγίοις

107 2447 244 2548 σαρκός
268 2482 307 2526 τε
333 2449 392 2527 καὶ
419 2447 578 2548 αἵματος,
599 2444 811 2550 ὁλοκλήρως
832 2452 880 2531 είς
904 2447 1116 2555 ἀφθαρσίαν
1132 2449 1305 2543 ἀνακομι-

106 2571 240 2674 ζούσης
266 2570 330 2650 τὸν
356 2570 558 2672 ἄνθρωπον,
582 2573 630 2653 ὡς
658 2570 799 2656 οὐδενὸς
827 2572 1025 2651 ἐπιδεῖσθαι
1052 2578 1124 2652 τῶν
1147 2570 1220 2650 ὅσα
1243 2567 1325 2656 τὸν,

106 2699 169 2793 τῆς
197 2693 334 2797 σαρκὸς
362 2693 555 2774 ἀπελαύνει
583 2693 749 2790 θάνατον,
777 2699 913 2802 τροφῆς
948 2695 986 2776 δὲ
1018 2693 1186 2796 δηλονότι
1214 2695 1343 2802 φημὶδ

56 2859 95 2900 20
107 2821 165 2897 καὶ
191 2827 317 2899 ποτοῦ.
360 2819 449 2897 ε”οικε
477 2816 516 2897 δὲ
543 2820 657 2899 πάλιν
683 2820 777 2921 ὕδωρ
806 2816 988 2932 ὀνομάζειν
1011 2822 1048 2900 εὐ
1071 2819 1219 2917 τούτοις,
1243 2815 1308 2898 τὸν

107 2941 166 3021 διὰ
199 2940 408 3040 Πνεῦματος
441 2941 635 3043 ἁγιασμδν,
668 2939 691 3042 ἢ
724 2940 811 3022 αῦτδ
847 2942 887 3022 τὸ
921 2941 1015 3023 θεῖόν
1042 2977 1082 3023 τε
1114 2945 1172 3022 καὶ
1204 2939 1309 3044 ἅγιον

109 3073 272 3166 Πνεῦμα,
308 3068 402 3146 οὕτω
439 3064 623 3150 πολλάκις
658 3064 759 3170 παρὰ
795 3074 873 3150 ταῖς
908 3069 1016 3151 θείως
1053 3065 1309 3165 ὠνομασμένον

107 3198 275 3297 γραφαῖς.
314 3188 477 3292 ζωοποιεῖ
498 3198 689 3295 τοιγαροῦν
711 3189 754 3270 τὸ
780 3187 884 3292 άγιον
906 3197 1015 3290 σῶμα
1032 3195 1199 3294 Χριστοῦ
1226 3186 1308 3274 τοῦς

105 3316 144 3395 έν
162 3313 213 3398 οῖς
239 3313 284 3393 ἂν
305 3311 454 3415 γένοιτο,
472 3318 529 3394 καὶ
555 3315 697 3418 συνέχει
723 3313 814 3417 πρὸς
838 3316 1060 3423 ἀφθαρσίαν,
1080 3321 1155 3399 ταῖς
1178 3311 1303 3414 ἡμετέ-

57 3471 95 3534 ο5
106 3472 182 3540 ραις
209 3437 487 3540 ἀνακιρνάμενον
514 3439 675 3538 σώμασι.
713 3445 823 3537 σῶμα
851 3438 924 3543 γὰρ
951 3439 1018 3544 οῦχ
1047 3437 1166 3541 ἑτέρου
1194 3434 1304 3533 τινὸς,

106 3564 193 3641 ἀλλ’
223 3562 330 3660 αὐτῆς
364 3567 495 3642 νοεῖται
527 3566 591 3661 τῆς
623 3559 716 3642 κατὰ
748 3562 862 3668 φύσιν
894 3562 993 3667 ζωῆς,
1022 3562 1113 3662 ὅλην
1145 3561 1237 3666 έχων
1268 3563 1307 3639 έν

107 3687 220 3794 ἑαυτῷ
248 3683 314 3785 τήν
339 3695 403 3767 τοῦ
432 3686 621 3770 ἑνωθέντος
645 3685 768 3788 Λόγου
796 3685 954 3785 δύναμιν,
977 3689 1036 3767 καὶ
1062 3683 1336 3784 πεποιωμένονυ

108 3807 239 3912 ὥσπερ,
268 3816 414 3907 μᾶλλον
442 3809 479 3890 δὲ
507 3809 575 3911 ήδη
604 3811 662 3889 καὶ
690 3808 1014 3910 ἀναπεπλησμένον
1041 3813 1105 3909 τῆς
1132 3808 1306 3910 ἐνεργείας

108 3934 227 4029 αὑτοῦ,
245 3934 286 4012 δι’
307 3932 347 4032 ἧς
366 3932 412 4011 τά
430 3932 550 4014 πάντα
570 3934 788 4038 ζωοποιεῖται
805 3938 864 4014 καὶ
882 3931 973 4037 πρὸς
991 3933 1033 4013 τὸ
1052 3930 1139 4011 εἶναι
1161 3929 1303 4037 φυλάτ-

57 4089 95 4145 30
108 4092 215 4136 τεται.
270 4056 389 4156 ἐπειδή
419 4056 456 4137 δέ
484 4065 597 4136 ταῦτα
624 4066 750 4138 τοῦτον
779 4058 850 4162 ε”χει
877 4056 942 4137 τὸν
969 4057 1113 4160 τρόπον,
1141 4055 1307 4135 ἴστωσαν

147 4234 170 4271 1.
188 4216 277 4285 Ἰησοῦ
289 4227 459 4287 assumptum
471 4235 503 4271 ex
517 4217 550 4272 B.
685 4237 711 4284 4.
729 4217 963 4287 ε’κκεκρεμοσμένον
975 4215 1055 4270 edidi.
1069 4214 1258 4287 ε’κρεμοσμένον
1271 4214 1303 4269 Β.

109 4288 164 4371 ε’κκε
295 4303 357 4341 cum
370 4289 467 4342 lacuna
478 4289 515 4371 D.
527 4288 716 4359 κρομσισμένον
728 4288 755 4341 D
769 4307 824 4374 mg.
837 4287 1016 4357 ἐκκεκαυμένον
1028 4286 1080 4341 Ed.
1151 4288 1176 4341 8.
1195 4283 1248 4356 ναὶ]
1263 4285 1304 4339 καὶ

111 4361 213 4433 Mlgne.
289 4373 330 4413 10.
349 4357 401 4430 ὅτι]
415 4360 453 4413 ἔτι
467 4358 569 4430 ngne.
617 4363 719 4441 πετρῶγ
733 4359 764 4413 Β.
776 4381 871 4429 πετρος
884 4357 936 4412 Ed.
1011 4373 1052 4412 12.
1069 4357 1158 4427 ήρουῐ
1170 4357 1304 4424 ἐνεποίησε

110 4492 144 4535 tr.
159 4482 191 4536 B.
283 4494 325 4549 13.
344 4478 389 4547 ε’μί
403 4477 477 4545 Β.μέ
491 4478 543 4534 Ed.
636 4480 677 4534 18.
696 4444 840 4535 ῖῖῖιδεῖσθαι
855 4480 887 4534 Β.
977 4495 1019 4549 23.
1040 4476 1256 4548 ζωοποιεῖΉ-τε
1270 4476 1303 4532 Β.

111 4551 153 4606 26.
172 4555 266 4608 νοεῖται
278 4558 339 4604 ante
351 4549 411 4605 ἀλλ’
424 4558 525 4621 transp.
539 4550 572 4605 B.
620 4552 681 4621 ἔχον
693 4551 806 4605 correxit
820 4551 921 4622 Μίμας.
995 4565 1037 4621 27·
1056 4546 1225 4618 πεποιημένον
1239 4546 1271 4602 Β.

668 4653 756 4718 31²2
