3038 5018
239 283 306 347 384
543 286 582 350 B.
607 284 816 351 CYRILLI
846 285 1137 351 ALEXANDR.
1277 307 1307 350 v.
1320 304 1375 371 39,
1388 302 1444 364 40.

279 448 290 477 Ι
405 450 424 479 2
542 451 553 477 ν
752 453 761 476 ε
822 450 833 475 x
882 455 890 479 ν
1076 451 1086 478 ν
1228 455 1237 478 ν
1304 445 1315 476 ἱ

240 482 369 548 μενοις,
399 484 483 555 εχον
510 454 549 529 δε
580 487 616 530 τι
645 460 766 557 βραχυ
797 487 840 532 το
872 451 1157 558 εξηλλαγμενον.
1209 485 1239 529 ει
1270 483 1342 550 γαρ
1375 447 1446 527 ἔδει

241 579 401 654 νοεῖσθαι
428 584 712 677 προστακτικῶς,
740 583 816 661 πιῦς
844 579 908 656 οὐκ
935 572 1024 657 εἶναι
1051 575 1220 681 φήσομεν
1247 576 1446 675 ἀναγκαῖον

211 695 333 777 οκατά
355 694 437 778 τόδε
461 696 503 778 τῦ
528 703 657 803 σχῆμα
681 699 792 803 τυχὸν
816 697 858 780 τὸ
883 698 1035 799 σύμπαν
1057 705 1166 779 εἰπεῖν
1182 701 1349 807 Ἐρευνῦιτε
1377 695 1445 781 ταὶς

241 820 387 928 γραφάς
405 822 452 902 ’ίτι
472 825 502 904 ἐν
520 828 641 908 αὐταῖς
660 818 786 904 ἀσκεῖτε
804 827 898 929 ὑμεῖς
918 822 997 933 ζωῦμ
1016 824 1139 904 αι’ύνιον
1155 823 1241 922 ἔχειν
1257 829 1316 903 καὶ
1337 819 1448 903 αῦταί

242 953 321 1027 εἰσιν
339 955 376 1025 αἱ
400 949 624 1054 μαρτυροῦσαι
645 956 717 1053 περὶ
743 947 837 1054 ἐμοῦ·
866 946 1117 1050 ἐρευνήσαντες
1137 946 1176 1026 δὲ
1203 943 1324 1027 ’ἔλθετε
1349 941 1478 1049 πρῦς5

240 1066 297 1169 με’·
327 1069 414 1149 ἀλλ’
434 1073 482 1156 ὡς
499 1069 550 1172 μὴ
570 1068 761 1154 ἐθέλοντας
778 1073 906 1169 ἐλθεῖν,
925 1071 1039 1151 καίτοι
1061 1070 1120 1151 διά
1144 1074 1208 1170 τῆς
1225 1072 1366 1173 ἐρεύνης
1384 1072 1445 1150 ἐπὶ

241 1202 348 1274 τοῦτο
380 1196 732 1300 χειραγωγουμένοις
764 1202 983 1276 καταιτιᾶται
1014 1195 1135 1299 λε’γων
1164 1202 1232 1276 Καὶ
1266 1200 1300 1274 οὐ
1332 1190 1446 1274 θίλετε

242 1315 344 1400 ἐλθεῖν
366 1320 448 1425 πρὶς
473 1318 528 1426 μί.

298 1441 606 1545 Ἀναγνωσόμεθα
632 1446 751 1525 τοίνυν
775 1447 834 1526 ε’πὶ
861 1444 903 1524 τὸ
930 1442 1202 1550 χρησιμώτερον
1226 1444 1444 1539 βλέποντες,

243 1569 302 1646 καὶ
327 1564 370 1646 τῦ
399 1574 472 1652 τοῖς
499 1574 801 1673 προαποδοθεῖσιν
823 1569 1056 1667 ἀκολουθοῦν,
1081 1570 1123 1648 ού
1150 1569 1294 1652 πάντως
1319 1601 1444 1670 προσ-
1461 1602 1501 1644 ιο

243 1697 426 1787 τακτικῶς,
445 1693 529 1791 ἀλλ’
551 1695 600 1777 ὡς
617 1696 655 1772 ἐν
674 1693 819 1772 συνέσει
837 1696 984 1792 μᾶλλον
1002 1696 1060 1772 καὶ
1079 1694 1299 1796 ύποστιγμῇ.
1340 1691 1448 1770 ἔσται

210 1813 283 1896 (1δὲ
314 1812 428 1895 πάλιν
458 1824 523 1895 τοῦ
561 1816 791 1919 προκειμένου
826 1825 985 1900 τοιοῦτος

243 1936 418 2019 ἐθεάσατο
443 1939 571 2024 αὐτοῦς
597 1942 788 2046 τρέχοντας
812 1943 869 2023 ἐπὶ
894 1939 941 2020 τά
960 1938 1147 2023 Μωυσέως
1171 1941 1224 2018 ἀεὶ
1246 1938 1444 2042 συγγράμ-

243 2096 352 2160 ματα,
379 2066 438 2143 καὶ
464 2065 715 2166 συλλέγοντας
745 2066 875 2145 ἐκεῖθεν
902 2063 1121 2149 ἀπαιδεύτως
1152 2063 1217 2149 τὰς
1246 2070 1319 2142 τῶν
1346 2066 1449 2143 ἀντι-

244 2192 380 2290 λογιῶν
392 2186 571 2295 ἀφορμάς,
581 2186 772 2290 ζητοῦντας
791 2187 829 2268 δὲ
847 2189 965 2291 ἕτερον
979 2187 1127 2287 ούδὲν,ἢ
1146 2192 1205 2267 καὶ
1223 2186 1449 2292 δεχομένους,
1464 2215 1503 2276 15

244 2308 333 2413 ὅπερ
365 2309 411 2390 ἀν
438 2312 557 2394 αὐτοῖς
586 2311 629 2391 τὸ
662 2317 791 2417 χρῆναι
820 2311 1000 2392 πιστεύειν
1026 2317 1206 2417 περιπατῇ·
1251 2310 1310 2390 διά
1336 2319 1449 2392 τοῦτο

245 2431 359 2514 πάλιν
376 2436 576 2537 ἀναγκαίως
599 2434 784 2540 ἄχρηστον
802 2437 921 2520 αὐτοῖς
945 2439 1004 2514 καὶ
1029 2433 1201 2535 ἀνόνητον
1219 2433 1282 2515 τὸν
1299 2439 1363 2535 τῆς
1389 2438 1450 2516 ἐπὶ

245 2557 383 2642 τούτοις
408 2557 549 2662 ἐρεύνης
574 2561 766 2661 ἀποφαίνει
790 2558 913 2656 πόνον,
930 2561 988 2639 καὶ
1013 2562 1061 2642 ὡς
1086 2560 1144 2639 ἐπὶ
1161 2557 1310 2666 μεγάλῳ
1329 2593 1368 2639 τε
1388 2563 1449 2639 καὶ

246 2681 536 2790 ε’πωφελεστάτιρ
572 2681 758 2786 πράγματι
796 2681 1080 2783 μεμελετήκασιν
1117 2685 1160 2762 ού
1198 2680 1291 2763 κατά
1331 2683 1449 2786 λόγον

217 2809 447 2912 οκεχρῆσθαι
471 2805 535 2887 τὸν
550 2806 736 2912 πρέποντα
753 2805 925 2911 διελέγχει
944 2813 1087 2912 σαφῶς.
1128 2807 1166 2885 τί
1187 2806 1260 2909 γὰρ
1284 2807 1365 2889 εἶπέ
1386 2843 1449 2908 μοι
1464 2841 1503 2884 ιο

246 2927 289 3010 τῦ
320 2929 511 3035 χρήσιμον,
542 2930 597 3011 ὅτι
628 2930 693 3017 τῦις
723 2928 790 3029 μὲν
822 2932 927 3027 θείας,
960 2933 1087 3038 φησὶν,
1120 2933 1258 3039 ἓρευνῖιτι
1288 2930 1449 3039 γραφὶς,

246 3054 399 3151 οἰόμενοι
430 3055 474 3134 δι’
501 3058 619 3135 αάτιῦν
646 3060 694 3140 είς
723 3054 846 3136 αἰάνιιν
874 3052 1128 3154 ἀναβήσεσθαι
1158 3056 1250 3164 ζωήν·
1290 3053 1382 3135 ε’πάν
1409 3056 1451 3136 δὲ

244 3176 377 3261 ταύτας
403 3179 481 3284 ἐμοὶ
509 3178 738 3289 μαρτυρούσας
770 3179 967 3280 εὑρίσκητε,
994 3180 1052 3258 καὶ
1082 3173 1174 3282 ζωὴν
1201 3176 1451 3281 ὀνομαῷύσας

245 3297 306 3400 ε’μέ
339 3299 406 3400 τὴν
433 3300 583 3398 αἰώνιον,
614 3308 648 3383 οὐ
678 3301 787 3383 θίλετι
816 3299 915 3383 ἐλθεῖν
944 3307 1025 3407 πρῦς
1055 3299 1100 3406 ριέ
1127 3300 1183 3382 ’ίνα
1214 3300 1293 3413 ζαῖμ
1324 3301 1450 3400 ἔχητε,

245 3424 372 3505 οὐκοῦν
400 3423 482 3506 ὅθεν
506 3425 574 3505 ἔδει
601 3424 792 3528 σώζεσθαι,
820 3429 947 3532 φησὶν,
973 3427 1102 3505 ἐκεῖθεν
1126 3422 1172 3505 τά
1197 3425 1355 3528 με’γιστα
1383 3423 1454 3511 τάς
1468 3469 1508 3530 25

193 3648 197 3654 Ι
245 3548 381 3630 ἕαντιῦν
398 3548 597 3652 ζημιοῦντες
616 3551 659 3629 οῦ
678 3559 787 3631 νοεῖτε
804 3548 938 3658 φυχάς,
958 3549 1050 3653 πρὸς
1067 3547 1134 3648 μὲν
1150 3549 1261 3647 μόνον
1278 3547 1322 3629 τὸ
1342 3551 1452 3630 ἀντι·

246 3672 365 3775 λε’γειν
387 3674 427 3752 ἐκ
451 3679 684 3755 Μωυσαῖκῶν
709 3676 925 3773 ἀκονώμενοι
951 3672 1154 3775 λόγων,τά
1182 3671 1220 3753 δὲ
1246 3670 1303 3778 ἐφ’
1323 3670 1378 3757 οἷς
1404 3671 1456 3773 ἦν

77 3821 186 3880 261A.
213 3833 234 3876 ιι
247 3796 338 3896 ἀμᾶς
360 3795 427 3897 τὴν
445 3799 569 3878 αίάνιον
591 3799 856 3900 ἀποκερδοίνειν
875 3795 965 3907 ζωῆν,
989 3798 1064 3877 οῦδΙ
1086 3796 1177 3876 ὅσον
1202 3800 1251 3880 εἷς
1277 3804 1362 3876 νοῦν
1386 3796 1456 3876 τὸν

247 3920 382 4002 ἔαντῶν
400 3920 655 4026 εἰσοικίζοντες.

286 4193 309 4232 ῐ.
328 4176 402 4249 ἕχον]
416 4178 481 4245 εξων
494 4176 528 4231 Β.
641 4196 668 4244 4.
685 4177 756 4245 ὑμεῖς
767 4185 937 4246 assumptum
949 4194 981 4230 ex
996 4174 1028 4229 B.
1148 4192 1189 4230 10.
1208 4173 1304 4245 καὶτὸ]
1318 4177 1402 4230 καίτοι
1419 4179 1455 4234 Β.

250 4263 292 4303 ¹1.
312 4249 339 4302 ἐν
350 4258 519 4318 assumptum
531 4265 563 4301 ex
578 4246 650 4302 B.D.
702 4248 797 4302 Statim
809 4247 915 4302 συνέσει
929 4246 1001 4300 B-D.
1015 4246 1066 4301 Ed,
1080 4247 1226 4301 συνοινίσει
1241 4246 1267 4300 D
1281 4264 1337 4317 mg.
1351 4257 1378 4301 et
1391 4267 1419 4302 ν.
1435 4252 1455 4305 l.

246 4317 275 4368 ἰιι
289 4315 341 4372 nd.
355 4337 409 4389 mg.
493 4334 534 4387 13.
554 4318 643 4372 ἐθεᾶτο
657 4318 689 4371 B.
702 4319 791 4373 invitis
805 4318 876 4373 catt.
924 4319 1071 4388 Assumptn
1083 4319 1175 4373 αὐτοὺς
1187 4336 1219 4371 ex
1234 4317 1302 4379 ss.a.,
1315 4318 1356 4372 ἀεὶ
1368 4336 1402 4371 ex
1421 4320 1456 4375 Β.

310 4388 385 4443 οῦδὲν
396 4387 484 4459 ἕτερον
496 4389 602 4442 inverso
614 4387 707 4442 ordine
721 4387 754 4442 B.
892 4403 933 4458 17.
951 4388 1092 4457 ἀναγκαίως
1103 4388 1237 4460 ἄχρηστον
1248 4387 1348 4461 αὐτοῖς]
1363 4389 1457 4448 αὐτοῖς

319 4478 380 4514 ’τον
390 4459 533 4530 ἀναγκαίων
544 4459 630 4514 αὐτοῖς
644 4458 706 4528 (οἱα)
720 4457 754 4514 Β.
790 4457 955 4514 Abbreviant
968 4457 1038 4513 (λιιι.
1160 4459 1202 4513 18.
1221 4459 1263 4513 ἐπὶ
1276 4469 1456 4530 assumptum

435 4545 478 4600 η.
496 4529 660 4599 ἀκονοὺμενοι
673 4528 707 4586 Β.
