3038 5018
223 283 286 345 198
523 283 563 346 B.
587 283 793 347 CYRILLI
823 282 1112 347 ALEXANDR.
1265 276 1423 358 i·47-49·

674 526 794 617 Ἔρχου
821 529 873 592 καί
901 521 960 592 ἴδε.

280 725 447 828 Ἀρκέσει
470 726 561 828 πρὸς
584 728 710 808 πίστιν
728 762 751 825 η
776 725 850 822 θέα,
867 729 993 831 φησὶν,
1012 728 1070 804 καὶ
1087 723 1199 823 μόνον
1217 727 1264 804 εἰς
1288 717 1425 821 λόγους

223 845 341 927 ἐλθὼν
367 849 678 951 συνομολογήσεις
705 848 932 952 γοργότερον,
960 852 1018 929 καὶ
1046 845 1303 955 ἁνενδοιόστως
1333 847 1425 946 ε’ρεῖς

224 970 333 1051 αὐτὸν
349 971 461 1056 ὅντως
481 972 651 1078 ὑπάρχειν
668 970 732 1051 τὸν
750 973 1059 1075 προσδοκώμενον.
1097 970 1167 1075 χρὴ
1186 970 1224 1048 δὲ
1242 967 1426 1048 πιστεύειν

224 1095 327 1194 ἡμᾶς,
362 1094 417 1175 ὅτι
448 1131 517 1199 περ
551 1095 595 1198 ἦν
627 1096 703 1176 θεία
735 1130 788 1180 τις
825 1101 882 1175 καί
920 1096 1070 1198 ἅρῤητος
1106 1094 1221 1199 χάρις,
1253 1100 1326 1176 τοῖς
1358 1099 1458 1170 τοῦδ

58 1279 118 1334 m
127 1277 167 1334 ΔΛ
194 1222 393 1331 ,Σωτῆρος
423 1220 546 1321 λόγοις
576 1221 877 1324 συνεκτρέχουσα,
904 1222 962 1298 καὶ
992 1219 1056 1303 τὰς
1086 1225 1160 1297 τῶν
1188 1215 1426 1318 ἀκροωμένων

57 1354 153 1468 ξῐῗ
226 1339 349 1446 ψυχὰς
377 1341 667 1447 καταθέλγουσα.
711 1345 804 1423 οὕτω
831 1343 903 1445 γὰρ
936 1344 1147 1444 γέγραπται,
1175 1341 1228 1420 ὅτι
1256 1353 1278 1386 “
1291 1338 1427 1422 πάντες

226 1475 248 1511 “
267 1467 464 1571 έθαιίμαᾷυν
480 1470 538 1548 ε’πί
557 1475 629 1552 τοῖς
648 1467 772 1569 λόγοις
788 1472 852 1567 τῆς
874 1464 1018 1571 χάριτος
1042 1472 1115 1549 τοῖς
1138 1464 1428 1567 ἐκπορευομένοις

226 1599 249 1635 “
266 1589 339 1669 ἀπὸ
366 1599 431 1670 τοῦ
458 1590 640 1690 στόματος
667 1593 810 1671 αι’ποῦ·”
845 1593 893 1673 ὡς
920 1588 992 1692 γὰρ
1019 1586 1161 1690 ἐνεργὴς
1189 1590 1209 1666 ὁ
1237 1585 1347 1688 λόγος
1375 1591 1428 1670 είς

227 1712 386 1812 δύναμιν,
403 1717 496 1795 οὕτω
513 1718 572 1793 καὶ
590 1721 638 1798 είς
656 1713 697 1793 τὸ
716 1718 849 1795 πείθειν
867 1712 911 1814 ἧν
928 1712 1057 1798 ἱκανός.
1447 1735 1481 1776 ¹0

178 2014 217 2082 48
373 2012 437 2078 Ἴδε
464 2015 589 2081 ἀλιιθίις
612 2015 827 2106 Ἰσραιιλίςιιο,
853 2016 889 2080 ὲν
916 2011 945 2100 ᾧ
968 2015 1065 2081 δόλου
1092 2015 1151 2079 οὐκ
1176 2015 1273 2080 ἔστιν.

285 2213 402 2291 Οὔπω
441 2212 508 2312 τὴν
544 2213 602 2294 διὰ
642 2215 802 2312 σημείων
835 2212 1069 2312 ἐπιπηδώσας
1105 2213 1283 2317 ἐπίδειξιν,
1319 2212 1431 2318 ἑτέρω

195 2334 352 2441 οτρόπῳ
384 2337 547 2438 Χριστὸς
579 2335 659 2420 τοιίς
690 2371 728 2415 τε
758 2338 903 2420 οἰκείους
935 2336 1136 2416 ἀναπείθειν
1165 2337 1326 2438 ἐπειρᾶτο
1358 2370 1430 2431 μα-

230 2457 353 2555 θητὰς,
371 2458 530 2543 καὶτοὺς
554 2461 635 2540 ὅσοι
653 2494 721 2563 περ
739 2459 836 2560 ἦσαν
854 2466 927 2540 τῶν
945 2461 1042 2566 αὐτῷ
1059 2457 1285 2562 προσιόντων
1302 2493 1427 2538 νουνε-

229 2580 404 2683 χέστεροι,
433 2586 481 2666 ὡς
511 2584 563 2684 εἴη
589 2582 656 2681 μέν
683 2583 790 2667 αὐτὸς
818 2584 839 2661 ὃ
867 2583 958 2662 κατὰ
986 2584 1101 2688 φύσιν
1117 2580 1205 2665 Υἱὸς
1233 2586 1289 2661 καὶ
1319 2581 1430 2682 Θεὸς,
1449 2621 1481 2677 15

230 2704 309 2802 ἥκοι
335 2704 374 2784 δὲ
399 2711 463 2805 τῆς
488 2707 657 2787 ἁπόιπων
674 2709 774 2786 ἕνεκα
798 2709 978 2807 σωτηρίας
1004 2711 1041 2786 ἐν
1060 2709 1264 2813 ἀνθρωπεία
1287 2712 1429 2812 μορφῇ.

230 2830 284 2910 τίς
313 2828 376 2908 οὖν
403 2832 424 2908 ὁ
453 2832 585 2932 τρόπος
614 2833 634 2909 ὁ
661 2829 752 2932 πρὸς
779 2832 905 2910 πίστιν
931 2830 1143 2931 ἐπαγωγός;
1181 2831 1202 2927 ἦ
1231 2829 1435 2932 θεοπρεπὴς

230 2952 399 3050 δηλονότι
427 2960 574 3054 γνῶσις.
621 2951 664 3032 τὸ
691 2951 764 3055 γὰρ
793 2954 919 3032 εἰδέναι
946 2952 993 3030 τὰ
1018 2950 1147 3047 πάντα,
1175 2953 1274 3059 μόνιρ
1303 2953 1435 3054 πρέπει

231 3082 327 3184 Θεῷ·
366 3077 578 3182 ἀποδέχεται
608 3086 799 3179 τοιγαροῦν
825 3075 891 3156 τὸν
918 3075 1131 3175 Ναθαναὴλ,
1160 3079 1202 3154 οὐ
1231 3077 1436 3158 κολακείαις

232 3201 399 3303 ἁρπάζων
427 3207 474 3284 είς
505 3200 681 3299 διάθεσιν,
713 3202 797 3280 ἀλλ’
827 3199 872 3306 ἐξ
897 3197 947 3280 ὧν
975 3202 1072 3306 αι’πῴ
1102 3199 1246 3304 συνῄδει
1273 3198 1432 3279 πιστού·
1452 3235 1481 3276 ιιι

202 3357 222 3398 ο
232 3358 348 3421 μενος,
368 3323 422 3402 ότι
440 3323 608 3425 γινώσκει
625 3325 782 3424 καρδίας,
801 3327 849 3407 ὡς
868 3322 971 3407 Θεός.

180 3629 220 3686 49
635 3614 739 3680 Πόθεν
766 3636 806 3688 με
834 3611 1020 3692 τιυώοκειε;

282 3807 458 3915 Ἀρχεται
476 3809 665 3912 θαυμάζειν
682 3813 702 3889 ὁ
717 3811 930 3911 Ναθαναὴλ,
945 3815 1003 3890 καὶ
1022 3819 1179 3890 καλεῖται
1197 3810 1287 3912 πρὸς
1306 3812 1437 3891 πίστιν

231 3934 300 4035 ἤδη
319 3935 484 4030 βεβαιῶ·
515 3934 567 4013 ἔτι
590 3935 628 4015 δέ
646 3933 839 4031 μανθάνειν
857 3935 962 4041 ἀξιοῖ,
980 3933 1091 4015 πόθεν
1109 3931 1153 4012 ἂν
1171 3934 1246 4037 ἔχοι
1263 3941 1336 4013 τῶν
1354 3938 1434 4012 κατ’

231 4057 341 4136 αὐτὸν
369 4056 435 4156 τὴν
463 4064 616 4158 γνῶσιν·
656 4061 813 4160 ἀκριβεῖς
842 4057 915 4160 γὰρ
946 4059 1031 4136 λίαν
1058 4063 1094 4135 αί
1129 4063 1343 4161 φιλομαθεῖς
1374 4063 1437 4137 καὶ
1454 4096 1481 4152 ιι

272 4321 295 4357 ι.
306 4302 418 4373 Ἔρχου]
434 4303 581 4357 Praemittit
594 4304 669 4374 Λέγει
681 4305 749 4375 αὐτῷ
762 4305 889 4360 Φίλιππος
903 4303 954 4358 Ed,
968 4305 1051 4358 invito
1066 4304 1097 4357 B.
1223 4320 1247 4374 7.
1266 4307 1307 4358 καὶ
1320 4322 1370 4374 pro
1382 4309 1436 4375 γὰρ

233 4374 315 4427 cord.
398 4391 439 4426 Η.
450 4372 518 4444 Ἰδε]
534 4375 680 4428 Praemittit
691 4371 768 4428 Εἶδεν
779 4379 794 4428 ὁ
804 4374 907 4443 Ἰησοῦς
917 4379 963 4428 τὸν
976 4376 1114 4443 Ναθαναὴλ
1127 4375 1268 4445 ἐρχόμενον
1277 4377 1343 4442 πρὸς
1354 4377 1437 4431 αὑτὸν

233 4446 275 4496 καὶ
287 4445 435 4512 λέγειςπρὸς
446 4445 524 4496 αὐτὸν
536 4444 588 4497 Ed.
600 4445 685 4498 insito
699 4445 731 4498 B.
837 4462 877 4511 15.
896 4448 977 4498 ὁοιο.
993 4446 1024 4499 Β.
1134 4462 1175 4498 22.
1196 4446 1342 4499 Praemittit
1356 4445 1437 4516 Λέγει

233 4515 301 4584 αὐτῷ
316 4515 452 4581 Ναθαναὴλ
466 4513 518 4567 Ed.
530 4515 613 4568 invito
626 4514 659 4569 B.
