3038 5018
226 275 292 338 438
531 273 570 338 B.
594 273 804 339 CYRILLI
834 272 1122 337 ALEXANDR.
1318 269 1360 333 vi.
1376 283 1427 349 27.

225 436 330 519 ἔλεον
356 438 494 518 εἴκοντα
522 436 656 539 λόγοις,
678 436 742 519 τδν
771 435 869 545 ᾧπερ
894 439 1003 541 ἐχρῆν
1031 438 1182 535 ἀμελητὶ
1214 431 1425 513 καταπείθε-

227 568 318 643 σθαι
350 570 520 642 καλοῦντι
550 559 642 663 πρὸς
673 562 868 663 σωτηρίαν,
895 559 954 639 ὅτε
981 565 1039 640 καὶ
1070 563 1090 640 ὁ
1119 563 1182 658 τῆς
1210 557 1427 659 ἡμερότητος

228 686 388 766 ἀντεδίδου
406 682 538 788 καιρός,
557 691 614 765 καὶ
632 684 697 786 τὴν
716 687 772 765 ἐπὶ
795 691 868 768 τοῖς
891 684 959 785 ἤδη
984 681 1304 786 προεπταισμένοις
1324 682 1425 786 ἐξαι-

229 816 302 889 τεῖν
327 809 541 909 ἀμνηστίαν,
560 811 619 889 καὶ
646 806 712 909 τὴν
736 811 774 888 ἐκ
794 813 890 887 Θεοῦ
917 816 981 887 τοῦ
1008 806 1184 909 σώζοντος
1213 810 1423 911 φιλανθρω·

229 933 316 1014 πίοιν
333 934 514 1037 ἐπιζητεῖν.
1442 951 1460 1012 5

181 1165 420 1257 27Ἐρι·ἀςεσθε
450 1167 494 1243 nst
522 1165 581 1231 τάν
609 1165 728 1255 βρῶσιν
756 1165 814 1231 τάν
841 1165 1081 1245 ἀπολλυμένην,
1108 1163 1193 1228 ἀλλὰ
1220 1162 1278 1229 τάν
1307 1161 1428 1249 βρῶσιν

197 1299 218 1364 b
529 1289 587 1356 τάν
606 1290 766 1367 μένουσαν
793 1287 840 1356 εἰς
868 1290 952 1381 ςωάν
979 1287 1125 1356 αἰώνιον.

287 1453 461 1535 Τοιοῦτόν
482 1488 517 1533 τι
540 1452 653 1534 πάλιν
675 1454 732 1534 ε’πὶ
759 1450 801 1533 τδ
829 1449 987 1532 καθόλου
1013 1456 1072 1532 καὶ
1098 1450 1329 1555 γενικῶτερόν
1349 1485 1429 1534 πως

231 1578 463 1659 ε’κττλατιίνων
490 1575 555 1656 τόν
581 1574 705 1678 λόγον,
734 1579 754 1656 ό
787 1582 936 1660 Παῦλος
963 1576 1054 1676 ἡμᾶς
1082 1573 1280 1655 ἐκδιδάσκει
1308 1573 1429 1675 λε’γων

63 1706 187 1758 Qvi-⁸·
234 1713 255 1750 “
272 1703 322 1783 ‘O
340 1703 499 1804 σπείρων
515 1707 562 1785 εἰς
586 1700 652 1800 τὴν
669 1697 790 1804 σάρκα
814 1702 853 1780 ἐκ
877 1704 940 1800 τὴς
964 1696 1100 1802 σαρκός
1119 1699 1252 1802 θερίσει
1271 1695 1426 1804 φθοράν·
1447 1727 1484 1768 10

233 1837 255 1873 “
275 1827 295 1904 ὁ
312 1823 350 1905 δέ
368 1825 528 1926 σπείρων
546 1828 593 1908 είς
612 1823 655 1903 τὸ
672 1833 812 1921 πνεῦμα
829 1825 868 1903 ἐκ
886 1832 949 1903 τοῦ
967 1823 1165 1922 πνεύματος
1183 1822 1317 1924 θερίσει
1335 1821 1429 1925 ζωὴν

234 1959 256 1997 “
274 1945 450 2027 αίῶνιον.”
477 1946 635 2048 σπείρειν
653 1947 718 2045 μὲν
736 1945 806 2050 γὰρ
824 1952 872 2031 είς
890 1945 956 2045 τὴν
973 1947 1094 2049 σάρκα
1113 1953 1208 2054 φησὶ
1226 1945 1308 2030 τοῦς
1329 1945 1366 2023 οἵ
1385 1979 1428 2047 γε

232 2079 309 2156 ταῖς
326 2074 389 2171 τῆς
406 2069 540 2173 σαρκὸς
559 2072 699 2170 ἡδοναῖς
717 2070 806 2155 ὅλας
829 2067 953 2172 ῶσπερ
970 2069 1224 2176 ἐπιτρίψαντες
1245 2069 1310 2153 τὰς
1328 2069 1429 2168 ἡνίας

203 2199 395 2300 οδρομαῑοι
412 2192 619 2296 βαδίζουσιν
636 2195 692 2302 ἐφ’
713 2192 801 2295 ὅπερ
818 2190 863 2272 ἀν
881 2193 1095 2292 βούλωνται,
1110 2195 1344 2296 διακρίνοντες
1361 2190 1429 2290 μὲν
1477 2222 1482 2229 ·

211 2341 215 2351 ’
234 2321 396 2418 οὐδαμῶς
421 2317 463 2398 τὸ
482 2319 595 2426 σφίσι
613 2315 801 2401 λυσιτελὲς
818 2317 891 2397 ἀπὸ
908 2325 973 2397 τοῦ
991 2319 1249 2398 κατασίνεσθαι
1271 2320 1330 2398 καὶ
1352 2320 1429 2396 ἀδι-
1447 2345 1485 2405 15

231 2452 305 2524 κεῖν
327 2441 538 2549 πεφυκότος,
556 2439 754 2542 δοκιμάζειν
778 2439 815 2521 δὲ
840 2440 936 2525 ὅλως
959 2439 1001 2520 τὸ
1026 2446 1077 2549 τῷ
1102 2441 1275 2546 νομοθέτῃ
1301 2446 1431 2521 δοκοῦν

232 2562 427 2665 οὐδαμόθεν
449 2566 716 2662 κατειθισμένοι,
735 2567 791 2643 ἐπὶ
817 2565 854 2645 δὲ
878 2564 988 2664 μόνον
1006 2563 1048 2644 τὸ
1073 2565 1139 2665 ἡδῦ
1163 2599 1201 2646 τε
1227 2569 1285 2645 καὶ
1310 2563 1433 2667 πρόσ-

232 2724 356 2793 καιρον
374 2689 640 2791 ἀπερισκέπτως
657 2685 950 2790 κατασυρόμενοι,
968 2691 1027 2768 καὶ
1044 2695 1117 2768 τῶν
1135 2689 1322 2792 δρωμένων
1339 2722 1433 2792 προ-

231 2813 408 2915 κρίνοντες
436 2808 555 2890 οῦδέν·
583 2810 744 2914 σπείρειν
766 2809 805 2890 δὲ
832 2810 944 2891 πάλιν
972 2817 1021 2896 είς
1051 2808 1093 2892 τδ
1120 2821 1261 2911 πνεῦμα
1288 2815 1433 2919 δυσχο-

231 2935 370 3040 ρίζεται,
395 2933 442 3016 τὰ
469 2934 525 3043 ἐφ’
547 2932 599 3018 οἷς
628 2931 674 3014 ἀν
699 2934 871 3030 βούλοιτο
893 2937 1096 3039 διαπρέπειν
1124 2936 1216 3035 ἡμᾶς
1238 2934 1280 3016 τδ
1296 2935 1433 3038 Ἀγιον
1448 2974 1486 3014 ιο

193 3155 196 3158 Α
234 3066 393 3158 Πνεῦμα,
431 3058 519 3139 ὅλον
555 3057 620 3159 μὲν
657 3062 721 3158 τῆς
756 3059 890 3138 ἑαυτῶν
926 3062 1080 3143 διανοίας
1117 3065 1350 3144 δαπανῶντας
1388 3060 1433 3141 τδ

199 3183 466 3283 ἀσπούδασμα,
497 3180 660 3291 συντόνερ
697 3181 735 3262 δὲ
774 3184 886 3267 οὕτως
923 3184 1229 3289 ἀποκεχρημίνους
1266 3186 1434 3293 φροντίδι

232 3303 324 3408 πρὸς
348 3307 527 3410 γεωργίαν
545 3312 618 3385 τῶν
634 3309 790 3410 ἀγαθῶν,
810 3310 858 3390 ῶς
882 3312 912 3386 εἰ
935 3306 985 3406 μή
1011 3341 1065 3392 τις
1088 3306 1217 3393 αὐτοῦς
1240 3307 1433 3416 κατήπειξε

233 3426 344 3530 λόγος
364 3428 517 3536 φυσικός
542 3463 580 3508 τε
605 3432 663 3508 καὶ
688 3429 922 3532 ἀνυπέρθετος
946 3427 1010 3515 τάς
1037 3433 1232 3533 ἀναγκαίας
1252 3439 1297 3537 τῇ
1320 3436 1433 3536 σαρκὶ

234 3551 442 3656 χαρίζεσθαι
477 3550 625 3658 τροφὰς,
663 3554 734 3632 οὐδ’
774 3551 820 3632 ἀν
853 3558 901 3637 εἷς
937 3553 1042 3634 τοῦτό
1080 3589 1167 3635 ποτε
1204 3558 1432 3650 καταβαίνειν
1447 3582 1485 3643 25

67 3698 191 3750 Romiit
235 3675 445 3780 ἠνέσχοντο.
486 3671 581 3773 οἶμαι
605 3677 724 3755 τοίνυν
747 3675 943 3779 προσὴκειν
965 3678 1066 3776 ἡμᾶς,
1086 3689 1108 3724 “
1121 3683 1185 3778 τῆς
1209 3677 1275 3777 μὲν
1293 3679 1433 3781 σαρκὸς

68 3781 108 3831 ¹⁴⁶
235 3800 561 3899 “eze“÷‘›1raeevpla2’'
586 3799 760 3900 μηδεμίαν
787 3800 883 3884 ὅλως
912 3802 1075 3881 τίθεσθαι
1102 3801 1282 3904 πρόνοιαν,
1312 3837 1433 3904 προσ-

233 3928 373 4003 κεῖσθαι
392 3921 429 4003 δὲ
446 3929 591 4022 μᾶλλον
609 3930 683 4009 τοῖς
701 3922 1003 4024 ἀναγκαιοτάτοις,
1022 3931 1080 4004 καὶ
1105 3927 1319 4026 ἐπιτηδεύειν
1337 3929 1433 4008 ε’πεί-

233 4051 362 4148 γεσθαι
389 4045 435 4125 τὰ
463 4045 603 4149 ὅσαπερ
625 4047 718 4146 ἡμᾶς
745 4055 793 4131 εἰς
820 4047 886 4148 τὴν
908 4047 1050 4128 αἰώνιόν
1075 4083 1113 4128 τε
1140 4050 1199 4128 καὶ
1224 4050 1322 4129 θείαν
1344 4054 1433 4131 ἀνα-

234 4347 253 4373 u
269 4290 294 4343 3.
312 4275 429 4363 ηοῐςρτο
439 4273 484 4340 τὴν
497 4273 631 4371 ζρίοαααο
644 4291 699 4329 ver.
712 4273 786 4347 eq.?)
801 4274 853 4365 Β.ι
918 4346 924 4365 ι
963 4294 990 4347 9.
1008 4276 1165 4350 ἐκδιδάσκει]
1179 4277 1321 4366 ἐκπαιδεῦει
1334 4278 1363 4333 D
1376 4298 1435 4372 mg.

234 4343 496 4477 δικαίαν]
533 4343 881 4486 Εά·,εῖυ,πιι”]
896 4346 924 4401 ³¹
938 4347 1019 4490 Β,
1037 4348 1437 4490 ,κατοικίαι

235 4481 331 4538 Statim
342 4485 462 4553 οὐδεμίαν
474 4485 507 4539 Β.
614 4502 657 4557 29.
676 4486 728 4542 ὅσα
739 4487 801 4560 περ]
814 4487 865 4544 ὅσα
877 4489 937 4559 περὶ
951 4489 983 4544 Β.
