3038 5018
84 311 180 360 mo.
265 295 323 361 IN
354 296 386 362 S.
411 296 665 362 JOANNEM.
711 297 805 361 LIB.
829 296 876 360 11.
922 294 1023 359 CAP.
1041 291 1101 356 VI.
1218 293 1282 355 329

83 456 191 543 αὐτὸς
215 459 364 567 ὑπάρχει
389 465 447 541 καὶ
470 463 644 568 φαίνεται,
662 459 824 545 ποταπός
848 495 886 539 τε
911 463 969 539 καί
987 460 1039 543 τίς
1057 456 1149 538 κατὰ
1168 458 1282 566 φύσιν
1335 547 1347 574 ⁶

83 582 185 662 ἐστίν
202 585 306 686 εἰδείη
324 583 387 665 τὸν
405 585 610 689 γεννήτορά.
645 583 703 664 διὰ
721 583 792 686 γὰρ
810 582 916 664 τοῦτό
934 590 1050 689 φησιν
1069 585 1089 662 ὁ
1108 578 1281 684 Χριστὸς,

83 706 132 789 ὦς
158 716 180 754 “
194 709 323 794 Οὐδείς
346 710 515 810 γινώσκει
531 711 586 794 τίς
604 711 704 789 ἐστιν
724 710 744 787 ὁ
762 708 850 793 Υἱὸς
874 715 903 788 εί
928 705 979 807 μὴ
1004 707 1023 786 ὁ
1042 703 1183 808 Πατὴρ,
1202 704 1311 785 οὐδὲν
1334 726 1397 782 22³
1410 723 1451 784 Δ.

82 839 106 876 “
119 827 183 911 τδν
199 833 344 935 Πατέρα
361 834 416 916 τίς
434 833 660 932 ἐπιγινώσκει
679 833 733 917 τίς
751 834 851 912 ἐστιν
869 838 898 911 εί
915 831 965 932 μὴ
984 829 1141 914 mdc?
1170 835 1280 909 κεῖται
1325 800 1449 929 mm.

49 951 155 1056 5γάρ
186 957 225 1034 έν
252 957 389 1063 ἀμφοῖν
418 958 440 1056 ἡ
473 958 638 1061 ἐκατέρου
669 963 806 1059 γνῶσις
833 955 994 1060 ἀκριβὴς,
1023 957 1064 1034 οὐ
1094 957 1279 1050 διδακτώς,

82 1076 184 1157 ἀλλά
216 1085 392 1184 φυσικαῖς·
422 1082 480 1161 καὶ
509 1083 578 1188 ὁρᾷ
604 1079 670 1179 μέν
697 1083 717 1160 ὁ
742 1079 835 1164 Θεὸς
865 1086 923 1160 καὶ
948 1077 1076 1182 Πατὴρ
1103 1080 1141 1157 ε’ν
1168 1081 1282 1186 ἑαυτῷ
1374 1129 1385 1149 ·

80 1199 147 1281 τὸν
164 1202 264 1302 Υίδν,
290 1207 358 1312 ὁρᾷ
384 1204 421 1286 δὲ
449 1206 495 1285 αὖ
521 1204 634 1286 πάλιν
662 1207 681 1285 ὁ
710 1205 798 1288 Υἱὸς
824 1207 862 1283 ἐν
889 1207 1001 1310 ἑαυτῷ
1029 1200 1092 1282 τὸν
1120 1202 1277 1303 Πατέρα·

83 1324 196 1406 διάτοι
224 1328 330 1409 τοῦτό
360 1337 477 1436 φησιν
498 1341 518 1377 “
533 1328 632 1431 Ἐγώ
660 1331 698 1408 έν
721 1335 773 1434 τῷ
802 1332 920 1430 Πατρί
947 1330 1006 1407 καὶ
1034 1328 1054 1405 ὁ
1084 1325 1214 1428 Πατὴρ
1240 1327 1279 1404 έν

83 1458 105 1495 “
123 1450 203 1545 ἐμοί
226 1453 340 1532 ε’στι.”
378 1450 422 1534 τδ
447 1451 486 1533 δὲ
511 1454 598 1555 ὁρᾶν
619 1487 657 1532 τε
686 1455 745 1531 καὶ
772 1454 937 1554 ὁρᾶσθαι,
956 1450 1069 1531 πάλιν
1087 1452 1125 1528 ἐν
1142 1449 1280 1534 τούτοις

29 1606 69 1648 ιο
84 1574 235 1654 νοείσθω
253 1581 467 1679 θεοπρεπῶς.

1323 1322 1395 1372 Infr-

1324 1388 1426 1438 xiv.11.

116 1787 173 1854 Καί
199 1789 326 1880 μείζονα
353 1794 478 1859 τούτων
505 1793 583 1882 {pm
611 1792 709 1860 δείξει
737 1792 835 1876 αὐτῷ,
863 1793 915 1857 ίνα
942 1787 1032 1868 ὑμεῖς
1060 1790 1251 1880 θαυμοίςιιτε.

1293 1860 1314 1925 b

140 1952 206 2032 Ἐν
232 1961 305 2038 τοῖς
334 1956 498 2058 ἀνωτέρω
527 1956 642 2059 φησὶν
670 1957 690 2033 ὁ
724 1952 893 2058 μακάριος
922 1952 1198 2055 Εὑαγγελιστὴς
1232 1956 1280 2037 ὡς

85 2086 106 2123 “
125 2075 296 2179 Ἐζήτουν
314 2083 346 2158 οί
365 2081 529 2159 Ἰουδαῖοι
547 2077 612 2158 τδν
628 2081 773 2177 Ἰησοῦν
791 2080 1004 2175 ἀποκτεῖναι,
1024 2079 1079 2157 ὅτι
1104 2079 1146 2156 οὐ
1170 2076 1280 2176 μόνον
1326 2092 1420 2207 δυνηὸ

84 2210 106 2248 “
125 2197 208 2280 έλυε
243 2199 286 2282 τδ
322 2201 526 2300 σάββατον,
559 2202 660 2281 ἀλλὰ
694 2204 751 2280 καί
785 2201 930 2306 Πατέρα
961 2201 1049 2281 ἴδιον
1079 2198 1183 2302 ἔλεγε
1216 2201 1281 2281 τὸν
1326 2174 1377 2208 ver.
1423 2192 1429 2206 ¹

28 2338 69 2399 Ι5
85 2335 106 2372 “
125 2323 230 2423 Θεὸν,
249 2324 332 2406 ’ίσον
356 2325 482 2407 ἑαυτὸν
504 2332 617 2407 ποιεῖν
639 2331 691 2432 τῷ
716 2328 833 2434 Θεῴ.”
877 2324 944 2424 τὴν
965 2324 1033 2426 μέν
1059 2327 1122 2404 οὖν
1145 2328 1202 2405 ε’πί
1230 2333 1282 2433 τῷ

83 2447 264 2556 σαββάτῳ
301 2450 519 2554 κατηγορίαν
555 2447 822 2554 ἀπεσκευάζετο,
856 2453 914 2529 καί
951 2447 1059 2528 αὐτὸν
1089 2448 1282 2534 έπιδεικνδς

83 2571 228 2676 ε’νεργὸν
256 2577 295 2654 ἐν
324 2574 504 2683 σαββάτῳ
536 2571 601 2654 τὸν
631 2575 788 2678 Πατέρα,
819 2577 875 2654 καί
908 2572 1047 2676 μακρὸν
1078 2575 1134 2652 ε’πί
1166 2573 1281 2680 τούτῳ

81 2697 378 2796 προσαναλώσας
396 2696 521 2799 λόγον·
553 2697 608 2776 ὅτι
631 2697 673 2775 δέ
693 2700 793 2777 ἐστιν
811 2702 848 2776 ἐν
867 2696 1008 2796 ίσότητι
1034 2703 1078 2803 τῇ
1102 2694 1193 2798 πρὸς
1217 2695 1281 2775 τὸν

84 2818 241 2920 Πατέρα,
261 2822 318 2898 καί
338 2820 525 2923 ἅνθρωπος
543 2820 700 2923 γεγονὼς
717 2823 759 2900 δι’
780 2821 881 2919 ἡμᾶς,
899 2827 1062 2923 πειρᾶται
1085 2818 1276 2900 διδάσκειν.

27 2979 70 3021 κο
82 2950 190 3023 τοῦτο
208 2942 280 3045 γὰρ
297 2941 343 3042 ἦν
361 2943 411 3024 ἔτι
430 2951 481 3050 τῷ
502 2941 603 3052 λόγῳ
628 2944 671 3025 τὸ
697 2952 834 3023 λεῖπον·
866 2950 923 3023 καὶ
949 2943 1007 3023 διά
1031 2943 1137 3024 τοῦτό
1164 2949 1310 3046 φησινο

83 3063 139 3144 δτι
159 3073 226 3146 Καί
245 3069 381 3176 μείζονα
404 3067 520 3147 τούτων
539 3063 636 3175 δείξει
659 3073 750 3174 αὐτῷ
773 3068 857 3173 ἔργα
876 3068 932 3147 ’ίνα
957 3073 1050 3170 ὑμεῖς
1075 3065 1276 3174 θαυμάζητε.

82 3191 143 3267 καί
161 3190 199 3268 τί
212 3188 325 3272 πάλιν
343 3191 426 3290 ἡμῖν
444 3190 615 3287 βούλεται
634 3190 692 3269 διά
710 3191 836 3270 τούτου
855 3194 1010 3289 δηλοῦν;

139 3312 411 3417 Τεθεράπενται,
435 3318 562 3422 φησίν,
585 3316 606 3394 ὁ
627 3314 834 3418 παράλιπος
853 3325 874 3361 “
888 3313 1079 3417 τριάκοντα
1104 3317 1161 3394 καὶ
1187 3312 1280 3394 ὀκτώ
1325 3317 1412 3446 ἓξὲξ

83 3445 106 3485 “
124 3435 185 3537 έτη
204 3437 296 3542 έχων
313 3443 351 3519 ἐν
368 3445 413 3545 τῇ
432 3441 600 3546 ἀσθενείᾳ
618 3439 757 3520 αὑτοῦ.”
796 3442 854 3518 καὶ
872 3439 1064 3540 θαυμαστὴ
1085 3437 1152 3539 μίν
1170 3437 1280 3524 ὅντως

28 3559 106 3660 25η
123 3568 188 3640 τοῦ
206 3562 492 3666 θεραπεύσαντος
511 3562 667 3661 δύναμις,
686 3562 885 3663 θεοπρεπής
910 3597 949 3640 τε
974 3564 1058 3642 λίαν
1076 3564 1098 3661 ἡ
1116 3562 1276 3668 ἐξουσία·

82 3682 147 3763 τὸν
175 3684 213 3764 δὲ
246 3689 338 3764 οὕτω
371 3684 653 3788 θανματουργὸν,
681 3689 745 3764 οὐκ
777 3686 822 3764 ἀν
850 3720 913 3782 τις,
941 3683 1049 3783 οἶμαι,
1076 3690 1279 3789 σωφρονῶν

83 3806 284 3888 αἰτιάσαιτο
314 3807 410 3888 θεὸν
439 3807 565 3888 ἑαυτὸν
597 3806 684 3888 εἶναι
717 3811 881 3912 λέγοντα,
915 3811 973 3888 καὶ
1005 3811 1145 3911 ε’πείπερ
1178 3808 1279 3884 ἐστὶν

83 3930 182 4029 Υίδς,
211 3932 295 4011 ἴσον
326 3931 417 4010 κατδι
449 3930 568 4012 πάντα
599 3939 650 4040 τῷ
681 3933 919 4036 γεγεννηκότι·
961 3930 1080 4032 ἐπειδὴ
1112 3929 1151 4009 δέ
1184 3935 1276 4037 φρο-

82 4063 233 4150 νοῦντες,
256 4057 361 4162 φησί,
385 4053 540 4136 κάκιστά
566 4090 604 4136 τε
632 4059 689 4136 καί
717 4056 940 4157 ἀλογώτατα,
963 4053 1021 4134 διὰ
1045 4054 1087 4133 τὸ
1113 4048 1313 4155 ἐπίκηρονιί

119 4261 144 4299 2.
157 4247 172 4298 ὁ
184 4253 206 4298 x
225 4248 298 4302 ιοτόι
310 4248 393 4317 φησιν
404 4249 509 4302 inverso
521 4246 614 4302 ordine
628 4246 698 4302 catt.
822 4266 847 4315 4.
865 4248 903 4305 τίς
916 4248 988 4302 ε’στιν
1000 4264 1054 4301 om.
1068 4265 1091 4300 a.
1105 4246 1185 4301 habet
1198 4246 1279 4302 Cord.

82 4331 109 4382 5.
121 4315 229 4408 ἀκριβηι
240 4327 409 4389 assumptum
421 4336 453 4405 εκ
468 4317 499 4371 Β.
514 4317 584 4373 Catt.
658 4335 698 4388 13·
712 4319 736 4371 οί
749 4335 802 4373 om.
818 4319 850 4372 B.
914 4332 966 4408 υτη.
978 4320 1077 4387 μικρὸν
1091 4317 1279 4407 Β.[,).“Μὶριιο.

81 4386 512 4529 Ξῖῗ·ί”.ιῖί....ι.θ·.ῑ·ιῗθ
525 4388 556 4441 ¹³·
570 4386 1280 4523 ί···“·.ἳ··3ι..ιὲἵιὲεθὲῗιέἵὶίιΐέίθί

84 4527 128 4581 28.
145 4526 218 4600 ἴσον]
232 4528 297 4586 ’ίσως
310 4529 342 4584 Β.

127 4629 198 4674 τοι.
215 4632 236 4675 1.
657 4631 678 4674 υ
694 4633 729 4691 υν
