3038 5018
279 293 342 357 706
580 288 619 352 Β.
643 286 852 350 CYRILLI
882 284 1172 350 ALEXANDR.
1299 282 1356 345 vii.
1369 297 1425 365 50,
1436 298 1483 363 51.

279 457 299 534 5
328 453 401 557 γὰρ
428 452 537 550 είδῶς,
566 455 672 559 φησὶ,
700 451 742 532 τὸ
771 453 913 551 θέλημα
942 458 1007 530 τοῦ
1036 450 1171 551 Κυρίου
1198 449 1325 543 αὐτοῦ,
1352 451 1413 524 καὶ
1439 445 1484 543 μή

199 553 207 578 ’
278 577 434 678 ποιήσας
453 576 648 679 δαρήσεται
665 574 824 660 πολλάς·
856 574 932 655 ὁδὲ
949 571 1000 675 μή
1019 573 1130 669 είδῶς,
1150 576 1209 653 καὶ
1232 568 1286 670 μὴ
1312 568 1483 668 ποιήσας,

279 700 473 804 δαρήσεται
492 701 631 803 ὀλίγας.
672 702 798 780 οὐκοῦν
817 699 942 779 εἰδέναι
960 698 1023 778 τὸν
1042 696 1152 797 νόμον
1169 694 1483 796 ὁμολογήσαντες,

279 827 380 904 αι’σοὶ
407 829 471 923 τῆς
498 825 614 903 αὐτῶν
638 824 816 906 ἀπειθείας
842 829 1052 925 κατηγορεῖν
1074 820 1266 923 ἐγνώκασι,
1287 823 1486 921 διαγελῶσι

250 946 318 1026 θδὲ
337 945 401 1028 τὸν
419 946 533 1052 ὄχλον
551 951 598 1030 ῶς
617 949 750 1044 ἀμαθῆ,
764 945 822 1026 διά
840 981 878 1025 τε
896 954 1003 1026 τοῦτο
1021 953 1095 1028 τοῖς
1112 953 1176 1024 τοῦ
1196 948 1373 1046 Σωτῆρος
1390 943 1510 1041 ήμῶνς

279 1070 592 1172 σεσαγηνευμένον
622 1070 815 1166 θαύμασιν·
862 1066 939 1149 εἶτα
968 1077 1042 1153 τοῖς
1070 1071 1108 1149 ἐκ
1140 1068 1250 1164 νόμου
1284 1064 1484 1169 διηγήμασι

278 1196 502 1291 μεταπείθειν
531 1196 594 1274 οῦκ
624 1193 775 1297 ἔχοντες,
803 1191 985 1295 ἀλαῷνως
1015 1193 1221 1296 ῦβρίφιυσιν
1249 1191 1484 1270 ἀπαιδεύτους

279 1317 510 1420 ὀνομάζοντες
528 1315 610 1400 τοῦς
633 1320 792 1416 ἑτοίμους
818 1323 866 1401 είς
892 1316 1055 1397 σύνεσιν.
1095 1324 1203 1396 τοῦτο
1226 1313 1301 1417 γὰρ
1326 1313 1412 1396 ἔθος
1435 1315 1483 1390 ἀεὶ

279 1449 353 1526 τοῖς
383 1448 454 1520 τῶν
484 1441 717 1521 διδασκάλων
745 1441 1010 1543 ἀμαθεστέροις,
1038 1447 1071 1521 οἱ
1100 1440 1210 1539 μηδὲν
1239 1438 1390 1543 ἔχοντες
1415 1441 1482 1514 τῶν

279 1565 500 1668 ζητουμένων
524 1571 643 1661 εἰπεῖν,
663 1567 787 1668 ὀργαῖς
813 1564 1071 1668 ἀποκρούοντες
1097 1571 1169 1643 τῶν
1188 1559 1478 1668 φιλοπευστοιίν·
1494 1598 1516 1639 ι·

278 1721 352 1767 των
376 1687 442 1788 τὴν
466 1690 660 1790 ἀκρίβειαν.
693 1689 889 1796 ἐπαράτους
917 1690 954 1769 δὲ
982 1686 1073 1769 εἷναί
1097 1693 1193 1794 φασι
1219 1684 1304 1772 τοῦς
1333 1685 1479 1767 πιστεῦ·

279 1845 395 1908 οντας,
414 1813 513 1891 αὐτοὶ
531 1814 614 1891 καθ’
636 1814 771 1892 έαυτῶν
791 1812 1007 1917 δικαιότερον
1026 1812 1070 1892 ἀν
1088 1823 1193 1892 τοῦτο
1212 1810 1335 1913 λε’γειν
1355 1813 1481 1889 ἀναπε-

278 1934 474 2033 πεισμένοι.
503 1934 545 2015 τὸ
564 1934 635 2038 γάρ
655 1933 832 2038 ἐπάρατον
851 1933 938 2016 εἶναι
955 1937 1019 2016 τὸν
1037 1939 1165 2034 ἀπειθῆ
1183 1934 1482 2039 πρεπωδέστερον

279 2056 334 2157 δὴ,
358 2058 518 2144 εἰπόντος
546 2067 610 2138 τοῦ
638 2059 832 2157 νομοθέτου
857 2066 1000 2166 σαφῶς,
1023 2064 1071 2144 ῶς
1096 2064 1175 2165 περὶ
1200 2057 1399 2166 προφήτου
1422 2067 1481 2139 τοῦ

111 2183 233 2315 ffi‘m
245 2197 267 2264 d
280 2187 447 2282 Σωτῆρος
468 2183 569 2281 ἡμῶν
587 2187 753 2284 Χριστοῦ
773 2193 794 2230 “
811 2187 883 2264 Καὶ
908 2184 1012 2264 ἔσται
1037 2183 1076 2269 δς
1102 2182 1148 2263 ἀν
1165 2182 1216 2282 μή
1241 2184 1390 2290 ἀκούσῃ
1414 2183 1482 2262 ὅσα
1495 2212 1519 2252 1·

20 2368 24 2379 ,
110 2325 234 2438 ἐσαρθ.
280 2316 301 2352 “
320 2304 366 2384 ἀν
384 2305 535 2411 λαλήσῃ
554 2308 574 2385 5
592 2304 781 2411 προφήτης
800 2309 928 2390 ἐκεῖνος
947 2310 1003 2388 ἐπὶ
1022 2313 1074 2414 τῷ
1093 2305 1243 2404 ὀνόματί
1257 2342 1343 2406 μου,
1360 2309 1483 2415 ἐξολο-

114 2405 162 2518 23¹?
176 2405 211 2439 m.
280 2440 301 2476 ‘⁴
320 2430 556 2532 θρευθήσεται
574 2464 597 2527 η
619 2427 723 2534 ψυχή
742 2429 854 2529 ἐκείνη
873 2434 911 2510 ἐκ
929 2440 993 2511 τοῦ
1012 2439 1103 2511 λαοῦ
1121 2429 1264 2530 αῦτῆς.”

228 2654 370 2728 msa
400 2653 483 2743 πρὸς
515 2654 633 2719 αὐτοὺς
664 2653 858 2736 Νικόδαμος,
885 2657 903 2723 ὁ
934 2655 1040 2722 ἐλθὼν
1068 2659 1150 2747 πρὸς
1180 2655 1279 2726 αὑτὸν
1308 2660 1484 2748 πρότερον,

164 2826 168 2836 -
227 2805 264 2866 51
331 2786 378 2856 εἷς
400 2789 447 2856 ὧν
466 2791 501 2858 ἒξ
524 2791 633 2857 αὐτῶν
650 2791 706 2856 Mt}
732 2792 750 2859 5
776 2795 874 2869 νόμος
900 2795 993 2872 ἡμῶν
1017 2795 1117 2886 κρίνει
1143 2797 1198 2863 τὸν
1221 2798 1404 2887 ἄνθρωπον
1428 2801 1484 2863 ἐὰν

330 2929 373 3004 ‚m
401 2929 525 3019 ἅκούση
554 2930 685 3018 πρῶτον
713 2929 785 3019 παρ’
814 2931 913 2996 αὐτοῦ
942 2931 994 2996 καί
1023 2935 1088 3016 τνῴ
1114 2933 1145 2998 τί
1171 2930 1279 3015 ποιεῖς

249 3147 267 3191 e
337 3117 395 3204 Εἷς
417 3116 483 3217 μὲν
502 3120 522 3198 5
542 3113 733 3225 Νικίδημος
757 3125 831 3198 τῶν
852 3118 1058 3221 ήγουμένων
1076 3123 1164 3218 ἐστὶ,
1182 3124 1241 3201 καὶ
1266 3129 1344 3207 τοῖς
1368 3121 1482 3226 ἀρχὴν

279 3249 459 3346 λαχοῦσιν
491 3243 701 3345 ἐναρίθμιος,
734 3240 833 3343 πλὴν
865 3246 931 3348 οὐχ
964 3242 1173 3346 ὁλοκλήρως
1205 3246 1369 3344 ἀπειθὴς,
1405 3246 1483 3326 οὐδὲ

279 3372 356 3447 ταῖς
385 3367 525 3445 ἐκείνων
553 3368 736 3451 ἀπονοίαις
769 3373 818 3450 είς
847 3366 945 3448 ἀπαυ
969 3367 1230 3467 ἁμιλλώμενος,
1259 3404 1480 3472 κατανενυγ·

279 3489 384 3587 μένος
417 3487 454 3568 δὲ
487 3491 565 3588 ἤδη,
596 3494 654 3568 καὶ
687 3491 875 3592 ἐλευθέραν
907 3491 973 3590 μέν
1005 3494 1103 3571 οὕτω
1134 3488 1200 3590 τήν
1233 3498 1282 3577 είς
1316 3494 1483 3595 Χριστὸν

279 3613 425 3715 ἀγάπην
452 3613 555 3717 ἔχων,
579 3610 679 3712 πλὴν
703 3615 818 3716 ήρέμα
844 3613 926 3698 τοῦς
953 3612 1025 3695 ἀπὸ
1053 3623 1117 3695 τοῦ
1147 3616 1355 3700 συνειδότος
1377 3617 1481 3720 ε’λέγ·
1495 3645 1519 3684 ²*

280 3771 367 3842 χους
399 3737 685 3834 δυσωπούμενος.
733 3737 787 3816 ὅτι
817 3736 888 3841 γάρ
921 3741 980 3817 καὶ
1013 3737 1071 3817 διὰ
1102 3738 1227 3824 νυκτὸς
1260 3737 1298 3818 δὲ
1333 3743 1484 3846 ἀφίκετο

279 3859 371 3962 πρὸς
399 3858 518 3958 αὐτὸν,
542 3864 600 3940 καὶ
628 3861 818 3961 ἐγνωκέναι
840 3868 972 3968 σαφῶς
993 3861 1276 3958 διεβεβαιάσατο
1305 3868 1357 3947 ῶς
1385 3863 1484 3970 παρὰ

283 3989 378 4063 Θεοῦ
422 4018 461 4062 τε
504 3983 579 4083 ήκει
620 3983 853 4082 διδάσκαλος,
897 3990 955 4064 καὶ
999 3988 1046 4069 ῶς
1088 3986 1200 4069 οὐδεὶς
1246 3981 1291 4063 ἀν
1339 3987 1484 4071 δύναιτο

280 4165 696 4311 ἇμάδῆπῃσιίιῶυθάιῶεδιιλδῶπὸ
710 4168 782 4293 Aug·
794 4168 1484 4309 ¹cnm(55:355!5¹55.invit⁴i5‘15550'5355Harffflwt‘.

512 4309 580 4366 ιιιτδς
592 4309 695 4381 Migne.
750 4327 792 4375 24.
805 4310 896 4364 ελευθέ
912 4333 942 4364 ον
953 4316 1000 4378 μὲν
1012 4321 1183 4382 assumptum
1196 4331 1228 4366 ex
1242 4312 1274 4366 B.
1333 4331 1378 4385 25.
1391 4319 1484 4374 τοῦς-

516 4387 543 4433 nt
555 4378 653 4451 Heyse.
666 4380 875 4452 τοῦ-ἐλέγχους
888 4333 920 4435 θ.
932 4382 1126 4453 τοῦ-ελέγχου
1140 4383 1188 4437 Ht.
1200 4382 1251 4438 Ed.
1365 4391 1412 4445 26.
1432 4386 1482 4460 ὅτι]

516 4447 536 4503 λδ
547 4451 692 4521 praemittit
705 4450 765 4514 Ed..
774 4452 864 4506 codice
876 4470 924 4521 pro
937 4470 1011 4507 more
1023 4462 1054 4506 ut
1066 4452 1120 4507 vid.
1130 4455 1276 4508 clausulam
1285 4454 1344 4526 jam
1357 4460 1484 4530 scriptam

516 4537 536 4575 ιι
555 4521 636 4576 verba
647 4521 729 4591 igitur
741 4521 833 4577 delevi.
883 4522 910 4576 δέ
924 4523 1034 4595 ἀφίκετο
1046 4522 1078 4577 Β.
1091 4523 1242 4596 είσαφίκετο
1257 4524 1307 4580 Ht.
1322 4526 1377 4583 Ed.
