3038 5018
250 268 313 332 120
552 269 591 335 B.
614 267 824 334 CYRILLI
853 268 1143 334 ALEXANDR.
1309 264 1330 330 i.
1347 285 1444 350 9,10.

250 432 357 538 χάριν
375 433 652 539 ὁμολογήσομεν
670 441 721 545 τῷ
739 434 804 536 τὴν
823 434 1026 515 ἀνάστασιν
1044 434 1127 534 ἡμῖν
1144 431 1446 540 ἐπαγγελλομένῳ

221 563 362 666 θΘεῷ,
393 560 589 644 ἀνανέωσις
607 559 678 664 γὰρ
696 560 865 664 τιμωρίας
883 557 926 641 τὸ
943 566 1095 663 πρᾶγμα
1114 559 1277 665 φαίνεται
1301 561 1359 637 καὶ
1382 564 1447 636 τοῦ

252 690 452 769 λυποῦντος
480 683 671 784 ἀνασκευὴ,
699 686 757 763 καὶ
784 689 812 762 εί
839 681 968 787 πικρόν
995 684 1107 763 παντί
1130 717 1182 790 τερ
1214 688 1378 784 φανεῖται
1405 679 1447 760 τό

253 804 468 909 κολάζεσθαι
495 805 627 911 μακρά·
667 805 829 913 χαλεπόν
851 808 921 910 ἀρα
947 810 1025 886 ἐστὶ
1054 804 1095 887 τό
1123 808 1341 885 ἀνίστασθαι
1369 805 1446 884 σαί-

251 965 349 1035 ματα
373 932 541 1035 τιμωρίας
565 928 670 1038 τάξιν
691 931 865 1036 ἐπέχοντα
890 938 967 1014 ταῖς
994 933 1135 1014 ἀθλίαις
1158 936 1307 1036 ψυχαῖς.
1347 928 1481 1017 ἀλλά5

252 1051 324 1152 μὴν
342 1057 390 1138 ὡς
409 1057 524 1158 δῶρον
542 1055 564 1154 ἡ
589 1053 701 1161 φύσις
725 1058 894 1134 ἀνανεοῦν
912 1060 959 1138 είς
976 1054 1143 1152 εὐθυμίαν
1160 1051 1226 1152 τὴν
1244 1051 1448 1132 ἀνάστασιν

253 1178 324 1282 ἔχει
340 1175 440 1281 παρά
453 1184 630 1281 Χριστοῦ.
663 1180 727 1259 οὐκ
744 1177 815 1282 ἀρα
832 1179 1004 1278 τιμωρίας
1021 1176 1153 1281 τρόπος
1172 1177 1194 1276 ή
1213 1175 1444 1273 σωμάτωσις.

309 1308 344 1383 θ.
373 1333 473 1381 Amo,
499 1304 565 1386 Ὠς
591 1301 756 1404 μεγάλην
778 1303 863 1403 ἡμῖν
884 1305 942 1380 καὶ
969 1301 1184 1405 τριπόθητον
1207 1297 1331 1402 ἑορτὴν
1352 1332 1444 1400 προ-

218 1423 402 1531 ᾱφητικός
431 1459 502 1506 που
530 1424 641 1526 λόγος
670 1424 982 1528 εὐαγγελιζόμενος
1014 1425 1186 1531 φαίνεται·
1226 1421 1446 1520 “Ἀναστή·

255 1560 277 1596 “
295 1582 423 1627 σονται
450 1546 521 1650 γάρ
548 1551 581 1628 οἱ
609 1552 734 1651 νεκροὶ,
760 1552 818 1629 καὶ
846 1547 1100 1651 ἐγερθήσονται
1128 1550 1162 1627 οἱ
1189 1549 1226 1626 ἐν
1253 1552 1327 1627 τοῖς
1354 1579 1444 1644 μνη·
1466 1583 1504 1624 ιο

255 1681 277 1718 “
294 1669 427 1770 μείοις”
457 1672 583 1778 φησίν.
637 1670 722 1750 ἀλλ’
751 1672 848 1775 εἴπερ
881 1668 926 1771 ἦν
960 1671 1069 1755 ὅντως
1101 1668 1286 1753 κολάσεως
1317 1669 1450 1773 τρόπος

254 1794 296 1875 τὸ
327 1798 590 1894 σωματωθῆναι
622 1795 686 1878 τὰς
717 1797 846 1878 ἀθλίας
876 1802 950 1874 τῶν
980 1794 1179 1897 ἀνθρώπων
1208 1791 1342 1899 φυχάς,
1373 1798 1451 1877 πῶς

255 1918 334 2023 οὐχὶ
360 1925 507 2015 μᾶλλον
533 1917 654 1999 ἐλύπει
682 1918 728 1999 τά
761 1926 906 2000 τοιαῦτα
936 1926 1034 2015 βοῶν
1063 1920 1082 1998 ό
1112 1916 1301 2024 προφήτης
1333 1920 1382 2000 ὡς
1411 1918 1451 1995 ε’κ

256 2046 375 2139 Θεοῦ;
417 2048 495 2125 πῶς
523 2040 561 2120 δὲ
591 2040 685 2127 ὅλως
713 2042 851 2143 ἀγαθὸν
878 2043 981 2123 ε’ίτται
1007 2043 1049 2122 τὸ
1082 2040 1259 2143 κήρυγμα,
1286 2046 1359 2121 τῶν
1386 2049 1451 2120 λυ-

254 2165 420 2246 πούντων
451 2165 544 2266 ἡμᾶς
576 2166 744 2272 εἶσφέρον
775 2165 842 2267 τήν
871 2165 1065 2267 διαμονήν;
1105 2167 1174 2246 ἔδει
1206 2165 1278 2269 γάρ
1307 2171 1452 2263 μᾶλλον
1468 2195 1506 2253 15

256 2293 376 2385 εἰπεῖν,
394 2287 490 2392 ε’ίπερ
515 2289 685 2384 ἐβούλετο
708 2289 789 2374 τούς
816 2291 860 2398 ἐξ
882 2291 1056 2395 ἁμαρτίας
1082 2288 1366 2389 σωματωθίντας
1390 2289 1448 2366 εὐ-

226 2413 419 2519 οφραίνειν
448 2413 530 2492 Οὐκ
557 2411 825 2513 ἀναστήσονται
852 2418 885 2495 οἱ
913 2419 1037 2518 νεκροὶ,
1063 2417 1250 2494 ἀπολεῖται
1278 2409 1317 2490 δὲ
1345 2415 1402 2490 καὶ
1429 2410 1452 2510 ἡ

85 1420 128 1470 Eu.
137 1419 205 1469 xxvi.

88 1501 126 1552 ¹9·

256 2538 320 2634 τῆς
338 2533 475 2638 σαρκός
495 2535 617 2640 φύσις.
661 2538 745 2615 ἀλλ’
765 2539 803 2616 ἐκ
822 2543 893 2617 τῶν
910 2540 1078 2618 ἐναντίων
1096 2537 1274 2643 εὐφραίνει
1296 2533 1362 2634 τήν
1379 2541 1453 2613 τιῦν

257 2655 438 2756 σωμάτων
466 2657 670 2739 ἀνάστασιν
696 2658 845 2740 ἔσεσθαι
874 2659 993 2762 λε’γων
1022 2658 1113 2739 κοτά
1136 2659 1318 2759 βούλησιν
1341 2664 1449 2738 Θεοῦ·

258 2785 315 2861 καὶ
333 2787 411 2867 πῶς
429 2779 544 2882 ἀνείη
563 2781 692 2865 λοιπὸν
709 2786 747 2863 ἐν
766 2781 951 2866 κολάσεως
969 2782 1069 2889 τάξει
1086 2783 1129 2862 τὸ
1147 2789 1257 2882 σῶμα
1274 2780 1366 2862 κατὰ
1387 2778 1509 2881 τήνου

257 2912 365 2984 τινῶν
400 2904 587 3003 ἀβουλίαν,
624 2908 680 3014 ἐφ’
719 2903 749 3016 ᾧ
784 2910 842 2987 καὶ
877 2907 976 3007 ἡμεῖς
1012 2905 1169 3007 ἡδόμεθα
1206 2909 1264 2986 καὶ
1301 2908 1321 2985 ὁ
1360 2904 1454 2990 Θεὸς

258 3029 413 3127 εὐδοκεῖ;

314 3188 337 3234 ι.
370 3183 469 3232 mmo,
497 3152 768 3258 Ἐπηγγείλατό
793 3189 865 3235 που
891 3152 985 3238 Θεὸς
1011 3152 1075 3234 τὸν
1097 3153 1270 3258 μακάριον
1293 3155 1456 3252 εὐλογῶν

257 3277 440 3383 Ἀβραὰμ,
463 3278 517 3358 ότι
544 3276 637 3359 κατά
663 3278 729 3377 τὴν
756 3282 996 3382 ἀναρίθμητον
1022 3286 1095 3358 τῶν
1123 3278 1285 3381 ἀστέρων
1311 3274 1458 3378 πληθύν

91 3382 156 3508 ξω·
171 3397 213 3431 ¹*
261 3400 362 3480 ἔσται
387 3400 429 3482 τό
454 3402 601 3504 σπέρμα
625 3403 745 3481 αὐτοῦ.
785 3406 813 3481 εί
839 3400 877 3482 δὲ
902 3402 1039 3503 ἀληθής
1065 3404 1085 3483 ό
1111 3401 1233 3502 λόγος,
1251 3401 1306 3481 ότι
1327 3412 1452 3500 πλημ·
1472 3440 1511 3499 25

93 3547 136 3602 82
150 3545 189 3601 A
231 3559 249 3599 a
260 3523 460 3624 μελήσασα
476 3523 548 3628 πρὸ
567 3525 736 3623 σώματος
755 3563 777 3626 η
800 3526 914 3632 ψυχή,
934 3530 992 3605 καὶ
1016 3533 1066 3610 είς
1092 3527 1237 3628 γῆνκαὶ
1263 3531 1310 3609 εἰς
1336 3523 1458 3628 σάρκα

261 3648 564 3749 κολασθησομένη
582 3650 767 3748 πέμπεται,
786 3648 983 3729 καταδίκων
1003 3649 1116 3754 ὄχλον
1134 3649 1198 3728 οὐκ
1217 3649 1352 3750 εὐγενῆ,
1366 3654 1454 3751 δρα-

260 3771 480 3854 πετευόντων
507 3781 571 3853 τοῦ
598 3776 746 3873 ἀγαθοῦ,
774 3778 825 3880 τῷ
852 3773 974 3881 δικαίιρ
1003 3771 1096 3857 Θεὸς
1123 3774 1374 3873 ἐπηγγείλατο,
1401 3775 1459 3852 καὶ

261 3898 340 4001 οὐχὶ
372 3901 517 3995 μᾶλλον
544 3897 709 3999 εὐλογίας
738 3898 891 4002 με’τοχον
918 3896 1075 3999 σπέρμα.
1123 3894 1223 3975 ἀλλά
1250 3894 1323 3994 μὴν
1351 3897 1456 3975 εὐλο-

261 4019 388 4122 γήσων
406 4019 470 4099 τὸν
487 4019 660 4123 Ἀβραάμ
675 4030 782 4101 τοῦτο
800 4019 898 4120 λε’γει
917 4023 936 4100 ό
956 4019 1062 4105 Θεός’
1092 4020 1239 4120 ἀπάσης
1257 4018 1328 4122 ἀρα
1346 4053 1456 4118 κατη-
1477 4054 1513 4110 3·

261 4146 384 4248 γορίας
403 4145 425 4244 ἡ
444 4150 517 4222 τῶν
534 4142 715 4242 σωμάτων
733 4142 966 4243 ἀπήλλακται
984 4143 1131 4246 γε’νεσις.

300 4379 322 4415 1.
341 4362 413 4431 ἡμῶν
426 4363 458 4417 Β.
534 4362 561 4419 6.
580 4362 785 4436 ὥς]εῖςΙ)οιρ.
867 4381 908 4418 10.
924 4364 1041 4436 γὰροιο.
1055 4364 1088 4418 Β.
1170 4382 1211 4420 11.
1228 4366 1385 4436 φησινιιοιε
1397 4364 1421 4416 οί
1434 4363 1462 4418 ἐν

262 4432 341 4486 ιτ.Β.
390 4432 469 4490 ὄντας
480 4432 511 4502 ἢν
522 4435 629 4490 inverso
640 4434 733 4490 ordine
746 4434 780 4490 Ε.
911 4450 955 4490 21.
973 4437 1055 4489 dom.
1068 4434 1101 4488 B.
1232 4452 1276 4506 23.
1293 4431 1357 4505 που]
1374 4435 1462 4498 ψκαὶ

264 4501 315 4556 Ed.
327 4503 412 4557 invito
425 4503 458 4558 B.
563 4522 605 4576 29.
623 4505 733 4577 μετέχον
745 4504 778 4560 Β.
827 4501 1099 4576 εὐλογήσω-λέγει]
1113 4504 1378 4576 ηῦλόγησεν-λέγων
1391 4503 1425 4560 Β.
