3038 5018
243 262 309 326 468
547 263 587 326 Β.
610 255 819 326 GYRILLI
848 260 1138 325 ALEXANDR.
1269 259 1312 323 vi.
1323 277 1376 345 32,
1389 276 1442 344 33.

244 424 425 505 Ἰουδαίων
446 424 661 533 ἀποθρέφαν
682 425 795 527 γένος,
814 423 1065 529 ἀναριθμήτων
1083 422 1197 504 ὄντων
1214 423 1353 526 ε’τέρων,
1370 427 1446 501 τῶν

212 532 316 628 δάνά
339 555 466 630 πᾶσαν
486 546 553 648 τὴν
575 548 781 648 οἰκουμένην
799 552 924 629 ἐθνῶν·
953 553 1012 629 καὶ
1037 548 1333 646 συνεσταλμένην
1350 547 1447 625 οὕτω

245 671 312 772 τὴν
331 673 608 777 φιλανθρωπίαν
625 673 849 775 ἐλογίσασθε
867 669 989 752 θέλειν
1007 671 1178 778 ἐπιδείξω
1197 669 1305 767 Θεὸν,
1327 672 1375 753 ὡς
1395 667 1448 748 ένῖ

246 798 305 876 καὶ
322 795 420 904 μόνης
439 800 519 904 λαῷ
536 799 741 900 χορηγῆσαι
758 794 910 901 τροφοῖς·
941 794 1047 875 τύποι
1063 792 1129 891 μὲν
1146 793 1218 896 γάρ
1240 795 1353 873 ε’κεῖνα
1372 796 1449 871 τῶν

245 919 495 1021 γενικωτέρων,
513 922 572 998 καὶ
595 922 660 1019 τῆς
684 917 843 998 καθόλου
867 917 1074 1023 φιλοτιμίας
1102 923 1151 1002 εἰς
1169 917 1211 997 τὸ
1229 913 1322 997 κατὰ
1339 914 1483 1017 μέροςο

245 1042 410 1148 ἐπίδειξις
434 1039 490 1141 ἦν,
514 1044 563 1127 ὡς
588 1043 627 1121 έν
650 1043 832 1147 ἀῤῥαβῶνι
860 1046 935 1126 τοῖς
962 1038 1239 1148 προειληφόσιν.
1277 1039 1363 1118 ἀλλ’
1387 1037 1450 1117 ἀτε

246 1167 310 1263 τῆς
334 1167 503 1264 ἀληθείας
526 1166 586 1245 ἐπὶ
610 1163 733 1267 θύραις
758 1165 843 1265 ἡμῖν
862 1166 882 1244 ὁ
908 1163 1039 1267 καιρὸς,
1058 1174 1072 1246 o‘
1094 1168 1210 1269 Πατήρ
1226 1200 1292 1268 μου
1310 1156 1450 1241 δίδωσιν

217 1292 321 1393 θάμῖν
339 1286 390 1368 τὶν
408 1287 500 1395 ἄρτοι
517 1287 582 1367 τῖιν
600 1287 645 1395 ἐξ
661 1291 796 1396 οὐρανοῦ,
815 1287 854 1374 ὃς
879 1286 938 1367 διά
962 1292 1026 1387 τῆς
1050 1296 1115 1368 τοῦ
1138 1286 1257 1387 μάννα
1274 1285 1450 1390 χορηγίας

246 1418 319 1495 τοῖς
338 1411 579 1516 ἀρχαιοτέροις
597 1415 646 1496 ὡς
664 1413 702 1490 έν
720 1418 839 1496 σκιαῖς
857 1409 1115 1518 κατεγράφετο.
1153 1409 1204 1510 μὴ
1230 1410 1302 1513 γὰρ
1326 1407 1371 1508 δή
1392 1442 1451 1492 τις

246 1534 389 1633 οἰέσθω,
408 1537 513 1641 φησὶ,
531 1535 609 1615 κατ’
629 1533 800 1635 ἀλήθειαν
824 1537 955 1615 ἐκεῖνον
982 1531 1071 1615 εἶναι
1098 1532 1162 1615 τάν
1186 1535 1297 1637 ἀρτον
1318 1533 1383 1613 τὸν
1404 1532 1453 1638 ἐξ
1465 1567 1506 1608 ιο

245 1659 406 1760 οὐρανοῦ,
424 1657 643 1739 κατανευέτω
668 1656 706 1739 δὲ
730 1664 875 1755 μᾶλλον
892 1659 1011 1766 ε’κείνιρ
1036 1656 1102 1757 τὴν
1119 1661 1264 1765 ψῆφον,
1285 1653 1383 1765 ᾧπερ
1401 1652 1449 1735 ἀν

246 1781 409 1890 φαίνοιτο
433 1781 576 1885 προσὸν
593 1779 636 1861 τὸ
660 1788 786 1862 πᾶσαν
804 1780 1018 1887 ἀποτρέψειν
1036 1781 1214 1862 δύνασθαι
1237 1780 1304 1881 τὴν
1324 1785 1444 1860 οῖκου·

244 1903 365 2005 μένην,
383 1909 441 1985 καῖ
461 1905 557 1990 ὅλως
573 1902 783 2010 χαρίζεσθαι
801 1913 849 2014 τῷ
873 1907 993 2015 κίτμῳ
1012 1903 1079 2005 τὴν
1098 1907 1187 2015 [miv.

305 2034 538 2109 Καταιτιοῖται
555 2029 675 2109 τοίνυν
693 2036 767 2113 τοῖς
784 2030 823 2108 έν
840 2027 943 2137 τάπιρ
961 2030 1208 2131 γεγενημένοις
1224 2063 1446 2133 προστεταγ-

246 2150 338 2255 γάτα
353 2151 418 2232 τδν
433 2153 617 2251 Ἰουδαῖον,
636 2155 694 2240 καῖ
713 2151 755 2232 τὸ
773 2153 813 2232 έκ
831 2156 895 2253 τῆς
912 2153 1082 2252 ἀληθείας
1105 2151 1243 2239 κάλλος
1265 2152 1450 2256 ἀναζητεῖν
1468 2188 1508 2248 15

211 2275 538 2378 ἅπαραιτοθμενον.
578 2274 624 2377 ἦν
641 2274 713 2378 γάρ
737 2276 801 2355 οὐκ
822 2278 932 2356 ἐκεῖνο
958 2275 1000 2357 τὸ
1025 2275 1143 2376 μα’ννα
1161 2277 1298 2379 κυρίως,
1316 2274 1404 2357 ἀλλ’
1423 2276 1450 2380 ἢ

245 2399 351 2484 αι’πδς
370 2403 390 2480 ὁ
410 2398 621 2501 Μονογενὴς
639 2408 703 2479 τοῦ
721 2404 818 2479 Θεοῦ
835 2398 968 2501 Λόγος,
987 2402 1008 2481 ὁ
1032 2402 1071 2480 ἐκ
1095 2405 1159 2500 τῆς
1186 2402 1312 2485 οὐσίας
1335 2402 1449 2507 ἐρχό-

243 2556 347 2623 μενος
372 2531 436 2603 τοῦ
460 2521 616 2626 Πατρδς,
637 2523 778 2626 ε’πείπερ
803 2525 882 2602 ε’στὶ
907 2523 999 2604 κατὰ
1025 2525 1186 2630 φάσινζ
1212 2524 1238 2622 ζ
1257 2523 1303 2605 τά
1326 2523 1453 2606 πάντα

245 2647 440 2750 ζωογονῶν.
486 2643 606 2745 ἐπειδὴ
636 2647 708 2751 γὰρ
736 2649 775 2726 ἐκ
803 2644 932 2750 ζῶντος
960 2649 1074 2754 ἀνέφυ
1103 2648 1259 2750 Πατρδς,
1286 2648 1356 2752 ζωὴ
1387 2654 1455 2730 καὶ

244 2769 351 2854 αὐτὸς
377 2767 470 2850 κατά
497 2768 612 2876 φύσιν
638 2771 728 2867 ε’στῖ,
754 2772 813 2851 καὶ
840 2771 983 2873 ε’πείπερ
1010 2771 1116 2876 ἔργον
1139 2777 1185 2878 τῇ
1212 2770 1304 2854 κατὰ
1330 2771 1455 2879 φύσιν
1470 2814 1509 2857 ιο

245 2892 317 2999 ζωῇ
344 2892 386 2973 τὸ
415 2893 605 2996 ζωοποιεῖν,
634 2895 798 2998 ζωοποιεῖ
821 2893 867 2975 τά
894 2893 1014 2975 πάντα
1041 2893 1213 2998 Χριστός.
1257 2896 1346 2999 ὅπερ
1374 2896 1455 3001 γάρ

245 3017 353 3120 ἀρτος
382 3018 466 3118 ἡμῖν
493 3020 515 3098 δ
545 3020 584 3098 ἐκ
615 3020 683 3121 γῆς
714 3018 926 3121 εὑρίσκεται,
954 3017 1020 3119 τὴν
1047 3021 1183 3118 ἀσθενῆ
1214 3024 1279 3119 τῆς
1309 3020 1456 3124 σαρκδς

246 3139 362 3247 φύσιν
380 3143 444 3220 οὑκ
462 3143 529 3222 ε’ὣν
546 3142 865 3247 καταφθείρεσθαι·
896 3149 1002 3221 τοῦτο
1023 3144 1082 3221 καὶ
1099 3139 1207 3227 αι’πδς
1223 3140 1281 3225 διά
1298 3147 1364 3244 τῆς
1383 3154 1455 3226 τοῦ

216 3266 458 3364 θΠνειίματος
490 3264 664 3368 ἐνεργείαις
699 3262 742 3344 τῖι
779 3271 919 3359 πνεῦμα
951 3265 1143 3368 ζωοποιεῖν,
1176 3270 1235 3347 καὶ
1267 3267 1309 3346 οὐ
1340 3267 1454 3373 μέχρι

246 3388 394 3486 τούτων,
411 3385 514 3467 ἀλλά
531 3391 590 3468 καὶ
608 3385 696 3468 αὐτὸ
714 3387 757 3468 τδ
774 3394 884 3486 σῶμα
901 3388 1065 3494 συνέχων
1082 3393 1131 3474 εὶς
1149 3390 1371 3494 ἀφθαρσίαν.
1468 3427 1507 3489 ²5

301 3509 450 3610 Ἐπειδὴ
469 3507 506 3590 δέ
524 3510 627 3616 ἅπαξ
642 3509 727 3610 ἡμῖν
744 3517 793 3596 εἰς
809 3510 873 3591 τὸν
887 3513 945 3593 ἐπὶ
961 3516 1013 3620 τῷ
1029 3509 1147 3611 μάννα
1165 3511 1280 3613 λόγον
1291 3513 1453 3618 ἐκτρέχει

246 3634 292 3713 τά
320 3635 541 3738 θεωρήματα,
560 3633 602 3714 τὸ
630 3642 769 3715 λυποῦν
794 3633 886 3715 κατά
912 3669 954 3737 γε
981 3633 1024 3716 τὸ
1052 3634 1143 3720 εῖκδς
1171 3635 1282 3734 οὐδὲν,
1303 3640 1364 3718 καὶ
1393 3640 1450 3720 ἐπ’

246 3759 341 3864 αὐτῷ
371 3792 405 3837 τι
437 3755 559 3863 βραχὺ
589 3757 932 3865 κατασκεψαμένους
960 3765 1079 3858 εἰπεῖν,
1107 3759 1152 3867 ἐξ
1179 3761 1297 3840 αὐτῶν
1322 3794 1449 3865 παρα·

244 3880 369 3965 θέντας
400 3887 473 3960 τῶν
503 3886 737 3960 Μωυσαίκῶν
764 3881 921 3976 βιβλίων
949 3881 1018 3961 ἀνά
1048 3881 1155 3985 μέρος
1187 3883 1233 3962 τά
1266 3880 1321 3964 ἐπ’
1350 3889 1454 3994 αὐτῷ

245 4004 487 4108 γεγραμμένα·
523 4007 616 4084 οὕτω
645 4000 717 4106 γάρ
745 4000 790 4083 ἀν
818 4007 876 4083 καὶ
908 4002 1182 4109 εάκρινεστάτην
1209 4005 1454 4107 ποιησάμενοι
1469 4047 1508 4106 3ο

282 4221 307 4275 3.
326 4206 450 4293 ἐπιδεῖξαι
465 4205 535 4260 ΒΙ)
549 4206 682 4274 ἀποδεῖξαι
698 4205 749 4259 Ed.
835 4224 863 4293 ρ.
883 4206 1065 4275 ὧςθῑδὴοω.
1081 4207 1113 4263 Β.
1215 4224 1255 4262 11.
1273 4207 1452 4338 «ararn'nffl

247 4297 404 4345 κατανεμετω
418 4286 524 4346 εοοροιῑ
537 4277 563 4331 D
577 4294 632 4347 mg.
645 4284 663 4306 ‘⁸
672 4277 704 4330 al.
718 4277 900 4345 κατανεμετω”
914 4275 966 4331 Ed.
979 4295 1035 4350 mg.
1140 4295 1181 4349 13.
1199 4278 1267 4336 ὅλως
1280 4278 1312 4333 Β.
1324 4281 1384 4353 ὅλῳ
1445 4324 1454 4338 .

250 4344 291 4397 16.
310 4346 324 4413 ἢ
338 4356 505 4416 assumptum
517 4364 549 4399 ex
565 4347 596 4400 B.
692 4363 734 4400 ιι.
754 4345 884 4418 ζωοποιεῖ]
903 4354 930 4410 ÷
946 4348 974 4401 δὲ
989 4347 1021 4402 Β.
1034 4348 1124 4404 invitis
1138 4348 1209 4403 Catt.
1299 4365 1345 4404 ιο.
1365 4354 1454 4408 dom.

247 4413 327 4467 Cord.
341 4417 454 4470 habeta.
500 4414 540 4487 ἐκ]
557 4419 681 4485 ι1-τῖγςιι.
724 4415 808 4487 φιῖσιν
819 4419 865 4485 τῆς
876 4419 974 4487 σαρκὸς
985 4419 1092 4474 inverso
1103 4417 1196 4474 ordine
1209 4417 1281 4472 Catt.
1357 4438 1453 4496 μγ(

247 4500 301 4536 om.
316 4484 347 4539 Β.
419 4488 460 4539 28.
479 4488 722 4560 κατασκεψομένους
736 4487 769 4543 Β.
780 4489 1022 4560 περισκεφαμένουι
1035 4489 1087 4546 Ed.
1159 4505 1201 4560 29.
1219 4487 1355 4546 έπάἀτοῦ
1368 4437 1406 4548 Β.
