3038 5018
71 303 181 392 αις.
245 301 302 370 ιιι
332 305 366 370 s.
390 303 645 373 ιοΑΝΝΕΜ.
691 308 786 376 mn.
809 310 870 380 1v.
914 311 1018 379 αις.
1042 310 1103 378 Ιυ.
1206 306 1269 376 575

72 470 267 572 ὁμολογίας
292 473 314 551 ὁ
339 469 482 577 τρόπος,
499 472 784 581 ἀξιεραστοτάτη
808 479 867 556 καὶ
890 475 1092 584 ύπερφερῆς
1115 478 1138 577 ῆ
1159 476 1267 557 σύνε-

71 628 142 678 σις.
177 597 218 674 ού
245 593 317 699 γάρ
344 595 389 696 δὴ
416 596 508 677 κατά
535 631 633 681 τινας
662 605 736 679 τῶν
762 599 1029 703 ἀμαθεστέρων,
1055 599 1078 702 ἢ
1107 604 1165 682 καὶ
1193 598 1269 680 κατ’

70 718 219 802 ἐκείνους
255 717 337 805 τούς
375 720 475 824 οίπερ
511 724 630 821 ἀπηνῆ
667 721 733 801 τὸν
764 730 829 805 τοῦ
862 726 1030 827 Σωτῆρος
1065 724 1271 805 ἀπεκάλουν

70 837 195 943 λόγον,
218 843 338 923 ὀπίσω
363 844 504 927 δικαίως
531 843 722 951 ἀπφχοντο
747 849 806 926 καὶ
829 847 1073 939 πεπτώκασιν,
1093 849 1174 927 οὔτε
1199 845 1271 947 μῆν

38 964 115 1071 5ἐξ
139 966 314 1073 ἐλαφρίας
342 966 649 1071 εύσυναρπιίστως
677 971 735 1049 ἐπὶ
764 968 807 1049 τὸ
836 970 1016 1051 πιστεύειν
1042 969 1266 1072 ἐκλήθησαν,

71 1090 409 1196 πληροφορηθέντες
445 1089 484 1171 δέ
519 1091 706 1195 πρότερον,
745 1096 805 1173 καὶ
839 1096 1050 1194 διακείμενοι
1090 1091 1182 1174 κατὰ
1225 1092 1299 1178 τδο

72 1210 216 1313 ἀληθὲς,
234 1212 288 1293 ὅτι
312 1213 482 1316 ῥημάτων
500 1213 566 1314 μέν
583 1215 764 1319 ζωοποιαῖν
781 1214 984 1318 ἀνάμεστος
1007 1215 1053 1318 ἦν
1075 1219 1097 1298 ὁ
1122 1251 1267 1318 μυστα·

72 1345 213 1441 γωγῶν,
242 1339 416 1440 οὐρανίων
443 1337 482 1419 δέ
509 1338 757 1439 παιδευμάτων
784 1339 987 1444 εἰσηγητής.
1029 1339 1205 1448 ἀσφαλῆς
1232 1337 1272 1421 δέ

72 1464 156 1542 λίαν
179 1463 202 1561 ῆ
226 1461 371 1563 τοιαύτη
396 1464 533 1549 πίστις·
563 1465 586 1564 ἡ
613 1463 650 1544 δέ
675 1466 743 1569 οὐχ
767 1467 879 1550 οὕτως
903 1465 1049 1571 ἔχουσα,
1070 1465 1202 1571 ῥᾳδίως
1226 1460 1272 1542 ἀν

19 1616 59 1659 ιο
73 1583 215 1669 εἰκότως
241 1589 300 1666 καὶ
327 1585 558 1685 ἀπυπτύοιτο,
582 1590 641 1666 καὶ
667 1587 766 1691 ῥίζαν
789 1589 854 1667 αύκ
882 1587 1017 1693 ἔχουσα
1043 1586 1110 1686 τῆν
1131 1598 1272 1692 πληρο-

74 1709 216 1815 φορίαν,
233 1707 446 1809 ἐτοιμότατα
472 1712 537 1810 τῆς
563 1711 756 1813 ἀνθρώπου
783 1711 937 1794 διανοίας
962 1711 1170 1815 ἐκτρίβεται.
1212 1713 1272 1791 καὶ

73 1840 162 1936 γοῦν
192 1830 298 1917 αὐτὸς
332 1835 370 1913 ἐν
402 1841 631 1938 παραβολαῖς
663 1837 683 1914 ὁ
717 1833 855 1939 Σωτὴρ,
888 1835 947 1916 ὅτε
979 1831 1062 1919 τούς
1093 1839 1175 1937 περὶ
1206 1842 1272 1916 τοῦ
1381 1870 1383 1874 “

74 1955 285 2059 σπείροντας
314 1958 463 2037 ἐποιεῖτο
495 1957 637 2059 λόγους,
666 1955 686 2039 δ
714 1955 754 2039 δέ
785 1957 913 2039 ἔπεσεν
940 1962 996 2039 ἐπὶ
1026 1960 1092 2058 τῆν
1118 1957 1268 2059 πέτραν,
1314 1969 1414 2086 Ψὲς

75 2082 180 2185 φησὶ,
214 2080 273 2158 καῖ
309 2080 360 2180 μὴ
397 2080 480 2186 ἐχον
511 2081 611 2185 ῥίζαν
639 2081 829 2189 ἐξηράνθη,
862 2080 996 2182 πέτραν
1028 2079 1116 2162 εἶναι
1154 2078 1272 2183 λε’γων
1314 2051 1402 2087 vm..

22 2235 61 2296 15
75 2208 352 2306 αἰνιγματωδῶς,
370 2213 455 2284 νοῦν
471 2202 536 2285 τὸν
554 2203 811 2306 ἀπεσκληκύτα
835 2207 893 2285 καί
915 2204 978 2286 τὸν
997 2205 1100 2312 ἅπαξ
1114 2207 1267 2308 ἔγκατα·
1283 2211 1307 2278 d

74 2325 257 2426 βληθεῖσα
292 2327 405 2430 λόγον
437 2329 633 2428 οὐδαμόθεν
665 2329 793 2435 ἔχοντα
826 2328 1113 2436 παραδέξασθαι.
1166 2337 1273 2409 τοῦτο

74 2448 145 2555 γὰρ
175 2449 219 2552 δὴ
253 2456 311 2533 καὶ
343 2453 560 2537 πεπονθότες
591 2455 631 2531 ἐκ
661 2456 806 2552 πολλῆς
836 2452 931 2555 ἄγαν
959 2455 1023 2551 τῆς
1052 2451 1206 2550 ἀμαθίας
1237 2454 1271 2531 οί

73 2574 225 2660 τάλανες
252 2576 416 2656 Ἰουδαῖοι
444 2586 466 2624 “
481 2574 709 2683 Διαῤῥῆξατε
736 2576 801 2659 τὰς
834 2579 978 2680 καρδίας
1009 2578 1107 2674 ὑμῶν
1134 2575 1193 2654 καὶ
1220 2570 1271 2675 μὴ
1315 2575 1414 2708 ζζλῑῐ

74 2713 97 2749 “
114 2701 161 2783 τὰ
188 2703 311 2802 ἱμάτια
340 2704 469 2803 ύμαῖν,”
500 2701 559 2783 διὰ
588 2707 652 2803 τῆς
681 2713 745 2784 τοῦ
775 2702 966 2811 προφήτου
996 2706 1120 2810 φωνῆς
1150 2701 1270 2783 ἐδιδά-

24 2859 221 2908 ιοσκοντο.
253 2826 362 2929 ’όνπερ
386 2825 458 2929 γὰρ
485 2826 619 2930 τρόπον
636 2824 708 2928 πρὸ
732 2830 796 2925 τῆς
819 2835 891 2907 τῶν
913 2826 1135 2930 σπερμάτων
1158 2858 1271 2905 κατα·

75 2954 202 3050 βολῆς,
237 2950 378 3057 ἀρότρῳ
415 2953 543 3054 χρῆναι
579 2949 910 3052 προανατέμνεσθαι
945 2949 1012 3047 τῆν
1049 2953 1118 3049 γῆν
1155 2951 1175 3028 ὃ
1210 2951 1276 3046 τῆς

75 3074 249 3175 γηπονίας
275 3073 517 3172 συμβουλεύει
548 3073 669 3172 νόμος·
710 3074 822 3158 οὕτως
850 3069 948 3171 οἶμαι
975 3076 1047 3151 δεῖν
1074 3068 1157 3155 τούς
1184 3068 1277 3172 πρὸς,

74 3198 262 3306 ἀνάληψιν
286 3198 390 3279 θείων
415 3198 534 3282 ἐόντας
561 3195 683 3299 λόγων
705 3195 1026 3299 προαναπτύσσειν
1043 3191 1179 3299 τρόπον
1195 3191 1276 3273 τινὰ

75 3329 153 3407 ταῖς
176 3329 225 3406 είς
249 3319 376 3406 αύτούς
401 3322 600 3419 ἐπιθυμίαις
624 3319 690 3419 τὴν
709 3321 869 3424 καρδίαν·
898 3318 1179 3423 παραδεχθέντες
1204 3316 1306 3420 γάρο

26 3475 64 3536 25
77 3449 180 3544 οὕτω,
201 3450 271 3548 γῆν
296 3443 421 3549 ὥσπερ
447 3445 528 3525 τινά
556 3442 788 3550 καρποφόρου
813 3445 1036 3522 ἀποτελοῦσι
1062 3438 1189 3547 φυχῆν
1209 3436 1276 3539 τῆν

77 3571 286 3652 ὠδίνουσαν.
327 3572 454 3650 ούκοιῖν
472 3570 511 3649 ἐν
528 3567 761 3674 πληροφορίᾳ
777 3567 935 3650 πίστεως
954 3564 1136 3670 ἑγιωκέναι
1160 3567 1277 3670 φασὶν

77 3698 110 3773 οῖ
128 3693 338 3799 σοφιύτατοι
355 3696 523 3794 μαθηταὶ,
543 3694 601 3771 καὶ
618 3687 709 3793 πρός
728 3724 768 3792 γε
788 3689 902 3798 τούτῳ
923 3695 1082 3792 θαρσεῖν,
1101 3693 1150 3772 ὡς
1171 3686 1277 3772 αύτδς

77 3815 130 3917 ε’ίη
153 3817 294 3922 Χριστλς
320 3826 335 3900 ί
358 3819 433 3904 Υἱός
457 3820 513 3898 τιῧ
531 3818 617 3897 Θεαῖ
644 3817 698 3896 τιιῖ
723 3813 851 3923 ζεῖντις.
883 3819 1012 3918 σοφῶς
1041 3812 1079 3893 δέ
1106 3813 1200 3910 λίαν,
1218 3814 1277 3892 καὶ

78 3938 142 4020 τὸν
177 3942 235 4019 ἐπὶ
271 3939 386 4047 τούτιρ
422 3940 535 4020 πάλιν
572 3935 824 4044 ἐξυφασμένον
854 3934 1014 4038 εύρῆσεις
1049 3931 1174 4038 λόγου·
1220 3936 1278 4014 καὶ

26 4104 66 4160 30
78 4063 250 4145 πιστεύειν
284 4062 356 4167 γάρ
391 4067 448 4144 καί
488 4060 668 4166 ἑγιωκεύαι
704 4062 817 4167 φασὶ,
853 4056 1125 4159 συνενεγκόντες
1166 4058 1278 4165 ἄμφω

117 4270 140 4305 1.
165 4250 298 4320 ὑπερφυὴς
311 4250 343 4304 Β.
404 4249 510 4307 σύνεσις
523 4251 556 4305 Β.
569 4255 587 4281 “
601 4247 764 4320 prudentia’'
777 4247 877 4316 Georg.
889 4245 1051 4369 Trazezunt.
1065 4244 1212 4300 συναίνεσις
1225 4243 1278 4300 Ed'.

80 4341 104 4377 2.
123 4345 193 4378 τινας
204 4332 230 4376 et
243 4321 257 4390 ῆ
270 4340 324 4376 om.
340 4321 372 4375 Β.
480 4336 504 4391 7.
522 4323 702 4391 μυσταγωγῶν
716 4318 747 4373 Β.
760 4318 933 4388 μυσταγωγὸς
970 4315 994 4369 d.
1106 4332 1146 4370 ιο.
1164 4313 1277 4368 ἀπεπτύ-

80 4417 123 4448 ετο
138 4394 169 4448 Β.
253 4410 293 4448 11.
312 4393 476 4463 ἐτοιμοτάτης
487 4409 536 4463 pro
549 4393 701 4460 ἐτοιμάτατα
712 4390 757 4458 τῆς
770 4387 803 4443 Β.
890 4403 931 4441 12.
950 4385 1065 4455 δΣωτῆρ
1078 4384 1106 4439 ἐν
1116 4387 1279 4455 παραβολαῖς

80 4466 185 4519 inverso
197 4464 289 4518 ordine
305 4463 336 4518 B.
445 4479 487 4518 οο.
506 4461 571 4534 πρὸ]
585 4463 645 4531 περὶ
659 4460 691 4515 B.
789 4458 833 4512 28.
852 4460 898 4517 τοῦ
910 4457 1003 4526 ζῶντος
1016 4465 1231 4528 αεαυωριαωαι
1245 4454 1278 4512 B.

81 4533 123 4607 δέ]
141 4542 168 4600 †
184 4539 261 4590 τοῖιτο
275 4535 307 4589 Β.
