3038 5018
94 287 115 351 i.
133 309 182 357 10.
282 291 339 357 IN
370 292 403 358 S.
427 291 681 359 JOANNEM.
728 292 823 357 LIB.
847 291 875 359 Ι.
920 290 1022 358 CAP.
1047 294 1108 358 IX.
1236 297 1298 360 129

94 452 254 566 ἔπε’κεινα
272 455 417 560 δρόμον,
429 457 613 562 κατέχωσε
630 457 818 564 ῥᾳθυμίαις
836 455 899 535 τὸν
918 455 1121 563 φωτισμὸν,
1135 457 1297 558 ἠμέλησε
1345 462 1468 591 ffimiv.

93 584 158 656 τοῦ
193 578 430 683 χαρίσματος,
464 581 552 684 ὅπερ
587 581 646 661 ἵνα
682 578 733 680 μὴ
769 577 890 677 πάθοι,
924 579 1049 687 νήφειν
1087 582 1107 660 ὁ
1146 586 1296 666 Παῦλος
1344 566 1464 644 mm

93 700 229 782 κελεύει
256 710 309 811 τῷ
335 703 448 811 οἰκείῳ
475 709 631 810 μαθητῇ·
672 701 773 783 οὐδὲν
796 704 859 783 οὖν
881 703 951 807 ἄρα
978 702 1070 808 πρὸς
1096 701 1139 785 τδ
1168 711 1247 810 φῶς
1274 707 1296 805 ἦ
1344 673 1367 722 5·

92 830 167 903 τῶν
185 828 442 931 φωτισθέντων
460 826 660 934 φαυλότης·
691 826 802 931 όνπερ
821 826 892 931 γὰρ
915 825 1051 931 τρόπον
1069 829 1210 933 ἀνίσχει
1231 829 1331 927 μὲνὶι

59 946 209 1028 ὕᾶποισι
227 958 292 1030 τοιῖ
310 951 415 1049 ἡλίου
432 948 475 1031 τὸ
494 957 583 1058 φῶς,
602 955 793 1058 ὠφελεῖται
817 949 855 1031 δὲ
879 949 982 1031 οὐδὲν
1001 953 1021 1030 ὁ
1039 951 1190 1058 τυφλὸς,
1208 953 1296 1033 ἀλλ’

92 1071 135 1149 ού
153 1070 212 1151 διὰ
229 1081 337 1154 τοῦτο
355 1079 419 1175 τῆς
437 1075 587 1174 ἡλιακῆς
604 1071 650 1154 οῖν
664 1072 823 1175 εὐλόγως
841 1072 1155 1177 κατηγορήσαιμεν
1172 1078 1297 1178 αὐγῆς,

92 1195 339 1296 αἰτιασόμεθα
366 1198 405 1279 δὲ
431 1205 578 1298 μᾶλλον
606 1197 648 1277 τὸ
676 1201 740 1296 τῆς
768 1196 888 1304 ὅψεως
915 1195 1043 1281 πόθος·
1083 1199 1105 1298 ἡ
1133 1197 1200 1295 μὲν
1224 1197 1297 1303 γὰρ

89 1316 313 1422 ἕφώτιζεν,ἡ
339 1320 377 1401 δὲ
403 1320 466 1401 τὸν
485 1318 678 1427 φωτισμὸν
697 1323 761 1400 οὐκ
779 1321 931 1424 ἐδεχετο·
964 1322 1077 1405 οὕτως
1102 1319 1200 1421 οἶμαι
1225 1326 1297 1402 δεῖν

91 1443 152 1519 καὶ
188 1444 248 1523 ε’πῖ
283 1452 348 1525 τοῦ
383 1450 614 1547 Μονογενοιῖς
650 1447 791 1545 ἐννοεῖν,
827 1445 881 1524 ότι
919 1451 998 1552 φῶς
1033 1444 1099 1544 μίν
1136 1449 1217 1526 ε’στι
1254 1444 1297 1526 τὸ

43 1600 78 1642 ιο
92 1566 267 1666 ἀληθινόν
286 1580 320 1680 .“
337 1571 387 1650 Ὀ
419 1568 457 1649 δὲ
493 1569 572 1654 θεὸς
604 1577 668 1650 τοῦ
700 1573 828 1653 αἰῶνος
860 1568 1021 1665 τούτου,”
1055 1567 1150 1649 καθὰ
1182 1572 1240 1649 καὶ
1277 1571 1297 1649 ὁ
1344 1563 1467 1690 JW'·

94 1689 244 1775 Παῦλός
272 1697 399 1798 φησιν,
427 1704 449 1741 “
467 1693 659 1800 ἐτύφλωσε
687 1691 733 1771 τὰ
763 1690 924 1792 νοήματα
956 1699 1029 1772 τῶν
1056 1693 1222 1773 ἀπίστων
1249 1699 1298 1778 είς

93 1822 116 1860 “
132 1810 176 1893 τό
203 1813 255 1914 μὴ
282 1815 444 1918 αὐγάσαι
470 1813 535 1897 τόν
563 1813 781 1918 φωτισμόν”
810 1819 848 1895 ἐν
876 1817 995 1900 αὐτοῖς
1028 1819 1092 1916 τῆς
1125 1817 1328 1919 γνώσεωςο

92 1945 158 2017 τοῦ
186 1943 295 2020 Θεοῦ.
338 1938 531 2048 τύφλωσιν
558 1940 602 2019 δί
625 1949 745 2048 φαμεν
771 1937 838 2039 τὴν
865 1941 903 2018 ἐν
930 1938 1069 2022 τούτοις
1096 1942 1298 2038 ὑποστῆναι

92 2059 157 2142 τὸν
175 2062 378 2166 ἄνθρωπον,
396 2065 460 2144 ούκ
485 2071 533 2148 είς
560 2061 764 2167 ὀλόκληρον
786 2071 849 2143 τοῦ
875 2061 998 2169 φωτὸς
1024 2064 1172 2167 ἐρημίαν
1190 2061 1294 2168 ε’ρχό·

42 2211 78 2272 ¹5
92 2213 213 2285 μενον·
261 2186 413 2292 σἰῖζεται
450 2187 521 2292 γὰρ
557 2190 596 2267 ἐν
632 2193 678 2291 τῇ
716 2185 828 2293 φύσει
864 2184 1009 2271 ποίντως
1045 2187 1067 2286 ἡ
1104 2184 1297 2272 θεόσδοτος

92 2307 254 2395 σύνεσις·
295 2313 381 2391 ἀλλ’
410 2317 459 2395 είς
486 2311 561 2418 ἕξιν
588 2309 838 2414 ἀμαθεστέραν
865 2309 1209 2409 κατασβεννύμενον,
1238 2312 1297 2391 καὶ

92 2439 170 2517 ταῖς
201 2436 259 2514 ε’πῖ
288 2433 335 2514 τὰ
364 2435 471 2540 χείρω
503 2441 751 2538 παρατροπαῖς
784 2430 1094 2541 καταμαραίνοντά
1124 2468 1202 2519 πως
1239 2438 1297 2514 καὶ

92 2558 339 2658 κατατήκοντα
365 2557 408 2639 τὸ
436 2562 499 2659 τῆς
526 2555 672 2662 χάριτος
699 2555 840 2662 μέτρον·
885 2555 944 2636 διά
971 2592 1027 2637 τοι
1054 2565 1162 2638 τοῦτο
1190 2561 1247 2638 καὶ
1277 2560 1297 2638 ό

92 2679 309 2788 σοφώτατος
333 2681 505 2790 μελῳδὸς,
525 2681 583 2761 ὅτε
608 2678 672 2762 τὸν
695 2690 856 2762 τοιοῦτον
880 2681 965 2781 ἡμῖν
988 2681 1180 2785 ἄνθρωπον
1203 2684 1296 2766 ὑπο·

43 2839 80 2880 20
92 2805 258 2908 κρίνεται,
288 2804 368 2886 τότε
399 2805 443 2905 δὴ
472 2807 530 2886 καὶ
560 2805 702 2890 δικαίως
733 2804 1044 2912 καταφωτίζεσθαι
1076 2812 1293 2909 παρακαλεῖ,

93 2926 212 3031 λέγων
231 2931 280 3013 ὡς
306 2928 398 3034 πρὸς
419 2928 516 3010 Θεόν
534 2940 556 2977 “
573 2928 840 3034 Ἀποκοῖλυφον
859 2926 943 3012 τοὺς
967 2929 1181 3039 ὀφθαλμούς
1207 2964 1292 3026 μου,
1307 2933 1422 3048 (1525st

94 3061 115 3098 ‘⁴
132 3056 192 3132 καὶ
224 3052 439 3153 κατανοήσω
476 3051 522 3133 τά
554 3049 740 3152 θαυμάσιοί
773 3086 843 3131 σου
879 3054 918 3132 ἐκ
949 3059 1013 3131 τοῖν
1046 3051 1157 3150 νόμου
1189 3053 1293 3132 σου·”
1342 3066 1380 3113 ¹8·

92 3184 115 3223 “
135 3173 263 3274 Νόμου
288 3176 359 3280 γὰρ
384 3183 432 3262 εῖς
456 3177 627 3277 βοήθειαν
647 3175 784 3272 ε’δωκε,”
804 3175 846 3254 τὸ
872 3181 966 3255 θεῖον
988 3178 1026 3255 ἐν
1048 3176 1133 3274 ἡμῖν
1154 3176 1291 3279 ἀναζω·
1339 3180 1441 3296 {³:⁹¹5st

91 3297 309 3403 πυρήσαντα
341 3307 431 3407 φῶς,
456 3304 515 3381 καὶ
544 3298 668 3403 ὥσπερ
701 3298 780 3380 τινὰ
808 3299 929 3400 λήμην
957 3306 1030 3378 τῶν
1057 3303 1122 3399 τῆς
1149 3302 1296 3401 καρδίας

43 3450 80 3508 ²5
93 3424 298 3530 ὀφθαλμοῖν
324 3426 579 3529 ἐκκαθαίρουτα
611 3423 675 3504 τὸν
702 3424 747 3532 ἐξ
775 3426 926 3529 ἀρχαίας
956 3424 1111 3523 ἀμαθίας
1140 3425 1293 3526 ἐπισκή-

93 3553 219 3654 ψαντα
245 3547 459 3649 σκοτισμόν.
501 3549 714 3654 ἀχαριστίας
741 3550 805 3629 οὖν
828 3546 904 3648 ἅμα
929 3552 987 3627 καὶ
1012 3549 1255 3650 ἀναισθησίας
1280 3558 1296 3631 ὁ

95 3673 224 3780 κόσμος
243 3675 281 3752 ἐν
298 3673 437 3757 τούτοις
455 3672 619 3771 ὑπομένει
637 3670 794 3778 γραφήν,
812 3674 870 3751 καὶ
888 3668 951 3751 τὸν
970 3676 1097 3751 οἰκεῖον
1111 3668 1297 3771 ἀγνοήσας

92 3794 356 3900 γενεσιουργδν,
371 3799 430 3877 καὶ
447 3792 512 3875 τόν
530 3798 568 3874 ἐκ
585 3802 649 3877 τοῦ
667 3795 897 3902 πεφωτίσθαι
917 3793 1055 3898 καρπὸν
1073 3795 1138 3874 ούκ
1156 3793 1297 3896 ἀγαθὸν

92 3920 279 4026 ἐπιδείξας,
311 3920 369 4000 ἵνα
405 3923 563 4026 φανῆται
600 3916 731 3999 λοιπὸν
765 3920 818 4000 ἐπ’
858 3919 954 4025 αὐτῷ
999 3919 1139 3998 κάκεῖνο
1181 3913 1323 3998 πύλινο

43 4079 81 4136 30
93 4042 237 4144 ἀληθὲς,
250 4042 293 4123 τὸ
312 4044 367 4149 ἐφ’
389 4047 473 4127 υῖοῖς
490 4039 645 4146 Ἰσραὴλ
664 4040 722 4121 διὰ
740 4045 964 4146 προφητικῆς
983 4037 1155 4148 ᾀδόμενον
1171 4043 1295 4145 φωνῆς

133 4334 156 4372 1.
174 4315 285 4387 ῥᾳθυμίᾳ
299 4316 332 4370 Β.
464 4333 491 4387 3.
510 4318 540 4370 τὸ
551 4315 636 4387 φῶςὴ
649 4313 712 4387 τῶν]
726 4337 756 4370 το
768 4315 866 4386 φωτίσι
879 4335 924 4368 τον
936 4313 999 4381 (sic)
1013 4312 1046 4367 B.
1184 4330 1224 4366 11.
1243 4317 1295 4366 τῶν

91 4386 234 4456 ἀνθρώπων
245 4392 296 4442 τῶν
307 4387 425 4443 ἀπίστων
437 4387 469 4441 Ε.
568 4403 609 4441 12.
618 4387 739 4458 Ιαι’νράσαι
754 4386 786 4440 Β.
799 4386 937 4456 διαυγάσοι
952 4383 1003 4438 Ed.
1098 4395 1140 4454 17.
1158 4380 1202 4452 τό]
1217 4383 1247 4435 τὸ
1262 4382 1294 4436 Β.

95 4459 137 4512 18.
154 4480 195 4512 τοι
207 4468 377 4529 asumptum
389 4476 422 4514 ex
436 4457 468 4512 B.
549 4474 591 4529 19·
608 4457 744 4528 ἄνθρωπον
755 4456 814 4526 ἡμῖν
825 4456 931 4512 inverso
943 4453 1036 4516 ordine
1051 4453 1083 4510 B.
1157 4469 1199 4509 τι.
1217 4475 1295 4507 κατα·

91 4531 188 4597 νόησον
200 4529 263 4598 (sic)
276 4528 309 4584 E.
417 4542 459 4599 27.
479 4529 523 4583 τόν
534 4546 589 4584 om.
604 4527 637 4585 B.

137 4632 206 4676 VOL.
225 4632 248 4676 1.
688 4632 703 4674 S
