3038 5018
267 262 310 327 62
464 308 466 313 -
570 265 608 332 B.
633 265 844 333 CYRILLI
873 265 1161 333 ALEXANDR.
1398 264 1420 330 i.
1435 284 1463 332 α.

267 425 326 506 ἵνα
361 424 572 526 διδάσκηται
606 431 690 532 παρ’
727 430 836 512 αῦτοῦ
870 428 937 531 τὴν
967 430 1148 530 βούλησιν
1180 437 1244 509 τοῦ
1276 434 1371 510 θεοῦ
1408 433 1466 509 καὶ

231 549 426 654 ᾱΠατρός·
458 559 524 634 ποῖ
537 586 625 634 ποτε
647 553 717 658 ἀρα
739 553 898 659 χωρήσει
922 554 1039 658 λέγων
1058 557 1078 636 ὁ
1099 560 1249 640 Παῦλος
1268 564 1291 603 “
1304 551 1467 656 Χριστὸς

267 683 291 722 “
308 678 405 756 θεοῦ
422 673 569 777 δυ’ναμις
587 682 646 758 καὶ
665 682 761 758 θεοῦ
780 679 897 784 σοφία
911 675 943 773 ;”
971 685 1049 764 πῶς
1072 676 1145 784 γάρ
1166 679 1246 758 ε’στι
1267 677 1385 783 σοφία
1402 684 1467 756 τοῦ

268 796 415 905 Πατρός
439 801 460 879 ό
481 797 580 899 Υἱὸς,
598 806 628 880 εί
652 803 787 908 σοφίας
813 801 983 907 ὑπάρχων
1001 801 1139 902 ἐπιδεὴς
1162 800 1205 882 τὸ
1230 799 1364 881 τέλειον
1380 801 1466 904 παρ’

266 922 387 1028 ε’τέρου
409 922 594 1025 κομίζεται,
614 923 672 1005 διὰ
695 932 759 1006 τοῦ
781 923 973 1024 μανθάνειν
995 922 1086 1029 ἀττερ
1111 927 1175 1006 οῦκ
1201 921 1274 1006 οἶδε
1299 920 1462 1024 δηλαδῆ;
1480 950 1498 1010 5

266 1044 289 1147 ἢ
308 1053 386 1134 τοῖς
404 1048 467 1128 οῦκ
485 1045 624 1150 ἀνάγκη
643 1052 771 1151 λέγειν,
790 1051 854 1130 οῦκ
872 1047 958 1130 εἶναι
981 1051 1119 1130 τελείαν
1136 1052 1174 1130 ἐν
1193 1055 1243 1158 τῷ
1263 1052 1382 1151 Πατρὶ
1400 1046 1468 1148 τὴν

266 1172 403 1278 σοφίαν
420 1172 553 1265 αῦτοῦ;
585 1175 642 1252 καὶ
666 1176 695 1251 εὶ
719 1173 835 1280 σοφίοι
860 1182 924 1253 τοῦ
944 1171 1090 1278 Πατρός
1115 1175 1215 1254 ε’στιν
1233 1176 1254 1253 ὁ
1272 1171 1370 1271 Υἱὸς,
1388 1176 1467 1256 πῶς

266 1292 312 1375 ἀν
329 1296 432 1399 ἑτέρα
450 1302 565 1376 νοοῖτο
583 1294 669 1399 παρ’
689 1295 798 1377 αῦτῦν
815 1298 838 1398 ἡ
856 1297 1060 1400 βοῦλησις;
1090 1293 1167 1400 ἀρα
1185 1295 1257 1399 γὰρ
1280 1297 1398 1399 λέγειν
1415 1293 1466 1395 μὴ

265 1419 303 1499 ε’ν
333 1417 450 1526 σοφίᾳ
481 1425 664 1501 τελεῖσθαι
695 1418 761 1520 τὴν
787 1422 970 1522 βούλησιν
999 1430 1063 1502 τοῦ
1093 1425 1189 1501 θεοῦ
1217 1422 1276 1500 καῖ
1307 1416 1463 1521 Πατρός.

235 1542 367 1623 eom&
390 1539 515 1642 πολλή
540 1577 594 1628 τις
616 1545 717 1624 ἐστὶν
734 1543 757 1644 ἡ
776 1547 812 1626 ἐν
830 1544 968 1629 τούτοις
986 1545 1147 1642 ἀσέβεια,
1166 1545 1223 1623 καὶ
1242 1540 1467 1647 πανταχόθεν
1483 1576 1517 1614 10

266 1666 287 1745 ό
306 1664 416 1769 λόγος
434 1664 476 1746 τὸ
495 1665 689 1775 δύσφημον
707 1667 790 1774 ἔχει.
832 1671 895 1750 οὐκ
921 1669 992 1773 ἀρα
1017 1673 1080 1770 τῆς
1104 1669 1189 1773 παρ’
1210 1665 1328 1771 ἑτέρου
1345 1671 1463 1765 μαθη·

266 1789 359 1874 τείας
386 1788 535 1895 μέτοχος
562 1788 613 1870 οῦν
640 1792 661 1872 ὁ
689 1790 777 1876 Υἱὸς
804 1789 875 1873 οἶδε
903 1791 950 1872 τά
977 1795 1014 1873 ἐν
1041 1799 1093 1899 τῷ
1121 1792 1197 1899 ίδίιρ
1224 1791 1353 1894 Πατρὶ,
1378 1788 1465 1869 ἀλλ’

98 1934 137 1985 Ib-
147 1934 172 1984 ii·
183 1947 220 1984 ιο.
266 1911 374 1998 αὐτὸς
400 1911 450 1993 ὢν
478 1915 498 1992 ὁ
527 1914 648 2017 Λόγος
678 1918 736 1996 καὶ
768 1917 791 2016 ἡ
819 1916 935 2024 σοφία
964 1918 1023 1996 καὶ
1055 1916 1077 2014 ἡ
1107 1914 1286 2014 βούλησις
1314 1924 1335 1962 “
1348 1910 1468 1994 πάντα

265 2046 289 2084 “
306 2039 430 2144 ἐρευνᾷ
454 2039 513 2116 καὶ
538 2036 585 2117 τά
608 2036 706 2140 βάθη
731 2047 796 2120 τοῦ
814 2039 948 2139 θεοῦ,”
968 2036 1061 2120 καθὰ
1086 2038 1291 2142 γε’γρατταί
1310 2071 1382 2119 που
1408 2039 1467 2118 καὶ

265 2167 345 2265 περὶ
363 2168 428 2241 τοῦ
447 2160 667 2260 Πνεῦματος.
1484 2179 1517 2239 15

98 2291 220 2356 Heb.i.3.
323 2314 423 2362 Λοοο.
452 2285 517 2368 Ὡς
551 2283 667 2365 εἰκόνα
696 2291 754 2365 καὶ
783 2290 992 2391 χαρακτῆρα
1022 2293 1087 2367 τοῦ
1117 2280 1264 2388 Πατρός
1295 2285 1464 2387 ἀπαρόλ·

267 2416 403 2487 λακτον
435 2407 668 2515 εἰσφέρουσιν
696 2408 780 2508 ἡμῖν
811 2408 875 2489 τὸν
903 2408 993 2490 Υίὸν
1023 2414 1060 2490 αἱ
1093 2414 1182 2490 θεῖαι
1215 2406 1366 2513 γραφαί·
1409 2410 1467 2487 καὶ

267 2527 373 2614 αὐτὸς
398 2530 442 2611 δέ
460 2566 531 2613 που
556 2536 673 2640 φησὶν
691 2534 712 2613 ὁ
732 2530 860 2638 Σωτήρ
878 2535 961 2613 “Ὀ
983 2530 1145 2638 ἑωρακὼς
1167 2530 1227 2632 ἐμὲ
1248 2530 1381 2634 ἑώρακε
1404 2529 1469 2612 τὸν

268 2665 290 2703 “
310 2654 492 2759 Πατέρα.”
526 2657 611 2736 ἀλλ’
631 2655 727 2759 ε’ίττερ
755 2656 847 2762 ἔχων
869 2658 980 2742 οὕτως
1009 2654 1214 2757 ὁμοιότητος
1241 2654 1333 2760 πρὸς
1359 2653 1469 2735 αὑτὸν

268 2778 332 2858 οῦκ
358 2774 451 2858 οἶδεν
472 2778 517 2884 ἐξ
539 2778 665 2860 ἑαυτοῦ
689 2776 736 2860 τά
759 2782 797 2861 ε’ν
816 2781 922 2889 αὐτῷ,
942 2784 1050 2861 δεῖται
1075 2781 1112 2861 δὲ
1138 2777 1264 2884 ὥσπερ
1289 2785 1362 2858 τῶν
1382 2779 1466 2882 παρ’
1484 2815 1517 2854 ιο

100 2921 196 2980 42A.
238 2901 388 3004 οὲτέρου
412 2900 640 3004 διηγημάτων
659 2907 707 2987 εῖς
730 2901 773 2984 τὸ
798 2911 935 3004 μαθεῖν·
967 2903 1042 3008 ἀρα
1067 2907 1124 2984 καὶ
1151 2902 1258 2984 αὐτὸν
1276 2905 1314 2983 ε’ν
1331 2902 1469 2986 τούτοις

268 3021 355 3105 εἶναι
370 3024 435 3105 τόν
455 3022 602 3130 Πατέρα
626 3025 786 3131 νομίζειν,
805 3027 902 3131 εἴπερ
927 3029 1028 3109 ἐστὶν
1046 3029 1084 3107 ἐν
1103 3024 1284 3127 ὁμοιότητι
1307 3033 1353 3132 τῇ
1377 3025 1469 3130 πρὸς

267 3148 331 3231 τὸν
349 3149 449 3248 ww,
469 3146 635 3250 δεήσεται
653 3149 692 3231 δὲ
710 3153 769 3230 καὶ
787 3151 895 3235 αὐτὸς
911 3159 977 3233 τοῦ
994 3150 1281 3255 διερμηνεῦοντος
1298 3150 1345 3230 τὰ
1361 3152 1400 3230 ἐν
1417 3157 1469 3258 τῷ

266 3272 460 3376 γεννήματα
487 3271 580 3381 κατά
605 3273 648 3353 τὸ
676 3271 811 3380 ἀφανὲς
839 3274 991 3375 κείμενα.
1030 3277 1089 3355 καὶ
1115 3274 1260 3378 γε’γονευ
1277 3275 1361 3376 ἡμῖν
1378 3273 1470 3377 πρὸς

266 3402 342 3480 τοῖς
370 3397 532 3477 ε’ντεῦθεν
558 3395 704 3481 ἀτόποις
734 3397 758 3497 ἡ
789 3396 867 3479 θεία
898 3398 1011 3504 φῦσις
1043 3402 1101 3478 καὶ
1134 3398 1281 3500 ἀγνοίας
1313 3394 1466 3497 δεκτική.
1485 3432 1517 3490 ²5

266 3516 386 3618 ἐπειδὴ
411 3516 449 3599 δὲ
469 3517 512 3599 τὸ
538 3520 631 3600 οὕτω
658 3527 804 3625 φρονεῖν
820 3519 962 3619 ἀσεβὲς,
981 3521 1162 3626 χωρητέον
1180 3523 1236 3601 ε’ττὶ
1256 3518 1302 3600 τὰ
1322 3555 1467 3624 πρεπω-

265 3638 429 3746 δέστερα·
458 3650 565 3723 τοῦτο
582 3641 714 3745 γὰρτὸ
732 3641 922 3749 συμφέρον
940 3646 1065 3748 ὁρᾶται
1084 3647 1142 3723 καὶ
1161 3639 1354 3749 χρήσιμον.

101 3776 213 3891 {gor-ii·
324 3794 425 3842 ιιιιΛο.
455 3775 478 3814 “
493 3763 653 3863 Πάυτα,”
673 3767 827 3872 φησὶνὸ
849 3764 1022 3870 μακάριος
1042 3771 1202 3864 Παῦλος,
1222 3776 1243 3813 “
1259 3764 1301 3846 τὸ
1320 3771 1471 3868 Πνεῦμα

98 3923 191 3976 lun.
233 3898 290 3971 b“
307 3889 431 3996 ἐρεῦνᾳ
456 3889 513 3968 καὶ
538 3885 585 3968 τά
608 3886 706 3990 βάθη
733 3896 798 3969 τοῦ
818 3891 949 3970 θεοῦ·”
987 3887 1078 3993 πρὸς
1103 3888 1147 3967 δέ
1166 3923 1209 3992 γε
1233 3889 1349 3996 τοότιρ
1367 3899 1389 3937 “
1404 3892 1471 3974 Τίς

269 4020 292 4056 “
310 4008 382 4115 γὰρ
407 4008 499 4092 οἶδεν
522 4009 723 4115 ἀνθρώπων
744 4011 789 4091 τὰ
814 4020 879 4092 τοῦ
904 4013 1112 4116 ἀνθρώπου,
1132 4017 1162 4092 εί
1187 4011 1238 4112 μὴ
1263 4012 1305 4093 τὸ
1330 4021 1471 4113 πνεῦμα
1485 4041 1517 4099 3<

267 4143 291 4180 “
307 4143 371 4215 τοῦ
390 4134 581 4238 ἀνθρώπου
605 4131 649 4216 τῦ
673 4137 710 4215 ἐν
728 4136 824 4244 αὐτῷ
835 4168 846 4233 ;
880 4137 974 4217 οῦτα
999 4140 1058 4217 καὶ
1083 4134 1128 4216 τὰ
1153 4144 1217 4216 τοῦ
1237 4141 1332 4217 θεοῦ
1358 4137 1470 4220 οὐδεὶς

101 556 112 592 1
123 543 181 595 οος.
193 544 209 595 i.

101 623 140 675 ²4·

98 2527 170 2607 lpfrt

98 2610 150 2647 nv.
163 2610 187 2662 9.

323 4391 331 4405 .
480 4355 519 4424 οφ
599 4395 606 4409 .
744 4354 770 4409 8.
788 4355 849 4426 παρ’
862 4355 941 4426 αὐτὴν
954 4355 986 4412 Ε.
1126 4372 1166 4410 10.
1185 4355 1213 4410 ἕν
1225 4354 1325 4412 τοῦτοις
1336 4355 1352 4423 ἡ
1365 4356 1470 4411 inverso

317 4423 323 4432 ’
399 4462 406 4476 ·
434 4493 440 4503 ι
562 4441 602 4496 13.
620 4423 751 4494 βοῦλησις
776 4427 861 4496 βουλὴ
874 4425 908 4480 Ε.
1064 4440 1104 4497 17.
1122 4429 1149 4480 σί
1161 4426 1228 4480 θεῖαι
1240 4427 1341 4500 γραφαὶ
1352 4427 1399 4481 τὸν
1410 4427 1472 4482 ww

516 4533 524 4549 .
632 4512 676 4551 22.
695 4517 725 4552 νο
768 4495 817 4567 ειν]
830 4495 963 4567 ὀνομάζειν
976 4496 1009 4553 Β.
1058 4494 1201 4569 τῇ]τᾲΕ.
