3038 5018
395 293 452 358 IN
482 295 516 360 S.
540 294 561 358 J
567 295 795 362 OANNEM.
841 295 935 360 LIB.
960 296 987 360 1.
1249 297 1289 361 13

88 457 284 562 θεοπρεπὲς
308 458 460 567 ἀξίωμα,
478 458 739 568 δυσεκφῶνητοί
766 496 804 542 τε
832 465 891 543 καὶ
919 461 1010 565 πρὸς
1035 459 1077 542 τὸ
1100 464 1289 565 ε’κτρανοῦ-

87 587 177 662 σθαι
194 583 438 688 χαλεπώτατα
455 583 502 664 τοὶ
518 589 583 684 τῆς
601 586 696 669 θείας
714 585 860 691 φύσεως
877 584 960 667 ἴδια.

142 705 292 806 Ἐπειδὴ
316 705 355 786 δὲ
379 705 425 808 ἧν
446 710 640 809 ἀναγκαῖον
660 706 795 812 τρόπον
813 707 893 788 τινὰ
918 714 1086 814 σπιθαμῇ
1110 711 1288 812 μετρῆσαι

86 827 153 907 τὸν
184 827 346 932 οὐρανὸν,
379 833 438 910 καὶ
469 838 544 915 τοῖς
575 833 711 934 ὀλίγοις
743 835 807 931 τῆς
838 831 1111 935 ἁνθροπτότητος
1148 832 1288 934 μέτροις

54 952 280 1058 5ἐπιτρόγαι
297 960 425 1057 χωρεῖν
443 956 501 1034 ἐπὶ
517 952 564 1034 τὰ
581 960 673 1034 πᾶσι
692 954 892 1061 δυσίφικτά
908 990 947 1035 τε
968 958 1026 1035 καὶ
1048 954 1284 1058 δυσδιίγγητα,

89 1076 148 1156 ἵνα
174 1074 226 1177 μὴ
254 1083 328 1162 τοῖς
355 1078 738 1181 ἔτεροδιδασκαλοῦσιν
765 1080 786 1159 ὁ
814 1078 904 1159 κατὰ
932 1085 1005 1158 τῶν
1030 1079 1289 1181 ἁπλουστέρων

89 1200 354 1300 ἐκπλατύνηται
376 1200 516 1302 δρόμος,
538 1204 586 1285 ὡς
610 1203 771 1302 οὐδεμιᾶς
796 1209 868 1282 τῶν
887 1203 999 1305 ἁγίων
1019 1205 1151 1307 φωνῆς,
1170 1201 1205 1281 οἳ
1229 1207 1318 1281 καὶο

90 1333 112 1370 “
130 1321 305 1404 αι’ττόπται
328 1327 387 1404 καὶ
413 1323 583 1428 ὑπηρέται
605 1332 670 1405 τοῦ
693 1323 829 1428 λόγου”
850 1323 1035 1427 γεγόνασι,
1053 1331 1130 1409 ταῖς
1147 1325 1287 1405 ε’κείνων
1331 1327 1434 1442 fflw·

89 1445 404 1548 παραποδιζοόσης
436 1449 645 1545 κακονοίαις,
677 1448 817 1552 ἔρχεται
849 1446 974 1551 δριμὺς
1005 1448 1058 1527 ἐπ’
1092 1445 1179 1527 αι’ττδ
1214 1454 1287 1527 τῶν

45 1601 78 1643 ιο
91 1568 196 1648 θείων
232 1569 421 1671 δογμάτων
452 1567 494 1650 τὸ
527 1569 754 1673 κυριώτατον,
783 1581 804 1619 “
819 1572 886 1650 Ἐν
915 1573 1021 1675 ἀρχῇ,
1051 1576 1160 1667 βοῶν,
1189 1566 1234 1668 ἦν
1266 1572 1287 1648 ὁ
1332 1584 1430 1702 ξνξηί

91 1701 113 1739 “
132 1690 264 1793 Λόγος,
292 1696 350 1772 καὶ
379 1696 400 1772 ὁ
428 1692 548 1796 Λόγος
574 1691 620 1793 ἦν
646 1691 737 1796 πρὸς
764 1691 959 1791 τὸνθεόν,
987 1695 1045 1772 καὶ
1074 1690 1168 1777 Θεὸς
1194 1691 1239 1792 ἦν
1267 1695 1287 1773 ὁ
1350 1687 1357 1709 ’
1385 1686 1393 1702 ’

92 1825 115 1862 “
133 1813 265 1916 Λόγος·
296 1816 398 1900 οὗτος
415 1815 460 1916 ἦν
478 1819 515 1897 ἐν
530 1820 623 1922 ἀρχῇ
640 1815 732 1919 πρὸς
748 1814 813 1896 τὸν
826 1813 956 1896 Θεόν.”
986 1820 1114 1922 χρῆναι
1135 1815 1173 1895 δὲ
1191 1812 1288 1916 οἶμαι

92 1936 173 2023 τοὺς
202 1945 277 2023 τοῖς
304 1944 408 2042 ἱεροῖς
436 1941 649 2038 ὁμιλοῦντας
679 1939 870 2041 γράμμασι
902 1938 983 2023 τούς
1013 1939 1111 2042 παρὰ
1143 1938 1289 2020 πάντων

92 2062 309 2162 προσίεσθαι
326 2061 469 2164 λόγους,
488 2063 589 2166 οἵπερ
607 2060 652 2141 ἂν
670 2059 738 2142 εἶεν
755 2063 864 2142 καλοί
878 2096 918 2142 τε
935 2064 993 2141 καὶ
1011 2063 1150 2162 ἀγαθοὶ,
1169 2065 1227 2143 καὶ
1245 2062 1288 2142 τὸ

45 2216 79 2278 ¹⁵
93 2182 237 2281 βλάβος
262 2185 401 2290 ἔχοντες
425 2183 537 2266 οὐδέν·
571 2188 664 2266 οὕτω
692 2183 762 2288 γὰρ
787 2182 833 2264 ἂν
850 2184 896 2264 τὰ
916 2183 1015 2286 παρὰ
1039 2191 1113 2268 τοῖς
1133 2192 1318 2269 πολλοῖςα
1380 2205 1456 2263 ΒΔ.

92 2309 264 2392 ποικίλως
290 2308 534 2413 τεθεωρημεόια
564 2306 656 2389 κατὰ
684 2306 815 2388 ταυτὸν
841 2308 1118 2411 καταγείροντες,
1149 2309 1208 2387 καὶ
1239 2312 1289 2392 είς

92 2432 154 2511 ἕνα
178 2432 475 2540 συνεισφέροντες
496 2430 639 2513 σκοπὸν
656 2434 714 2512 καὶ
740 2439 822 2512 νοῦν
840 2437 888 2515 εἰς
912 2429 1025 2512 καλὸν
1042 2428 1288 2531 ἀναβήσονται

90 2559 154 2652 τῆς
177 2554 347 2656 γνώσεως
369 2554 511 2658 με’τρον,
533 2559 592 2636 καὶ
616 2554 682 2655 τὴν
701 2552 843 2658 ἐργάτιν
862 2557 920 2634 καὶ
944 2552 1068 2660 σοφὴν
1085 2554 1286 2652 ἀπομιμού-

90 2711 189 2775 μενοι
208 2674 390 2776 με’λιτταν,
400 2675 448 2757 τὰ
464 2679 599 2780 γλυκέα
616 2686 681 2759 τοῦ
697 2678 906 2777 Πνεύματος
924 2678 1028 2779 κηρία
1046 2674 1285 2784 συμπήξειαν.

45 2831 80 2873 ιο
92 2800 189 2905 φασὶ
219 2802 337 2881 τοίνυν
363 2808 437 2882 τῶν
467 2799 773 2906 φιλοπονωτότων
799 2799 900 2898 τινές,
929 2803 977 2885 ὡς
1008 2798 1098 2897 μετὰ
1129 2799 1193 2881 τὸν
1223 2809 1288 2881 τοῦ

93 2927 261 3026 Σωτῆρος
278 2924 379 3024 ἡμῶν
397 2923 557 3030 σταυρὸν
576 2931 632 3004 καὶ
650 2922 716 3024 τὴν
735 2929 783 3008 εὶς
800 2921 969 3027 οὐρανοὺς
987 2922 1128 3020 ἄνοδον,
1149 2928 1286 3029 ψευδο·

91 3046 256 3145 ποιμένες
282 3049 341 3127 καὶ
365 3047 696 3154 ψευδοδιδάσκαλοί
717 3082 809 3132 τινες
833 3047 964 3150 θηρίων
986 3045 1170 3126 ἀτιθάσων
1188 3049 1289 3146 δίκην

91 3174 166 3253 τοῖς
184 3177 249 3249 τοῦ
268 3174 435 3274 Σωτῆρος
455 3169 727 3254 ἐπεισπεσόντες
749 3171 924 3269 ποιμνίοις
945 3169 1228 3270 τεθορυβῆκασιν
1246 3171 1288 3249 οὐ

78 3297 238 3393 μικρῶς,
266 3289 373 3372 “οἰπδ
400 3295 546 3395 καρδίας
572 3293 690 3373 αὐτῶν
717 3300 924 3390 λαλοῦντες,
952 3291 1045 3372 καθὰ
1076 3290 1448 3420 γε’γροπταιβιξειξ·16

45 3445 80 3506 ²5
93 3425 116 3462 “
133 3417 194 3494 καὶ
219 3415 283 3495 οὐκ
306 3414 378 3496 ἀπὸ
402 3414 584 3510 στόματος
612 3417 776 3519 Κυρίου,”
797 3413 997 3516 μᾶλλονδὲ
1021 3417 1085 3495 οὐκ
1111 3417 1149 3495 ἐκ
1177 3410 1289 3514 μόνης
1397 3408 1403 3421 ’
1449 3404 1456 3420 ’

92 3541 158 3635 τῆς
175 3540 310 3618 ἑαυτῶν
327 3541 483 3641 καρδίας,
501 3539 586 3617 ἀλλ’
607 3540 646 3617 ἐκ
664 3536 892 3640 διδαγμότων
910 3544 975 3616 τοῦ
995 3538 1121 3618 οἰκείου
1142 3537 1288 3642 πατρὸς,

91 3668 157 3740 τοῦ
182 3657 356 3753 διαβόλου
381 3660 531 3762 δηλαδή.
573 3666 604 3741 εί
621 3659 693 3764 γὰρ
710 3661 822 3742 οὐδεὶς
844 3659 989 3739 δύναται
1011 3665 1120 3740 εἰπεῖν
1139 3671 1160 3709 “
1173 3658 1285 3740 Ἀνά-

92 3793 115 3830 “
134 3790 227 3881 θεμα
244 3783 406 3884 Ἰησοῦς”
421 3791 451 3865 εὶ
467 3780 519 3882 μὴ
538 3784 576 3862 ἐν
593 3781 819 3884 βεελζεβοὺλ,
834 3788 911 3865 πῶς
928 3783 993 3862 οὐκ
1011 3781 1149 3884 ἀληθὴς
1166 3784 1250 3880 ἡμῖν
1268 3785 1288 3863 ὁ

91 3909 175 4009 περὶ
192 3905 328 3987 τούτων
339 3905 541 4012 ὀφθήσεται
559 3904 693 4009 λόγοςς
716 3906 797 3985 τίνα
814 3907 933 3985 τοίνυν
946 3908 1046 3985 ἐστὶν
1059 3904 1151 4007 ἅπερ
1167 3907 1291 3985 ἐκεῖνοι

1333 704 1375 756 En
1389 707 1425 760 xl.

1334 783 1374 824 ιι.

1336 3656 1416 3734 lpor.

1334 3737 1378 3772 ιιι.
1393 3735 1417 3783 3.

132 4124 157 4162 2.
175 4107 246 4162 θείας
257 4123 348 4161 mum
367 4117 426 4163 tum
438 4126 471 4163 ex
484 4107 518 4163 Β.
647 4121 674 4179 5.
692 4130 720 4162 τε
732 4117 902 4180 assumptum
914 4125 947 4163 ex
961 4107 993 4162 Β.
1117 4106 1143 4161 6.
1161 4108 1243 4161 dom.
1258 4107 1291 4162 B.

96 4191 123 4250 7.
142 4175 323 4231 ίκπλοτόνιται
362 4217 369 4232 .
464 4194 505 4233 10.
524 4179 690 4248 καιριώτατον
702 4177 735 4232 Β.
783 4181 854 4244 βοῶν
864 4177 965 4232 habent
977 4175 1083 4231 Bm.
1178 4189 1219 4248 15.
1237 4180 1292 4233 τοῖς

93 4265 149 4303 om.
162 4247 195 4301 B.
418 4246 460 4303 16.
478 4247 542 4302 κοτδ
553 4249 646 4303 ταυτδν
657 4248 848 4318 κοταγείροντες
859 4256 886 4301 et
897 4247 996 4302 σκοπὸν
1008 4247 1049 4299 καὶ
1061 4253 1199 4318 assumpta
1210 4265 1243 4300 ex
1256 4245 1290 4301 Β.

99 4318 140 4372 18.
157 4318 204 4386 τῆς
215 4334 270 4372 om.
284 4317 317 4372 Β.
370 4317 474 4389 ίργθτιν
486 4317 519 4372 Β.
533 4317 636 4388 Migne.
649 4317 758 4388 ἐργάτην
769 4317 822 4373 Ed.
874 4315 1059 4384 θπομιμοῦνται
1070 4314 1192 4385 μίλιτταν
1203 4317 1244 4369 καὶ
1257 4315 1291 4370 Β.

97 4404 140 4459 23.
159 4388 326 4471 ἐπιπεσόντες
339 4387 372 4441 Β.
576 4399 618 4464 25.
637 4387 682 4440 οὐκ
694 4388 739 4442 alt.
752 4395 920 4456 assumptum
934 4386 1008 4456 (post
1021 4384 1126 4457 Migne)
1139 4404 1171 4441 ex
1184 4384 1292 4440 Β.Ι).Β.

96 4507 139 4561 2⁶.
159 4471 362 4576 dammae
374 4506 407 4561 B.
480 4491 925 4576 28.·1‚,0012213.n.n.³1»,a00ffl.
997 4521 1040 4576 29.
1058 4503 1208 4578 οφηση..
1222 4504 1255 4558 ο.
