3038 5018
81 306 190 374 vi.68.
255 308 315 374 IN
344 309 377 376 S.
402 307 657 376 JOANNEM.
701 305 881 373 LIB.IV.
925 304 1112 370 cAP.1v.
1215 303 1277 366 571

81 481 185 570 βεται
216 481 289 554 τῶν
316 475 482 554 ἐναντίων
510 474 719 575 ήδύναμις·
761 471 855 553 “Τιί
883 470 954 571 γὰρ
983 470 1081 549 ὅπλα
1108 468 1209 567 ἡμῶν
1237 466 1279 544 ού
1325 469 1408 599 ΞΙΟΟΓ·
1421 483 1446 515 ¹·

81 607 105 650 ‘⁶
123 596 290 701 σαρκικὰ,
315 596 406 678 κατοί
432 595 496 678 τὸν
516 604 678 694 Παῦλον,
701 594 803 677 ἀλλὰ
831 591 965 677 δυνατὰ
992 601 1043 702 τῷ
1066 593 1185 698 Θεῲ.”
1225 590 1280 670 ὅτι

84 721 122 803 δέ
139 730 213 810 τοῖς
236 722 350 824 ἁγίοις
374 724 553 828 ἐποχεῖται
577 721 712 826 τρόπον
730 719 811 801 τινοί
834 722 893 800 καί
917 718 1086 799 ἐπίκειται
1102 714 1316 817 Χριστὸς,τ1

84 853 258 953 σαφηνιεῖ
275 845 340 945 μέν
359 845 478 948 λε’γων
497 849 555 926 καί
574 849 594 926 ὁ
617 843 808 951 προφήτης
825 840 1043 943 Ἀμβακούμ
1061 852 1083 889 “
1095 839 1183 920 Ὅτι
1207 842 1283 920 ε’πι-
1328 849 1396 965 811²b·
1409 848 1444 897 ῑῑῐ·

52 981 108 1057 5“
125 969 227 1075 βήσῃ
246 973 303 1052 ε’πί
321 969 403 1056 τοὺς
420 972 552 1056 ἵππους
570 1004 654 1067 σου,
674 975 732 1049 καί
757 971 780 1068 ἡ
805 968 964 1049 ἰππασία
988 1001 1059 1046 σου
1083 960 1280 1067 σωτηρία·”
1347 953 1352 965 ’

87 1093 221 1201 διδάξει
239 1094 277 1174 δέ
295 1095 396 1174 ούδέυ
414 1095 522 1195 ἧττον
541 1098 599 1175 καί
617 1093 722 1177 αύτὸς
741 1097 761 1174 ὁ
782 1097 911 1194 Σωτήρ
929 1090 1019 1194 πρὸς
1038 1090 1101 1169 τὸν
1113 1089 1285 1168 Ἀνανίαν

86 1220 249 1321 περὶτοῦ
270 1217 421 1299 Παύλου
446 1219 565 1320 λέγων
581 1229 603 1266 “
619 1217 789 1319 Πορεύου,
807 1216 863 1297 ότι
884 1223 1014 1300 σκεῦος
1038 1216 1191 1314 ἐκλογῆς
1215 1245 1285 1311 μου
1331 1214 1451 1346 m?-

87 1351 109 1388 “
127 1344 227 1421 ἐστὶν
246 1341 349 1426 οὗτος
371 1350 434 1421 τοῦ
459 1340 650 1436 βαστάσαι
675 1337 717 1420 τὸ
741 1336 855 1439 ἄνομά
878 1373 949 1438 μου
973 1336 1122 1419 ἐνώπιον
1139 1333 1287 1417 πάντων
1334 1360 1373 1410 15·

87 1474 111 1513 ‘⁴
128 1471 200 1543 τῶν
218 1466 358 1546 ἐθνῶν.”

37 1625 76 1665 10
144 1586 267 1667 Ἀλλοί
285 1599 306 1636 “
318 1593 376 1668 καί
395 1588 562 1671 εἰσοίσεις
580 1586 646 1687 τὴν
664 1585 852 1691 τράπεζαν,
870 1590 928 1667 ἐπὶ
946 1586 1084 1670 τούτοις
1103 1587 1209 1692 φησί,
1228 1584 1287 1662 καί
1332 1586 1413 1716 {10‘1-
1423 1584 1458 1634 ³¹¹·

90 1723 112 1760 “
130 1711 326 1813 προθήσεις
350 1709 416 1811 τὴν
440 1711 615 1812 πρόθεσιν
639 1713 758 1810 αὑτῆς,
777 1715 835 1791 καί
861 1713 1028 1796 εἰσοίσεις
1053 1708 1118 1810 τὴν
1137 1708 1289 1813 λυχνίαν

91 1846 113 1883 “
132 1839 190 1914 καί
210 1834 390 1937 ἐπιθήσεις
408 1834 490 1921 τοὺς
508 1836 663 1941 λύχνους
686 1836 829 1934 αύτῆς.”
859 1832 1000 1935 νοήσεις
1025 1833 1062 1914 δέ
1090 1835 1132 1914 δι’
1153 1835 1319 1938 οἰμφοῖνο

92 1957 156 2038 τὸν
174 1957 353 2062 Χριστόν·
382 1959 688 2065 σοσχηματίζεται
706 1958 777 2061 γὰρ
795 1962 834 2039 ἐν
852 1958 1026 2061 τραπέζης
1048 1956 1172 2066 τρόπῳ
1194 1989 1286 2058 προ-

93 2081 270 2180 κειμένους
296 2082 450 2187 ἐχούσης
474 2082 559 2167 τοὺς
585 2084 728 2184 ἄρτους,
749 2082 807 2162 διὰ
832 2082 873 2162 τὸ
899 2085 936 2162 ἐν
959 2085 1056 2191 αὐτῷ
1079 2081 1218 2163 πάντας
1243 2085 1292 2165 εἰς
1340 2171 1343 2176 ,

41 2233 78 2294 15
94 2203 185 2309 ζωήν
203 2204 344 2287 αἰύνιον
362 2206 641 2312 ἄποτρέφεσθαι,
653 2204 900 2311 μετασχόντας
920 2204 1087 2307 δηλονότι
1106 2210 1168 2304 τῆς
1189 2203 1292 2306 ἁγίας

95 2331 203 2409 αὐτοῦ
228 2329 375 2432 σαρκός,
395 2329 486 2410 κατὰ
510 2328 552 2410 τὸ
578 2329 761 2432 εἰρημένου
781 2332 864 2434 παρ’
885 2331 995 2410 αὐτοῦ
1014 2341 1036 2379 “
1053 2329 1152 2432 Ἐγιύ
1177 2335 1246 2424 εἰμι
1272 2329 1292 2406 ό
1338 2326 1391 2441 ῗξξ
1405 2405 1443 2455 5¹,

95 2464 117 2502 “
135 2452 242 2554 ἄρτος
275 2455 295 2533 ὃ
328 2456 368 2533 ἐκ
400 2463 464 2535 τοῦ
497 2456 649 2558 ούρανοῦ
681 2454 853 2552 καταβὰς,
883 2457 941 2534 καί
973 2453 1065 2557 ζωήν
1095 2450 1211 2536 διδούς
1243 2456 1295 2557 τῷ
1341 2470 1381 2521 33-

95 2589 117 2625 “
136 2575 275 2686 κόσμῳ.
318 2576 380 2657 ε’άν
406 2613 459 2662 τις
487 2577 589 2684 φάγῃ
616 2581 654 2657 ἐκ
682 2586 747 2657 τοῦ
774 2577 884 2680 ἄρτου
912 2578 1050 2676 τούτου,
1074 2575 1218 2679 ζήσεται
1248 2580 1295 2658 εἰς

96 2713 118 2750 “
136 2699 200 2781 τὸν
215 2707 338 2780 αἰῶνα·
369 2705 426 2780 καί
446 2703 465 2780 ὁ
483 2700 590 2803 ἄρτος
609 2699 647 2780 δέ
667 2700 709 2782 ὃν
727 2700 797 2803 ἐγὼ
817 2702 926 2782 δώσω
945 2702 966 2801 ἡ
985 2699 1087 2808 σάρξ
1103 2735 1173 2800 μου
1195 2701 1296 2779 ἐστὶν

44 2868 84 2909 ιο
97 2835 119 2871 “
138 2822 226 2925 ύπέρ
260 2829 324 2922 τῆς
361 2832 425 2903 τοῦ
462 2822 602 2922 κόσμου
634 2825 758 2928 ζωής.”
812 2828 939 2905 οὐκοῦν
970 2830 1034 2925 τῆς
1069 2825 1243 2928 τραπέζης
1274 2823 1297 2922 ἦ

96 2946 280 3051 πρόθεσις,
308 2948 494 3027 τουτέστιν
521 2952 555 3027 οἰ
587 2948 699 3052 ἄρτοι,
727 2945 770 3027 τίι
803 2946 908 3052 ἅγιον
935 2950 1156 3049 σημαίνουσι
1187 2955 1328 3048 σῶμαο
1347 2970 1415 3025 390
1426 2967 1467 3023 A.

98 3076 276 3174 Χριστοῦ,
294 3069 336 3150 τὸ
354 3068 492 3154 πάντας
510 3077 559 3154 εἰς
576 3069 667 3175 ζωὴν
686 3073 895 3177 ἄποτρέφον
912 3071 978 3176 τὴν
997 3072 1149 3153 αἰώνιον.
1178 3068 1298 3170 ἐπειδὴ

99 3192 138 3274 δέ
163 3196 184 3274 ὁ
208 3193 382 3298 μακάριος
400 3196 535 3274 Δαυεὶδ
563 3201 622 3274 καί
650 3200 683 3275 οἰ
711 3195 783 3275 σὺν
808 3198 904 3306 αὐτῷ
931 3197 1181 3294 πεινάσαντες,
1207 3195 1300 3275 καθὰ

98 3318 311 3421 γέγραπται,
337 3316 420 3402 τούς
448 3319 578 3422 ἄρτους
604 3323 668 3419 τῆς
696 3320 903 3424 προθέσεως
935 3320 1084 3427 ἔφαγον,
1112 3320 1242 3418 ἴδωμεν
1269 3323 1300 3398 εἰ

48 3481 85 3542 25
99 3440 150 3542 μή
169 3476 203 3523 τι
227 3445 285 3522 καί
310 3441 370 3523 διὰ
393 3440 521 3523 τούτου
545 3441 723 3538 μυστικὸν
741 3440 977 3551 ἄνεγράφετο.
1016 3445 1081 3523 ούκ
1097 3445 1184 3550 ἐξῆν
1202 3445 1297 3523 αἰπο-

99 3565 305 3669 γεύσασθαι
337 3573 410 3647 τῶν
436 3570 501 3666 τής
531 3567 739 3669 προθέσεως
772 3566 900 3671 ἄρτων,
931 3575 960 3648 εἰ
992 3566 1042 3666 μή
1073 3568 1196 3666 μόνοις
1227 3575 1300 3650 τοῖς

101 3695 243 3791 ἱερεῦσι,
271 3688 362 3771 κατὰ
390 3688 553 3797 διάταξιν
580 3689 737 3790 νομικήν·
779 3693 865 3772 ἄλλ’
895 3694 958 3771 ούκ
986 3691 1086 3775 ἄντες
1114 3696 1151 3771 ἐκ
1180 3695 1300 3795 φυλῆς

103 3818 276 3916 ἱερατικῆς
296 3817 429 3896 Δαυείδ
447 3849 484 3893 τε
503 3816 560 3894 καί
579 3821 612 3894 οἰ
630 3815 701 3895 σύν
719 3817 831 3922 αύτῷ,
852 3821 916 3914 τῆς
935 3817 1126 3917 ἰερωτάτης
1145 3817 1301 3916 ἥπτοντο

102 3941 253 4043 τροφῆς·
281 3938 341 4016 ἵνα
368 3936 427 4015 διὰ
453 3939 581 4017 τούτου
604 3937 718 4018 πάλιν
736 3939 758 4038 ἡ
781 3946 854 4017 τῶν
872 3943 984 4018 ἐθνῶν
1003 3941 1126 4024 πίστις
1148 3944 1206 4019 καί
1229 3939 1336 4021 ἄπὸο

1344 3188 1468 3270 ΠῑιΜαίΠι.

1345 3274 1388 3307 111.
1401 3271 1423 3319 3,
1437 3271 1461 3318 4.

140 4140 165 4188 4.
184 4085 351 4205 ἄβακρῦμφ).
458 4136 484 4193 5.
503 4122 587 4191 ήοιυ.
601 4123 635 4180 Β.
743 4137 767 4195 7.
785 4124 872 4196 λέγων
884 4133 1054 4195 assumptum
1068 4142 1099 4178 ex
1114 4123 1185 4181 B.D.
1237 4148 1287 4192 μου

102 4214 147 4264 μοι
161 4192 197 4247 D.
209 4201 241 4246 ut
253 4210 280 4246 m
293 4210 329 4246 xu
343 4191 441 4262 Proph.
455 4193 507 4262 564
520 4211 544 4257 c,
559 4207 608 4266 747
622 4212 646 4249 e.
748 4212 788 4266 13.
806 4195 1009 4264 προσκειμένους
1024 4195 1056 4247 B.
1157 4213 1197 4264 19.
1216 4196 1288 4250 ἐστὶν

107 4271 135 4325 ÷
151 4261 207 4332 ’‘1⁹‘'
225 4264 245 4316 ὦ
260 4263 337 4318 δώσω
351 4262 402 4317 Ed.
416 4263 500 4318 invito
513 4263 547 4320 B.
641 4281 737 4337 zo-p.
752 4282 813 4336 572,
827 4267 853 4319 8.
872 4265 1036 4338 οὐκοῦν-τῷ
1049 4270 1155 4339 Χριστῷ
1168 4267 1229 4320 citat
1243 4267 1301 4321 Cat.

104 4285 240 4458 {gnssifisffi'
251 4332 425 4459 &gaam
436 4351 505 4459 ζριιρ
514 4335 545 4458 ἑο
558 4335 594 4416 xji
605 4334 706 4459 Igaeph.
720 4337 800 4390 citata
818 4346 867 4425 est:
906 4336 1005 4461 Cogicte
1023 4354 1089 4462 υρυς
1105 4355 1167 4392 sum
1181 4337 1302 4425 Escoriq-

232 4442 238 4456 .
288 4423 305 4458 1.
463 4443 501 4459 ..
534 4423 613 4475 ‚slgn
662 4445 668 4458 .
767 4423 809 4460 22.
827 4429 929 4465 παντως
965 4425 1059 4462 a.c1.
1158 4425 1303 4478 23.qu-

106 4474 248 4600 ἓαχτεςιί).
262 4473 321 4529 cat.
334 4473 378 4531 oit.
451 4489 494 4545 25.
512 4474 711 4547 ἄπογεύσασθοι
724 4475 783 4530 cat.
797 4477 841 4533 cit.
855 4476 1028 4549 ἀπογεύεσθαι
1042 4477 1093 4535 Ed.
1163 4478 1209 4534 26.
1227 4481 1305 4549 μόνον

131 4563 224 4603 a.cl·

662 4650 755 4712 4n2
