3038 5018
232 281 297 346 530
536 284 810 351 B.0YR1LL1
840 283 1129 348 ALEXANDR.
1326 274 1439 357 τῆς·

234 448 292 525 καὶ
316 445 381 525 τὸν
398 450 436 527 ἐκ
461 452 526 543 τῆς
548 451 728 552 παρθένου
754 447 852 539 ναὸν,
873 449 914 526 οὖ
942 446 1073 527 ταίντὸν
1096 442 1162 543 μέν
1185 442 1250 523 οὖν
1273 440 1366 521 ὄντα
1395 441 1442 540 τῇ

233 571 354 675 φύσει·
386 573 428 650 οὐ
444 571 516 676 γάρ
534 573 728 671 ὁμοοθσιον
745 578 796 679 τῷ
817 573 857 651 ἐκ
876 577 973 651 θεοῦ
991 567 1103 678 Λόγῳ
1125 567 1168 648 τὸ
1190 572 1313 665 σῶμα·
1343 559 1386 640 ἓν
1404 556 1445 637 δέ

235 701 281 798 τῇ
305 693 447 802 συνόδῳ
473 699 532 775 καὶ
556 701 602 800 τῇ
627 694 849 800 ἀπερινοήτῳ
873 696 1074 798 συνδρυμῄ·
1105 698 1163 771 καὶ
1181 690 1328 790 ἐπείπερ
1347 687 1441 788 ζωο·

206 817 338 901 οποιὸς
363 817 488 920 γέγονε
512 827 576 898 τοῦ
604 823 771 919 Σωτῆρος
798 819 820 915 ἡ
845 816 957 922 σάρξ,
976 814 1037 895 ἅτε
1064 814 1107 915 δὴ
1132 817 1178 920 τῇ
1203 810 1299 893 κατὰ
1324 807 1445 916 φύσιν

236 939 397 1040 ἡνωμένη
434 939 516 1046 ζωῇ,
553 947 605 1049 τῷ
640 943 679 1020 ἐκ
717 947 813 1020 Θεοῦ
848 937 1015 1039 δηλονότι
1054 936 1174 1044 Λθγιρ,
1207 936 1296 1016 ὅταν
1329 931 1474 1029 αιἀᾓςὸ

236 1063 531 1164 ἀπογευσώμεθα,
560 1063 640 1144 τότε
667 1062 733 1162 τὴν
761 1060 854 1166 ζωὴν
882 1063 1010 1168 ἔχομεν
1037 1064 1076 1142 ἐν
1102 1063 1238 1143 ἑαυτοῖς
1265 1051 1444 1136 σννενοθ-

235 1219 336 1284 μενοι
368 1189 426 1265 καῖ
458 1188 556 1285 ἡμεῖς
588 1188 689 1292 αὐτῇ,
718 1184 881 1288 καθάπερ
912 1185 976 1265 οὖν
1007 1183 1097 1283 αὑτὴ
1128 1188 1181 1290 τῷ
1210 1177 1444 1279 ἐνοικήσαντι

237 1307 359 1415 Λάγιρ.
396 1307 456 1388 διά
474 1308 547 1412 γάρ
564 1342 620 1389 τοι
637 1318 744 1390 τοῦτο
762 1313 821 1389 καὶ
839 1311 877 1388 ἐν
895 1315 946 1416 τῷ
964 1306 1046 1393 τοὺς
1066 1303 1208 1408 νεκροὺς
1232 1306 1441 1393 διανιστιῖν,

236 1432 279 1511 οὐ
297 1430 399 1539 λόγῳ
417 1432 538 1531 μόνον,
556 1430 637 1512 οθδέ
653 1440 727 1516 τοῖς
751 1431 989 1535 θεοπρεπέσιν
1008 1429 1248 1532 ἐπιτάγμασιν
1266 1427 1288 1506 ὁ
1308 1421 1442 1526 Σωτὴρ

236 1555 389 1656 ἐνεργῶν
425 1555 635 1655 εὑρίσκεται,
667 1553 768 1633 ἀλλὰ
805 1551 1031 1655 συνεργάτην
1066 1551 1193 1654 ὥσπερ
1228 1546 1312 1629 τινὰ
1348 1543 1442 1648 πρὸς
1456 1575 1491 1615 10

236 1684 344 1757 τοῦτο
376 1675 419 1775 δι)
450 1677 615 1775 μάλιστα
649 1674 716 1777 τὴν
749 1676 856 1778 ἁγίαν
892 1678 1001 1756 αὑτοῦ
1038 1672 1238 1774 λαμβάνειν
1269 1671 1441 1772 ἠπείγετο

202 1796 369 1900 δσάρκα,
401 1798 460 1879 ἵνα
495 1799 633 1906 δεικνύῃ
670 1798 851 1903 ζωοποιεῖν
884 1800 1091 1899 δυναμένην,
1125 1801 1184 1879 καῖ
1216 1799 1264 1879 ὡς
1298 1795 1337 1876 ἐν
1382 1793 1401 1824 ''

236 1922 431 2024 γενομένην
455 1920 546 2025 πρὸς
571 1920 690 2002 αὐτόν.
731 1926 790 2003 καὶ
817 1922 889 2025 γὰρ
917 1921 962 2022 ἦν
987 1921 1099 2007 ὅντως
1125 1920 1215 2001 ’ίδιον
1238 1919 1362 2014 αὐτοῦ,
1382 1919 1440 1997 καὶ

237 2045 305 2150 οὐχ
331 2044 450 2148 ἑτέρου
473 2044 516 2124 τὸ
542 2053 664 2143 σῶμα.
704 2049 763 2125 καὶ
786 2055 876 2147 γοῦν
894 2045 954 2126 ὅτε
978 2044 1021 2125 τὸ
1045 2053 1109 2125 τοῦ
1133 2039 1440 2149 ἀρχισυναγώγου

237 2166 357 2269 κόριον
389 2169 553 2268 διανέστη
587 2169 706 2270 λέγων
734 2179 756 2216 “
774 2171 824 2248 Ἡ
858 2175 943 2253 παῖς
978 2169 1138 2271 ἐγειραι,”
1166 2163 1345 2269 ἐκράτησε
1375 2167 1440 2261 τῆς
1457 2190 1492 2251 15

238 2290 354 2400 χειρὸς
382 2292 501 2391 αὐτῆς,
524 2291 617 2371 καθά
644 2291 856 2395 γέγραπται·
887 2292 1069 2396 ζωοποιῶν
1093 2289 1159 2389 μέν
1183 2291 1231 2372 ὡς
1255 2284 1364 2382 Θεὸς,
1388 2291 1442 2392 τῷ

238 2419 453 2522 παντουργφ
471 2412 737 2517 προστάγματι·
767 2413 949 2516 ζωοποιῶν
969 2413 1007 2495 δέ
1026 2415 1072 2494 αὖ
1088 2411 1202 2495 πάλιν
1219 2412 1279 2492 καὶ
1297 2409 1359 2488 διὰ
1376 2412 1451 2508 τῆς.

238 2540 334 2641 ἁφῆς
361 2541 425 2636 τῆς
454 2539 558 2639 ἁγίας
586 2535 733 2640 σαρκὸς,
761 2539 847 2636 μίαν
874 2572 914 2617 τε
944 2541 1003 2618 καὶ
1035 2539 1196 2639 συγγενῆ
1227 2534 1271 2615 δι’
1300 2535 1444 2639 ἀμφοῖν

238 2661 456 2739 ἐπιδείκνυσι
486 2657 553 2758 τὴν
580 2660 767 2761 ἐνέργειαν.
816 2659 918 2739 ἀλλά
945 2663 1004 2740 καὶ
1032 2661 1090 2740 ὅτε
1118 2655 1367 2762 εἰσεπορεύετο
1393 2659 1445 2738 εἷς

71 2766 167 2880 ξξζίἰ
209 2780 349 2863 θπόλιν
377 2781 599 2880 καλουμένην
628 2783 733 2879 Ναίν,
761 2787 820 2863 καὶ
848 2792 871 2830 “
887 2782 1107 2890 ἐξεκομίζετο
1138 2778 1335 2882 μονογενὴς
1368 2776 1445 2862 υῖὸς
1460 2812 1496 2855 το

73 2923 112 2973 11³·
126 2936 164 2987 ι4·
240 2915 263 2953 “
280 2906 457 3007 τεθνηκὼς
488 2912 533 3011 τῇ
566 2909 674 3006 μητρὶ
707 2907 847 3001 αάτοῦ,”
881 2903 994 2987 πάλιν
1023 2916 1046 2954 “
1062 2907 1186 3012 ἥψατο
1215 2907 1279 3002 τῆς
1308 2910 1444 3007 σοροῦ,

240 3040 262 3077 “
281 3028 399 3132 λέγων
431 3030 622 3124 Νεανίσκε,
658 3031 721 3108 σοὶ
758 3027 868 3131 λέγω,
903 3029 1095 3132 ἐγέρθητι.”
1154 3029 1212 3107 καῖ
1249 3026 1293 3106 οὗ
1328 3023 1448 3123 μόνον

241 3154 388 3232 δίδωσιν
405 3154 559 3254 ἐνεργεῖν
580 3156 632 3257 τῷ
660 3150 761 3258 λόγῳ
785 3150 851 3250 τὴν
873 3157 946 3230 τῶν
965 3157 1098 3253 νεκρῶν
1116 3148 1332 3245 ἀναβίωσιν,
1354 3148 1445 3227 ἀλλ’

240 3274 298 3354 ῖνα
324 3275 422 3381 δείξη
447 3272 617 3375 ζωοποιδν
638 3273 680 3353 τὸ
706 3273 797 3354 ’έδιον
818 3280 938 3371 σῶμα,
957 3271 1119 3376 καθάπερ
1140 3273 1203 3352 οὖν
1223 3271 1293 3371 ἤδη
1315 3271 1445 3372 προεί-

241 3430 364 3495 πομεν,
398 3401 471 3474 τῶν
505 3395 708 3475 τεθνεώτων
743 3392 903 3493 ἅπτεται,
937 3401 996 3477 καὶ
1029 3397 1071 3476 δι’
1103 3397 1230 3492 αὐτοῦΙ
1249 3391 1315 3493 τὴν
1349 3390 1448 3494 ζωὴν
1462 3429 1501 3488 ²5

241 3521 385 3602 ἐντιθεὶς
412 3525 486 3602 τοῖς
512 3518 581 3617 ἤδη
609 3518 920 3622 κατεφθαρμένοις.
968 3522 1027 3598 καὶ
1059 3525 1088 3597 εἰ
1116 3517 1176 3601 διά
1203 3514 1315 3616 μόνης
1345 3517 1449 3621 ἁφῆς

241 3647 305 3740 τῆς
334 3644 437 3741 ἀγίας
468 3640 605 3742 σαρκὸς
637 3638 856 3741 ζωοποιεῖται
884 3639 927 3720 τὸ
955 3640 1224 3746 διεφθαρμένον,
1251 3643 1330 3722 πῶς
1364 3632 1448 3744 οὐχὶ

241 3761 516 3866 πλουσιωτέραν
538 3766 847 3866 ἀποκερδανοῦμεν
870 3759 935 3862 τὴν
959 3762 1130 3866 ζωοποιδν
1154 3762 1336 3863 εὐλογίαν,
1354 3759 1449 3841 ὅταν

281 4008 304 4044 1.
323 3991 370 4059 μέν
381 3989 427 4044 οὖν
437 3988 499 4043 ὄντα
512 3988 545 4043 B.
557 3990 605 4059 μίν
616 3988 679 4044 ὄντα
691 4007 716 4043 a.
728 3989 837 4059 μένοντα
851 3988 903 4044 Ed.
917 3989 945 4043 δέ
957 3988 1018 4043 ὄντα
1031 3987 1114 4044 Cord.
1249 4004 1276 4058 3.
1293 3991 1326 4056 τῇ
1339 3989 1389 4044 αδδ.
1401 4006 1449 4044 ιε·

243 4071 382 4182 munaum
395 4078 428 4183 eg
441 4059 535 4181 (ἷιαι.ἀ
594 4128 611 4182 d
657 4079 691 4183 4.ῐ
701 4064 747 4113 τοῦ
760 4062 877 4141 Σωτῆρος
889 4058 917 4183 fg
931 4058 954 4182 {pt
960 4063 1006 4114 τοῦ
1019 4059 1122 4183 Κυρίου6
1128 4058 1164 4149 Β,
1173 4058 1264 4112 invitis
1276 4057 1351 4183 φατὲ.
1370 4129 1398 4183 D
1415 4064 1450 4129 τῇ

243 4147 522 4270 θέτθγευάίιεέθαᾶὃδιθά.
535 4146 838 4269 ἀίξογεῗθιθῖιεθάοῖῖθθκ
850 4147 878 4182 ¹¹¹
915 4148 931 4182 ⁸
956 4169 997 4253 ⁰10.
1017 4169 1131 4269 ἐνεργῶιί
1142 4150 1380 4284 ἔπῖίθίυῑσέντρὲὀς
1393 4149 1451 4256 Eg:

244 4272 398 4340 συνεργάτιν
410 4288 433 4323 α.
558 4285 599 4339 13.
619 4268 711 4339 ὅντως]
724 4268 873 4325 ἀκολούθως
884 4287 908 4323 a.
921 4269 1024 4335 ἀληθῶς
1037 4269 1119 4324 Cord.
1242 4287 1282 4336 14.
1300 4270 1395 4341 ἕτερον
1409 4273 1450 4327 D.

245 4339 316 4394 Catt.
329 4341 416 4408 ἐτέρου
429 4340 501 4394 Aub.
515 4339 603 4407 ἕτερον
616 4340 718 4410 Migne.
784 4341 815 4393 τδ
827 4340 872 4393 alt.
886 4356 940 4393 om.
955 4339 987 4392 Β.
1098 4355 1139 4410 19.
1158 4339 1300 4395 ἐπιδεικνὺς
1312 4339 1347 4394 Β.
1361 4339 1451 4396 cord.

245 4427 288 4462 22.
307 4413 384 4474 μόνον
398 4409 430 4463 Β.
443 4414 511 4481 μόνῳ
526 4410 576 4464 Ed.
675 4428 717 4476 24.
737 4410 862 4476 ζωοποιὸν
875 4420 937 4479 post
949 4415 1025 4478 σῶμα
1038 4410 1189 4481 transponit
1203 4410 1234 4464 B.
1283 4407 1329 4465 οὖν
1342 4427 1399 4465 om.
1414 4410 1451 4467 Β.

246 4495 288 4549 27.
308 4482 426 4544 ζωοποιεῖ
440 4481 472 4534 Β.
521 4479 709 4550 διεφθαρμένον
723 4478 756 4534 Β.
768 4480 932 4549 ἐφθαρμένον
944 4479 996 4535 Ed.
