3038 5018
91 294 145 359 vii.
161 316 211 378 24.
256 298 314 361 IN
345 299 377 364 S.
403 300 656 365 JOANNEM.
703 298 798 363 LIB.
823 298 883 363 IV.
929 298 1127 362 CARVII.
1226 298 1291 361 639

90 496 190 561 μενα.
239 460 414 569 δεξόμεθα
446 464 517 565 γάρ
546 467 709 564 οὐδαμῶς
739 463 805 563 τὴν
834 462 891 543 διά
923 472 987 542 τοῦ
1017 461 1224 558 Πυεύματος
1252 464 1290 541 ε’ν

91 589 219 692 καρδίᾳ
243 587 448 689 περιτομὴν,
467 591 566 669 οὕτω
590 586 654 667 τόν
679 585 854 687 μυστικὸν
879 587 1174 681 διαβιβασθέντες
1192 587 1285 685 Ἰορ-

91 708 212 809 δάνην,
235 713 320 790 ἀλλ’
345 712 503 792 ε’πέκεινα
529 710 715 815 γεγονότες
742 719 815 791 τῶν
842 710 955 813 ἀγίων
984 707 1131 791 ὑδάτων.
1171 707 1289 808 ε’πειδὴ

91 831 130 911 δὲ
154 834 371 937 περιετμήθη
395 844 466 920 πάς
493 839 512 916 ό
538 835 628 919 λαὸς
653 834 712 915 διά
736 834 1019 939 προστάγματος
1037 835 1171 932 Ίησοῦ,
1190 833 1232 913 τῦ
1251 835 1290 914 ἐκ

59 966 155 1046 ετοῦ
182 957 393 1062 πράγματος
421 959 521 1044 εῦθῦς
549 959 793 1039 ἀνακαλύπτει
821 957 1004 1063 χρήσιμον
1031 958 1052 1036 ό
1077 957 1317 1056 νομοθέτης,8

91 1082 154 1161 καί
178 1090 273 1190 φησι
301 1083 391 1188 πρὸς
418 1083 482 1163 τὸν
507 1081 611 1186 ἅγιον
628 1081 773 1181 Ἰησοῦν
792 1093 813 1130 “
829 1085 896 1161 Ἐν
920 1083 965 1185 τῇ
991 1079 1152 1183 σήμερον
1176 1080 1289 1187 ἡμέρᾳ

93 1215 114 1252 “
133 1207 286 1312 ἀφεῖλον
299 1206 363 1286 τὸν
377 1206 581 1306 ὀνειδισμὸν
594 1206 779 1310 Αἰγύπτου
798 1207 861 1314 ἀφ’
878 1205 1008 1304 ύμῶν.”
1038 1207 1094 1285 ε’πῖ
1113 1206 1209 1284 τίσιν
1225 1206 1289 1284 οῦν

92 1330 163 1432 ἀρα
187 1329 250 1410 τὸν
268 1330 422 1434 Ἰσραὴλ
449 1335 671 1439 ὠφελεῖσθαι
694 1329 858 1429 δώσομεν
876 1331 957 1432 περὶ
982 1330 1047 1427 τῆς
1069 1334 1285 1430 περιτομῆς;

91 1451 239 1553 ἡποῖον
257 1451 365 1535 αὐτόν
384 1454 586 1554 ὀνειδισμὸν
605 1454 842 1561 ἀφαιρεθῆναί
864 1464 1008 1558 φαμενς
1040 1449 1106 1551 τὴν
1125 1453 1289 1531 δουλείαν

43 1613 79 1654 ιο
92 1576 269 1676 δηλονότι,
297 1584 355 1659 καὶ
383 1578 425 1659 τδ
454 1580 499 1686 ἐξ
523 1579 709 1663 ἀσθενείας
736 1579 877 1678 ἕτοιμον
902 1582 950 1660 είς
977 1576 1200 1682 πλεονεξίαν,
1230 1580 1289 1656 καὶ

91 1700 241 1801 προσέτι
275 1701 406 1788 πόνους
439 1700 523 1788 τοῦς
550 1705 607 1783 ε’πὶ
635 1707 743 1809 πηλῷ
771 1704 829 1780 καὶ
856 1701 1033 1806 πλινθείηι.
1076 1701 1162 1806 ὁρᾷς
1189 1698 1290 1779 όσων

91 1827 316 1907 ἀπαλλάττει
343 1834 461 1906 κακῶν
483 1831 547 1925 τῆς
570 1829 608 1905 έν
632 1825 807 1924 πνεύματι
835 1825 1024 1924 νοουμένης
1048 1827 1239 1924 περιτομῆς
1265 1824 1288 1923 ἡ

91 1949 262 2048 δύναμις,
292 1949 430 2058 ἐξέλκει
449 1949 515 2047 μὲν
532 1948 605 2052 γάρ
630 1954 694 2049 τῆς
718 1958 782 2029 τοῦ
807 1947 981 2043 διαβόλου
1006 1946 1122 2052 χειρὸς
1140 1946 1206 2046 τὴν
1223 1955 1288 2026 τοῦ

91 2072 282 2175 ἀνθρώπου
306 2071 441 2179 ψυχὴν,
459 2072 651 2178 ἐλευθέραν
672 2075 731 2153 καί
756 2072 939 2170 ἀνειμένην
955 2074 1019 2170 τῆς
1043 2071 1320 2171 τυραννούσηςδ

42 2198 130 2286 ι5ἐν
152 2196 235 2296 ἡμῖν
260 2199 435 2300 ἁμαρτίας
458 2199 635 2295 ἀποτελεῖ,
661 2198 718 2276 καὶ
745 2194 956 2301 πλεονεξίας
984 2191 1130 2293 ἀπάσης
1157 2198 1221 2292 τῆς
1248 2196 1287 2273 ε’κ

90 2328 257 2423 πονηρῶν
285 2320 475 2419 δαιμονίων
502 2320 633 2420 ἀμείνω
660 2320 818 2400 δεικνύει.
858 2318 960 2399 ἀλλά
990 2321 1048 2397 καὶ
1077 2325 1197 2416 πηλοῦ
1229 2320 1287 2397 καὶ

90 2444 275 2528 πλινθείας
292 2445 445 2544 ἀνίησιν,
464 2445 505 2523 οῦ
523 2443 594 2546 γάρ
612 2443 664 2523 ἔτι
682 2451 758 2527 ταῖς
776 2448 840 2541 τῆς
858 2441 993 2544 σαρκός
1011 2442 1286 2541 μεμολυσμένον

91 2569 243 2668 ἡδοναῖς,
258 2567 280 2669 ἡ
298 2571 467 2671 τοῖςπερὶ
485 2572 554 2670 γῆν
570 2567 883 2672 ε’γκαταφύρεσθαι
900 2565 1021 2649 πόνοις
1039 2568 1090 2673 ε’ᾷ,
1109 2567 1290 2668 ἐλευθεροῖ

92 2689 129 2771 δὲ
146 2695 205 2771 καὶ
222 2689 377 2772 θανάτου
395 2694 454 2772 καὶ
472 2698 621 2798 φθορᾶς,
640 2697 698 2771 καὶ
717 2691 781 2771 ούκ
799 2693 836 2770 ἐν
854 2691 992 2774 τούτοις
1009 2689 1081 2769 όλα
1098 2687 1144 2769 τά
1162 2692 1201 2769 ἐκ
1222 2694 1285 2788 τῆς

43 2849 79 2891 ιο
91 2820 292 2918 περιτομῆς,
316 2813 417 2896 ἀλλὰ
443 2818 500 2895 καὶ
525 2817 621 2899 θείας
646 2815 791 2920 φύσεως
818 2818 989 2896 ἀποτελεῖ
1013 2811 1199 2898 κοινωνούς
1226 2811 1286 2894 διά
1331 2878 1336 2890 .

90 2944 244 3042 μετοχῆς
261 2947 326 3018 τοῦ
345 2943 510 3041 Σωτῆρος
528 2940 629 3039 ἡμῶν
646 2944 821 3041 Χριστοῦ.

147 3061 408 3143 Ἐπισυνάπτει
430 3061 502 3165 γὰρ
524 3070 597 3146 τοῖς
619 3063 809 3165 εῖρημένοις
829 3064 848 3142 ὁ
867 3069 931 3142 τοῦ
949 3061 1097 3157 βιβλίου
1115 3093 1281 3162 συγγρα·

91 3183 189 3291 φεῦς,
221 3186 277 3267 ὅτι
306 3197 327 3234 “
348 3190 420 3267 Καὶ
451 3187 627 3285 ἐποίησαν
658 3193 692 3266 οἱ
724 3189 790 3266 υίοὶ
818 3185 973 3287 Ἰσραὴλ
1004 3183 1047 3265 τὸ
1078 3184 1208 3290 πάσχα
1239 3189 1315 3289 τὴο

91 3322 114 3358 “
131 3307 505 3415 τεσσαρεσκαιδεκάτη
533 3311 647 3418 ἡμέρᾳ
674 3319 737 3389 τοῦ
765 3309 886 3409 μηνὸς,
912 3313 969 3390 καῖ
996 3306 1187 3416 ε’φάγοσαν
1211 3307 1284 3389 ἀπὸ

43 3453 77 3514 25
92 3446 112 3482 “
131 3444 194 3514 τοῦ
220 3435 325 3514 σίτου
351 3439 414 3532 τὴς
438 3439 505 3536 γὴς
531 3433 646 3537 ἄζυμα
671 3437 728 3513 καὶ
753 3433 848 3513 νέα.”
887 3435 929 3514 οῦ
953 3433 1023 3536 γάρ
1043 3434 1142 3513 ἔστιν
1160 3432 1284 3535 ἑτέρως

91 3559 266 3638 δύνασθαι
293 3565 486 3661 μετασχεῖν
511 3565 575 3637 τοῦ
602 3559 717 3652 ἀμνοῦ
743 3565 808 3636 τοῦ
835 3558 1006 3657 ἀληθινοῦ
1033 3565 1097 3638 τοῦ
1124 3557 1284 3661 αἴροντος

796 3676 1018 3709 XXV!

89 3682 156 3783 τὴν
172 3682 348 3785 ἁμαρτίαν
367 3691 431 3761 τοῦ
449 3679 601 3780 κόσμου,
620 3681 705 3759 ἀλλ’
727 3682 807 3761 οῦδε
825 3714 891 3780 την
908 3681 1041 3785 αζυμον
1059 3715 1097 3761 τε
1119 3684 1177 3761 καὶ
1204 3680 1285 3761 νέαν

88 3813 161 3885 τῶν
180 3809 421 3908 εῦαγγελικῶν
438 3805 676 3908 κηρυγμάτων
694 3803 858 3907 εύρέσθαι
876 3803 1027 3911 τροφὴν,
1044 3803 1095 3903 μὴ
1114 3838 1280 3905 προπαρ·

87 3931 260 4015 ελθόντας
283 3928 350 4029 μέν
368 3926 431 4009 τὸν
448 3929 624 4030 μυστικὸν
642 3926 837 4031 Ἰορδάνην,
856 3927 923 4028 τὴν
940 3927 978 4008 δὲ
1002 3932 1041 4008 ἐκ
1067 3936 1131 4008 τοῦ
1156 3926 1286 4030 ζῶντος

124 4124 149 4162 2.
167 4107 212 4160 τδν
223 4107 349 4175 μυστικὸν
360 4113 499 4176 „sumpta
511 4123 544 4160 ex
557 4104 628 4159 B.D.
701 4117 726 4175 7.
745 4102 791 4158 οῦν
802 4121 857 4157 om.
871 4102 905 4157 B.
972 4103 999 4158 8.
1018 4103 1078 4172 περὶ
1089 4105 1135 4171 τῆς
1145 4104 1285 4173 περιτομῆς

87 4188 225 4248 assumpta
236 4196 269 4231 ex
284 4177 316 4230 B.
402 4192 443 4230 12.
462 4182 609 4231 κοκῶνοαι.
623 4173 656 4229 Β.
749 4191 790 4245 13.
808 4175 859 4244 γὰρ
872 4191 927 4228 om.
942 4173 976 4229 B.
1067 4189 1108 4244 15.
1128 4174 1169 4228 καὶ
1181 4190 1236 4228 om.
1251 4174 1283 4228 B.

90 4250 133 4304 16.
151 4249 287 4316 δαιμονίων
301 4246 333 4300 Β.
347 4247 473 4316 δαιμόνων
485 4245 537 4300 Ed.
683 4261 694 4299 1
717 4285 724 4299 .
742 4248 797 4301 ταῖς
809 4247 854 4312 τῆς
866 4246 963 4314 σαρκὸς
973 4246 1094 4312 μεμολυσ
1120 4244 1171 4298 ’νον
1182 4243 1285 4312 ἡδοναῖς

89 4320 160 4375 B.D.
174 4317 334 4387 μολύνεσθαι
345 4321 401 4373 ταῖς
414 4320 458 4384 τὴς
469 4318 566 4386 σαρκὸς
577 4258 785 4386 ἡδονοῖςθως.
798 4314 848 4370 Ed.
922 4315 1077 4369 1.δε“οιυ.
1117 4355 1124 4370 .
1198 4330 1240 4385 23.
1260 4317 1285 4368 οί

88 4409 143 4445 om.
159 4390 190 4443 Β.
206 4391 261 4459 (19.
273 4407 318 4455 44.
332 4402 374 4460 75.
390 4388 448 4443 108.
462 4387 536 4458 209.)
649 4403 691 4454 24
710 4385 790 4455 ἡμέρᾳ
802 4403 856 4439 om.
872 4384 903 4439 B.
917 4333 1007 4453 (311.)
1125 4387 1169 4440 28.
1186 4387 1284 4453 πορελ·

88 4463 180 4517 θόντας
194 4461 226 4514 Β.
371 4474 413 4529 29.
432 4461 460 4512 ίκ
472 4462 519 4512 τοῦ
531 4460 624 4524 ζῶντος
636 4459 721 4528 Λόγου
733 4459 863 4522 λαβόντος
873 4454 1027 4527 περιτομὴν]
1040 4459 1086 4510 τοῦ
1098 4458 1191 4524 ζῶντος
1202 4459 1285 4528 λόγον

88 4532 195 4602 δύναμιν
205 4533 334 4596 λαβόντος
345 4529 484 4601 περιτομὴν
496 4528 529 4584 Β.

1341 974 1406 1030 437
1415 973 1455 1029 Δ.

1331 1099 1351 1149 J
1352 1115 1386 1148 os.
1395 1116 1420 1150 τ.
1431 1113 1455 1164 9.

1332 2825 1344 2860 ι
1355 2812 1380 2863 S.
1387 2812 1446 2863 Pet.

1329 2893 1346 2926 1.
1357 2893 1382 2942 4.

1327 3189 1381 3238 Joe„
1394 3205 1418 3239 τ.

1331 3267 1421 3314 10,11.

1330 3556 1412 3622 Supra
1423 3557 1439 3607 i.

1332 3635 1370 3687 ²9·
