3038 5018
243 286 309 351 368
547 288 586 354 Β.
610 289 818 355 CYRILLI
848 288 1136 355 ALEXANDR.
1345 294 1450 365 γ·35·

76 477 197 539 ταας.
245 451 460 556 ὑβρίζουσιν,
483 455 547 535 οὐκ
575 455 779 560 ἀνεχόμενοι
808 454 976 558 λέγοντος
1004 454 1046 534 τό
1071 465 1092 502 “
1109 447 1350 549 Ἑτοιμάσατε
1379 445 1451 545 τὴν

245 586 267 623 “
285 577 370 656 ὁδὸν
390 580 536 682 Κυρίου,
555 581 688 663 εὐθείας
706 587 837 661 ποιεῖτε
860 579 925 665 τάς
948 581 1095 684 τρίβους
1111 584 1176 657 τοῦ
1196 581 1292 656 θεοῦ
1309 571 1448 674 ήμῶν.”

244 709 352 780 τοῦτο
377 701 448 806 γάρ
467 701 588 803 δήκαὶ
611 712 794 790 ποωῦντες
819 709 951 811 σαφῶς
979 700 1038 782 διά
1064 705 1127 802 τῆς
1155 695 1332 780 ἀπειθείας
1360 695 1447 776 ἀλί-

216 858 407 911 οσκονται.

296 946 398 1046 Ἤδη
427 951 494 1052 μὲν
526 954 601 1053 οὖν,
632 955 793 1058 καθάπερ
826 953 1086 1055 ὑπολαμβάνω,
1114 951 1178 1032 τόν
1207 952 1352 1054 εότριβῆ
1387 950 1486 1028 nais

245 1075 514 1176 κατειθισμένον
532 1086 606 1163 τοῖς
630 1085 785 1163 πολλοῖς
806 1083 870 1178 Τῆς
897 1081 1080 1180 ἑρμηνείας
1108 1078 1243 1180 τρόπον
1260 1083 1324 1155 τοῦ
1348 1107 1444 1177 προ·

245 1201 406 1300 κειμένου
429 1200 662 1305 τηρήσαντες,
679 1202 746 1303 τὴν
768 1203 821 1282 ἐπ’
842 1204 939 1311 αύτῷ
964 1205 1114 1306 θεωρίαν
1139 1199 1230 1281 κατὰ
1255 1197 1320 1300 τὴν
1341 1200 1447 1278 ε’νοιῖ-

244 1360 320 1404 σαν
337 1325 420 1425 ἡμῖν
439 1324 628 1432 ἐξεθέμεθα
645 1320 808 1425 δύναμιν·
833 1325 951 1428 ἐπειδὴ
971 1325 1008 1407 δὲ
1026 1335 1091 1407 τοῦ
1110 1329 1279 1428 Σωτῆρος
1294 1325 1314 1403 ὁ
1333 1319 1451 1425 λόγος

245 1455 293 1533 είς
320 1446 468 1544 βαθείας
495 1449 588 1550 ήμιῖς
615 1451 827 1531 κατατείνων
845 1452 990 1549 ἐννοίας,
1012 1453 1071 1530 καὶ
1097 1447 1315 1553 πικροτέρων
1338 1445 1449 1554 ἀψα-

245 1578 335 1652 σθαι
372 1570 559 1672 νοημότων
594 1578 786 1679 μονονουχὶ
823 1580 881 1655 καὶ
918 1572 1172 1678 ἐπαναγκάζων
1207 1575 1343 1675 δρᾶται,
1380 1573 1453 1676 οὐχ
1469 1600 1508 1642 10

246 1697 373 1781 ἁπλῶς
410 1695 466 1776 ότι
502 1698 626 1797 λύχνος
661 1693 695 1792 νῖν
731 1695 898 1799 Ἰωάννης
936 1698 1137 1799 σημαίνων,
1172 1698 1256 1777 ἀλλ’
1296 1695 1351 1776 ὅτι
1388 1699 1453 1775 καὶ

249 1819 423 1926 καιόμενος
456 1828 516 1902 καὶ
548 1825 684 1930 φαίνων,
715 1824 912 1925 ἀναγκαῖον
943 1821 1135 1925 ἡγούμεθα,
1163 1819 1453 1925 προσβαλόντας

246 1941 517 2050 όξυωπέστερον
540 1981 585 2051 τη
613 1952 687 2026 τῶν
715 1946 905 2051 εἰρημένων
932 1947 1087 2046 δυνάμει,
1115 1951 1180 2046 τῆς
1207 1942 1376 2045 ἀληθείας
1404 1943 1452 2025 τὸ

212 2067 385 2153 ἁκόλλος
402 2073 618 2173 ῖχνηλατεῖν.
657 2067 744 2150 αὐτὸ
763 2068 801 2150 δὲ
823 2068 868 2170 δὴ
885 2068 999 2151 πάλιν
1017 2075 1065 2154 εῖς
1083 2068 1198 2167 με’σον
1217 2070 1301 2171 ήμῖν
1320 2104 1452 2173 παροι-

246 2190 425 2293 σθήσεται
443 2193 485 2274 τὸ
503 2192 627 2299 ῥητόν.
677 2199 821 2281 Ἐκεῖνος
838 2190 871 2289 νῖν
890 2195 1048 2294 ὁλόχνος
1067 2197 1193 2303 φησίν.
1231 2192 1371 2301 ἐξήρκει
1388 2197 1451 2274 καὶ
1471 2226 1507 2286 ¹5

247 2317 305 2397 διά
329 2316 457 2398 τούτου
485 2318 597 2417 μόνου
624 2322 875 2419 κατασημήναι
902 2318 967 2400 τὸν
986 2315 1091 2421 ἀγιον
1113 2317 1333 2418 βαπτιστήν,
1351 2316 1453 2399 ὥστε

248 2447 306 2522 καῖ
324 2446 373 2526 είς
390 2442 526 2522 ἔννοιαν
544 2441 626 2527 τοὺς
650 2443 894 2544 ἀκροωμένους
919 2445 1135 2548 ἀναδραμεῖν
1152 2448 1217 2544 τῆς
1237 2445 1319 2546 περὶ
1337 2444 1453 2522 αὐτοῦ

77 2598 151 2676 1³1..
247 2566 480 2671 προφητεύις,
502 2565 658 2670 ἐχούσης
686 2562 756 2646 ὧδε
783 2578 806 2615 “
822 2569 1033 2668 Ἡτοίμασα
1061 2566 1197 2672 λύχνον
1220 2572 1274 2674 τῷ
1295 2572 1456 2676 Χριστῷ

77 2673 202 2723 ⁰¹¹¹''¹⁷'
248 2699 271 2736 ‘⁶
286 2689 392 2788 μου.”
430 2689 549 2788 ἐπειδὴ
575 2689 613 2770 δὲ
640 2691 862 2795 προστίθησι
886 2698 937 2801 τῷ
954 2689 1079 2790 λύχνον
1097 2697 1218 2788 εῖπεῖν,
1239 2699 1255 2773 o‘
1275 2689 1456 2795 καιόμενος

252 2817 310 2894 καὶ
330 2816 466 2921 φαίνων,
484 2817 594 2914 δῆλος
623 2812 669 2895 ἀν
694 2814 747 2915 ε’ίη
772 2814 949 2915 δήπουθεν
977 2816 1042 2896 οὐκ
1071 2819 1120 2900 εῖς
1148 2816 1262 2915 μόνην
1290 2813 1358 2914 τήν
1386 2823 1456 2895 τοῦ
1469 2846 1508 2890 αο

219 2937 438 3046 οπροφήτου
457 2938 581 3044 φωνήν
599 2938 788 3047 ἀναφέρων
802 2937 867 3020 τόν
885 2937 1073 3041 ἀκροατήν,
1084 2939 1185 3018 ἀλλὰ
1204 2942 1262 3018 καὶ
1280 2944 1329 3024 εῖς
1345 2972 1454 3039 νομι·

250 3061 317 3163 κήν
343 3096 424 3143 τινα
452 3061 683 3160 διατύπωσιν,
709 3067 758 3148 ὡς
784 3065 824 3143 ἐν
851 3062 1014 3169 σχήματι
1043 3061 1156 3143 πόλιν
1183 3065 1241 3142 καὶ
1269 3068 1359 3170 σκιᾷ
1387 3062 1457 3162 τήν

250 3186 418 3268 Ἰωάυνου
437 3188 628 3294 δᾳδουχίαν
645 3185 1032 3289 προαναπλοίττουσαν,
1050 3186 1095 3287 ἣν
1114 3192 1234 3271 καλῶς
1256 3185 1457 3285 ἐποιήσατο

251 3309 484 3414 μαρτυρήσας
510 3317 563 3418 τῷ
589 3311 749 3415 δεσπότῃ
774 3317 937 3418 Χριστῷ.
975 3314 1023 3394 ὡς
1051 3311 1089 3391 δὲ
1116 3318 1191 3396 τοῖς
1218 3317 1458 3395 Μωυσαῖκοῖς

251 3436 466 3535 ὁμιλοῦντας
500 3426 623 3537 λόγοις
653 3444 711 3515 καὶ
743 3443 849 3515 τοῦτο
878 3438 1071 3540 ἐνδελεχῶς
1102 3433 1186 3519 τοῖς
1217 3435 1457 3540 οῖησίφρονας
1472 3463 1511 3523 ²5

253 3559 482 3662 Φαρισαίους,
501 3556 681 3665 ἐξελέγχει
699 3556 812 3639 πόλιν
829 3560 1099 3659 ἀμαθαίνοντας,
1117 3562 1176 3639 καὶ
1193 3556 1340 3660 δοκήσει
1357 3567 1458 3658 μιῖλ-

252 3693 320 3763 λον
337 3680 442 3767 ὄντας
470 3681 623 3790 σοφοὺς,
644 3683 735 3785 ήιτερ
761 3681 873 3768 ὅντως
901 3688 1123 3782 νομομαθεῖς.
1164 3681 1269 3768 οὗτος
1294 3680 1361 3783 μὲν
1377 3685 1458 3764 οὖν

251 3806 400 3905 σύμπας
424 3807 523 3887 ἐστὶν
546 3808 566 3886 ὁ
591 3814 655 3887 τοῦ
683 3804 798 3909 λόγου
825 3805 975 3892 σκοπός·
1008 3810 1081 3886 δεῖν
1108 3806 1147 3887 δὲ
1169 3807 1263 3906 ήμιῖς
1289 3811 1456 3916 ἀναμφι-

253 3928 372 4034 λόγως
392 3929 640 4029 ύπολαμβάυιο
668 3935 726 4011 καὶ
753 3929 796 4010 τὸ
823 3937 918 4012 θεῖον
935 3930 1023 4011 αὐτὸ
1050 3931 1357 4036 παρακομίᾷνντας
1385 3930 1458 4013 λό·

85 4083 153 4138 250
163 4080 204 4136 Δ.
223 4091 346 4158 αγιον,
366 4056 589 4136 ἐπιδεικνύειν
608 4055 676 4156 ήδη
694 4054 820 4153 λύχνον
839 4057 906 4160 οόχ
923 4056 1062 4152 ἁπλοῖς,
1083 4054 1183 4135 ἀλλά
1202 4056 1261 4135 καῖ
1282 4056 1463 4162 καιόμενον
1478 4075 1515 4131 30

255 4185 313 4259 καὶ
332 4185 503 4286 φαίνοντα
521 4179 584 4260 τὸν
602 4177 779 4283 μακάριον
796 4180 1016 4279 βαπτιστήν.

294 4348 316 4385 1.
337 4331 457 4402 λέγοντες
471 4331 504 4387 Β.
542 4332 637 4387 Statim
650 4334 680 4386 τό
692 4342 861 4403 assumptum
874 4350 906 4386 ex
921 4332 953 4387 B.
1148 4351 1173 4388 2.
1192 4335 1270 4388 αὐτοῦ
1282 4336 1328 4387 τοῦ
1340 4335 1411 4388 θεοῦ
1425 4334 1463 4390 Β.

255 4419 303 4472 pro
317 4420 389 4455 more
401 4404 537 4473 corrigens
583 4403 771 4458 radditionem
785 4421 838 4457 non
851 4421 981 4459 rasuram.
1203 4404 1244 4459 16.
1262 4407 1342 4473 μόνου
1354 4422 1410 4459 om.
1426 4404 1464 4462 Β.

255 4471 398 4598 ἔφανήνςτιές
413 4474 444 4528 Β.
458 4473 548 4615 ὅντιὲήἸ
568 4473 608 4600 {lai
621 4562 666 4599 om
691 4544 723 4599 Β·
741 4491 784 4546 29.
802 4472 878 4544 αι’ντδ]
892 4474 984 4531 αὐτοὺς
998 4473 1030 4529 Β.
1077 4476 1283 4546 παρακομίζοντα
1295 4477 1388 4547 λόγιον
1401 4477 1464 4530 ε’πι-
