3038 5018
539 872 883 950 ΚΕΦΑΛΑΙΑ

453 1114 506 1162 ΕΝ
541 1116 593 1163 ΤΩ
627 1117 771 1165 nvom
807 1114 968 1165 ΒΙΒΔΙΩ.
1066 1168 1068 1173 ,

114 1381 144 1418 α.
168 1353 242 1420 Ὀτι
263 1355 356 1424 atam
377 1359 426 1424 καὶ
447 1360 505 1442 πρὸ
526 1367 585 1426 τῦν
607 1364 723 1428 αἶόναν
744 1367 761 1428 ὸ
783 1362 968 1446 Μουογενής·
1009 1357 1202 1442 προκειμένου
1223 1361 1313 1440 ῥητοῦ

244 1456 609 1548 Ἒνᾶρχῖιῆνόέιόγος.
1256 1460 1307 1545 [7]

80 1613 147 1688 5β.
165 1607 239 1674 Ὀτι
260 1613 308 1676 καὶ
331 1613 411 1682 Θεὸς
433 1617 589 1696 όμοοόσιος
609 1619 750 1702 ὑπάρχον
772 1621 811 1704 τῷ
835 1619 932 1698 Πατρὸ
955 1620 973 1681 ό
996 1616 1069 1684 Υἱὸς
1092 1617 1125 1680 έν
1149 1616 1208 1698 ἰδέη
1230 1612 1313 1678 ἐστὶν

242 1715 417 1794 ῦποστόσει,
440 1719 547 1797 όμοέος
571 1721 604 1784 δέ
630 1721 678 1784 καὶ
700 1723 716 1785 ὸ
738 1719 853 1802 Πατήρ·
884 1719 1077 1802 προκειμένου
1099 1720 1188 1801 ῥητοῦ
1212 1715 1271 1780 Καὶ
1295 1716 1349 1792 db,

242 1819 663 1902 ΛόγοςῆνπρὸςτὸνΘεόν.
1234 1819 1307 1903 [¹4]
1441 1889 1450 1905 .

115 1996 144 2052 γ.
170 1969 242 2034 Ὀτι
271 1972 320 2035 καὶ
349 1973 431 2042 Θεὸς
459 1977 534 2040 κατὸ
562 1976 666 2057 φόσιν,
695 1975 757 2040 κατ’
788 1975 897 2041 οὐδένα
925 1977 1046 2058 τρόπον,
1073 1973 1092 2055 ἢ
1122 1973 1264 2051 έλόττων,
1292 1971 1311 2052 ἦ

242 2074 377 2154 ὸνόμοιός
398 2077 462 2140 έοτι
481 2083 533 2142 τοῦ
552 2079 671 2160 Πατρὸς
691 2080 708 2141 ὸ
729 2077 810 2154 Υἱὸς,
827 2077 1021 2159 προκειμένου
1040 2079 1130 2160 ῥητοῦ
1152 2077 1211 2140 Καὶ
1230 2076 1312 2144 Θεὸς

60 2196 97 2236 10
240 2175 437 2260 ἦνόΛόγος.
1232 2178 1305 2263 [¹9]

112 2331 139 2390 δ.
177 2328 260 2408 Πρὸς
280 2330 347 2398 τοῦς
368 2338 541 2412 τολμῦντας
560 2333 671 2416 λέγειν,
693 2335 738 2397 ότι
758 2334 858 2415 ἕτερός
878 2334 963 2397 ἔστιν
983 2335 999 2397 ὸ
1022 2329 1190 2399 ένὸιόθετός
1208 2356 1242 2395 τε
1261 2334 1310 2396 καὶ

244 2433 370 2512 φυσικὸς
386 2435 420 2498 έν
435 2436 505 2522 Θειρ
522 2437 569 2500 καὶ
586 2437 682 2518 Πατρὶ
697 2437 806 2517 Λόγος,
822 2437 869 2499 καὶ
885 2436 1014 2516 έτεροςό
1034 2436 1112 2515 παρὸ
1131 2438 1196 2500 ταῖς
1216 2435 1310 2500 θείαις

241 2541 370 2615 γραφαῖς
383 2538 546 2619 λεγόμενος
556 2540 635 2607 Υἱός·
653 2539 719 2603 ἔστι
734 2541 767 2602 δὲ
781 2543 841 2601 τῶν
855 2539 923 2619 περὶ
937 2537 990 2601 τὸν
1001 2537 1150 2617 Εὐνόμιον
1160 2537 1179 2616 ἡ
1191 2538 1308 2614 τοιαύτη

242 2639 407 2717 κακοὸοξέα·
441 2641 591 2721 πρόκειται
619 2643 652 2704 δὲ
680 2641 768 2721 ῥητόν
796 2639 893 2706 Οῦτος
921 2638 959 2718 ἦν
987 2640 1022 2702 έν
1047 2638 1125 2725 ὸρχῇ
1154 2638 1228 2719 πρὸς
1254 2636 1338 2702 τὸνο

61 2755 95 2816 15
241 2740 334 2803 Θεόν.
1230 2741 1302 2825 [29]

110 2913 133 2951 ε.
164 2886 238 2953 Ὀτι
265 2894 339 2956 κατὸ
362 2896 456 2975 φύσιν
482 2894 655 2978 ὸημιουργὸς
680 2897 697 2959 ό
718 2898 791 2962 Υἱὸς
813 2897 888 2975 μετὰ
912 2898 965 2958 τοῦ
988 2892 1115 2975 Πατρός,
1138 2893 1178 2960 ῦς
1201 2895 1233 2957 ἐκ
1256 2896 1308 2972 τῆς

240 2994 341 3063 οὸσέας
360 2997 503 3082 ῦπόρχων
521 2998 622 3076 αὐτοῦ,
641 2999 690 3062 καὶ
708 2999 764 3081 οῦχ
784 2999 886 3078 ὥσπερ
904 2995 1052 3077 ὑπουργὸς
1070 2995 1306 3073 παραλαμβανό·

239 3118 338 3177 μενος·
361 3098 554 3181 προκειμένου
568 3103 658 3183 ῥητοῦ
672 3099 781 3164 Πάντα
795 3097 830 3163 δι’
846 3099 936 3164 αὐτοῦ
949 3094 1079 3179 ἐγένετο.
1230 3095 1301 3180 [43]

109 3277 138 3322 ς.
170 3249 243 3314 Ὀτι
256 3251 314 3332 ζωὴ
329 3256 404 3318 κατὸ
417 3255 511 3335 φύσιν
527 3255 610 3318 ἐστὶν
624 3256 641 3317 ὸ
654 3253 735 3330 Υἱὸς,
752 3255 799 3318 καὶ
813 3255 861 3317 διὸ
879 3254 966 3315 τοῦτο
985 3248 1022 3312 οῦ
1041 3247 1173 3331 γενητὸς,
1189 3246 1257 3312 ἀλλ’
1273 3250 1305 3312 ἐκ

57 3374 94 3414 20
240 3358 290 3435 τῆς
303 3356 407 3424 οὐσίας
424 3361 476 3420 τοῦ
491 3360 574 3422 Θεοῦ
594 3358 641 3421 καὶ
655 3358 783 3438 Πατρός·
806 3352 1000 3436 προκειμένου
1018 3354 1107 3434 ῥητοῦ
1121 3348 1167 3414 ⁶0
1182 3349 1306 3432 γέγονεν

241 3457 502 3544 ἐναντιον.
1229 3452 1300 3538 [49]

108 3618 133 3686 ζ.
166 3609 239 3675 Ὀτι
253 3616 317 3693 φῦς
334 3614 409 3676 κατὸ
425 3612 518 3693 φόσιν
533 3612 616 3676 ἐστὶν
631 3613 648 3675 ό
661 3611 742 3688 Υἱὸς,
759 3611 807 3674 καὶ
821 3612 870 3674 διὸ
884 3612 970 3673 τοῦτο
985 3609 1020 3672 οῦ
1037 3607 1170 3690 γενητὸς,
1186 3604 1255 3670 ἀλλ’
1272 3606 1305 3669 έκ

239 3718 291 3793 ιη”ς
312 3714 416 3780 οὸσέας
436 3718 488 3777 τοῦ
510 3718 593 3779 Θεοῦ
615 3714 663 3788 καὶ
684 3713 813 3794 Πατρὸς,
836 3712 876 3778 ὣς
898 3717 962 3794 φῦς
984 3709 1127 3788 ἀληθινὸν
1147 3711 1180 3773 ἐκ
1206 3707 1305 3789 φατὸς

239 3815 391 3895 ὸληθινοῦ,
416 3814 610 3896 προκειμένου
634 3817 722 3896 ῥητοῦ
749 3814 806 3878 Καὶ
831 3814 850 3893 ἡ
874 3813 932 3893 ζωὴ
957 3812 996 3893 ἣν
1020 3811 1054 3874 τὸ
1079 3816 1143 3892 φῦς
1167 3815 1226 3873 τῶν
1252 3805 1338 3872 τὶν-ἆ

55 3932 94 3994 ²5
239 3918 372 3998 θρόπθν·
1226 3911 1297 3996 [53]

145 4171 172 4221 5.
190 4153 233 4207 καὶ
244 4162 413 4225 asumptum
425 4172 457 4209 ox
471 4155 504 4209 B.
551 4155 619 4224 ὕπαρ
660 4155 722 4226 νεῷ
735 4152 819 4224 Πατρὶ
830 4152 881 4207 hoc
893 4150 986 4205 ordine
999 4149 1032 4204 Β.
1139 4148 1165 4202 8.
1184 4146 1225 4201 καὶ
1237 4147 1303 4204 θεὸς

111 4225 174 4280 κατὸ
216 4221 224 4241 ’
245 4245 270 4278 ιν
280 4223 333 4279 hoc
345 4224 439 4280 ordine
451 4225 484 4280 B.
496 4225 536 4278 καὶ
549 4234 609 4294 poet
619 4176 704 4365 ξόαὶν
715 4233 816 4295 ιτααιρ.
830 4222 881 4276 Ed.
1039 4237 1079 4282 τι,
1095 4234 1135 4272 ια.
1154 4219 1303 4288 Ααςααιρια

110 4297 170 4350 601
208 4293 288 4350 .D.E.
302 4297 359 4369 θειρ
372 4296 414 4350 καὶ
425 4312 457 4349 ox
472 4295 505 4349 Β.
551 4293 631 4350 όεέοις
658 4293 732 4350 έὸέαις
743 4294 785 4348 καὶ
796 4294 875 4349 θείαις
888 4291 919 4345 Β.
1019 4306 1059 4360 13.
1077 4289 1123 4342 τὸν
1133 4299 1301 4358 assumptum

108 4382 142 4420 ex
155 4365 190 4422 Β.
352 4381 394 4433 14.
411 4363 453 4437 δι’]
469 4372 499 4429 ÷
513 4365 544 4421 τὸ
555 4365 644 4419 invitis
658 4363 763 4418 Bm.
926 4361 966 4416 16.
985 4363 1031 4415 τοῦ
1042 4367 1210 4430 assumptum
1222 4375 1255 4411 ex
1268 4356 1301 4412 B.

112 4480 154 4534 19.
172 4445 278 4532 ‚dm
291 4460 324 4515 Β.
404 4476 448 4515 22.
466 4459 672 4532 mamas
684 4455 717 4511 Β.
798 4472 841 4526 ιη.
860 4455 1186 4526 &maxumam
1198 4452 1231 4506 ο.

152 4562 223 4609 Vol..
240 4563 265 4608 1.
