3038 5018
89 293 196 380 vi.35.
254 294 310 357 IN
341 295 374 359 S.
399 294 652 360 JOANNEM.
699 293 883 358 LIB.III.
930 294 1031 358 CAP.
1048 293 1108 356 VI.
1222 293 1285 356 473

89 459 240 556 Ἰησοῦς,
256 460 432 562 διεβίβαζε
450 458 516 559 μέν
534 457 661 542 αῦτοῦς
680 455 742 538 τδν
753 456 947 562 Ἰορδάνην,
963 456 1056 537 καθὰ
1073 458 1285 559 γέγραπται,

90 582 288 684 περιτεμὼν
302 582 340 662 δέ
353 585 544 688 μαχαίραις
557 585 746 685 πετρίναις,
758 586 817 663 καὶ
830 588 878 666 εἷς
892 579 958 680 τὸν
969 585 1038 684 γῆν
1052 585 1116 680 τῆς
1131 581 1286 680 ἐπαγγε-

91 705 173 788 λίας
191 704 453 803 είσκεκομικδις,
474 705 572 813 ἄρτῳ
590 706 719 787 λοιπὸν
737 706 1005 812 ἀποτρέφεσθαι
1030 700 1284 807 παρεσκεύαζε,

92 828 298 928 στήσαντος
316 831 384 932 ἤδη
403 838 467 910 τοῦ
485 828 604 928 μάννα
621 829 687 930 τὴν
699 832 875 937 χορηγίαν
887 838 951 909 τοῦ
970 827 1165 933 πανσόφου
1181 831 1317 910 θεοῦο

61 953 233 1037 5οῦκοῦν·
265 953 415 1039 ὁτιίπος
435 953 503 1058 γὰρ
521 954 588 1054 ἤδη
612 952 992 1055 μετασκευασθήσεται
1014 950 1104 1055 πρὸς
1126 949 1168 1031 τδ
1191 954 1285 1050 ἀλη-

93 1075 276 1179 θέστερον·
306 1077 364 1158 ὅτε
386 1078 596 1179 συνεστάλη
617 1082 792 1177 Μωυσῆς,
811 1076 1007 1172 τουτέστιν,
1026 1075 1084 1157 ὅτε
1110 1080 1173 1175 τῆς
1199 1074 1289 1154 κατὰ

94 1197 205 1300 νόμον
223 1204 388 1306 λατρείας
411 1204 580 1306 ἤργησαν
598 1209 632 1283 οί
655 1203 772 1301 τῦποι,
789 1205 972 1308 ἀνεδείχθη
993 1201 1031 1282 δὲ
1049 1197 1213 1304 Χριστὸς
1231 1199 1288 1304 ἐφ’

95 1325 187 1423 ἡμᾶς
205 1326 226 1404 δ
243 1326 381 1425 ἀληθὴς
399 1328 554 1426 Ἰησοῦς·
587 1325 693 1412 αὐτὸς
717 1327 789 1430 γὰρ
811 1328 964 1407 διέσωσε
984 1337 1006 1374 “
1021 1325 1085 1406 τὸν
1104 1322 1194 1403 λαὸν
1217 1320 1290 1402 ἀπὸ
1335 1319 1457 1435 ξξίἦθδ·

96 1458 116 1494 “
136 1453 210 1526 τῶν
235 1449 418 1552 ἁμαρτιῶν
443 1451 596 1530 αῦτιῦν·”
625 1451 705 1531 τότε
732 1449 896 1551 διέβημεν
914 1449 978 1530 τὸν
996 1447 1190 1552 Ἰορδάνην,
1209 1444 1290 1527 τότε

46 1606 83 1646 ιο
96 1570 162 1670 τὴν
180 1574 218 1652 ἐν
236 1573 409 1672 πνεύματι
431 1573 624 1677 ’περιτομὴν
643 1573 702 1655 διὰ
726 1579 788 1675 τῆς
808 1575 1045 1659 διδασκαλίας
1063 1580 1135 1652 τῶν
1152 1572 1293 1652 δυοκαί-

97 1699 182 1776 δεκα
200 1696 312 1776 λίθων
327 1696 532 1805 ἐδεξάμεθα,
547 1700 709 1779 τουτέστι
728 1705 801 1779 τῶν
815 1700 927 1801 ἁγίων
945 1703 1127 1797 μαθητῶν,
1144 1698 1224 1798 περὶ
1243 1690 1294 1774 ὧν

98 1822 135 1899 έν
152 1819 354 1926 προφήταις
372 1822 583 1925 γέγραπται,
603 1833 624 1869 “
638 1824 692 1903 ὅτι
716 1824 812 1903 λίθοι
836 1823 931 1924 ἅγιοι
952 1821 1136 1902 κυλίονται
1154 1822 1211 1899 ἐπὶ
1230 1823 1293 1918 τῆς

99 1953 121 1991 “
139 1944 242 2045 γῆς·”
272 1951 304 2024 οἱ
323 1944 394 2049 γὰρ
411 1946 456 2047 δὴ
474 1954 600 2027 πᾶσαν
617 1947 909 2049 περινοστοῦντες
930 1981 969 2025 τε
988 1948 1046 2024 καὶ
1065 1941 1324 2027 καταθέοντεςο
1348 1966 1411 2023 828
1420 1964 1461 2019 Δ.

99 2065 165 2167 τὴν
183 2069 389 2171 οἰκουμένην
406 2067 502 2173 ἅγιοι
522 2070 628 2169 λίθοι,
647 2072 747 2150 αὐτοὶ
769 2070 821 2170 δη
837 2066 980 2154 πάντως
1005 2072 1085 2164 εἰσὶ,
1105 2069 1147 2147 δι’
1169 2064 1219 2145 ὧν
1238 2069 1295 2145 καὶ

50 2217 86 2277 15
99 2191 379 2294 περιετμήθημεν
407 2201 579 2300 περιτομῇ
607 2193 864 2301 ἀχειροποιήτῳ
891 2229 937 2300 τη
964 2195 1001 2272 ἐν
1028 2191 1213 2288 πνεύματι,
1238 2186 1296 2268 διὰ
1341 2202 1429 2316 ψ·

103 2316 312 2416 Πνεῦματος
336 2317 488 2417 δηλαδή.
528 2316 585 2398 ὅτε
610 2320 729 2398 τοίνυν
751 2323 800 2401 είς
824 2316 891 2417 τὴν
913 2323 986 2396 τῶν
1008 2317 1167 2418 οὐρανῶν
1184 2311 1292 2413 ε’κλή·
1376 2303 1382 2316 ’

102 2445 214 2538 θημεν
231 2443 424 2537 βασιλείαν
442 2441 499 2521 διᾶ
519 2447 696 2545 Χριστοῦ·
727 2450 834 2521 τοῦτο
859 2440 931 2542 γὰρ
957 2436 1054 2538 οἶμαι
1075 2440 1221 2539 δηλοῦν,
1240 2442 1297 2516 καὶ

101 2567 168 2668 οὐχ
186 2564 306 2668 ἕτερόν
323 2600 357 2645 τι
375 2565 499 2664 πάλιν,
510 2564 552 2647 τὸ
569 2566 739 2665 εἰσβῆυαί
753 2599 850 2648 τινας
869 2571 917 2648 είς
936 2560 1002 2662 τὴν
1020 2566 1090 2663 γῆν
1107 2566 1171 2658 τῆς
1189 2564 1300 2661 ε’παγ-

102 2690 238 2788 γελίας·
269 2688 349 2769 τότε
367 2689 485 2788 μάννα
502 2689 567 2788 μὲν
586 2689 700 2770 οῦκέτι
724 2688 766 2769 τδ
791 2687 940 2769 τυπικδν
958 2689 1014 2793 ἐφ’
1035 2687 1139 2785 ἡμᾶς·
1170 2687 1212 2763 οῦ
1229 2683 1303 2787 γᾶρ

51 2847 90 2887 20
104 2818 176 2896 τοῖς
197 2817 431 2898 Μωυσαῖκοῖς
450 2813 501 2893 ἔτι
519 2811 723 2920 τρεφόμεθα
739 2812 961 2916 γράμμασιν·
991 2811 1097 2914 ἄρτος
1116 2807 1154 2889 δὲ
1172 2805 1301 2889 λοιπὸν

104 2937 123 3013 ὁ
151 2936 196 3041 ἐξ
220 2937 381 3039 οῦρανοῦ,
403 2937 568 3018 τουτέστι
595 2935 768 3039 Χριστὸς,
796 2935 1012 3041 αἰποτρέφων
1033 2935 1125 3033 ἡμᾶς
1151 2939 1197 3017 εἷς
1224 2938 1332 3025 nez-b

105 3063 260 3163 κραίωνα
276 3059 380 3163 ζωὴν,
400 3061 458 3141 διαί
476 3096 513 3141 τε
532 3064 595 3160 τῆς
612 3063 842 3165 ἐπιχορηγίας
861 3067 925 3139 τοῦ
942 3059 1069 3160 Ἀγίου
1091 3055 1301 3152 Πνεῦματος

105 3190 162 3264 καὶ
194 3184 332 3292 μεθέξει
369 3189 432 3285 τῆς
468 3185 556 3268 ἰδίας
587 3184 732 3286 σαρκὸς,
767 3185 960 3280 ἐντιθείσης
995 3183 1078 3282 ἡμῖν
1111 3178 1175 3279 τὴν
1208 3184 1304 3260 Θεοῦ

105 3309 270 3415 μετοχὴν,
300 3312 359 3389 καὶ
392 3308 585 3412 νεκρότητα
616 3306 682 3407 τὴν
712 3309 751 3386 ἐκ
784 3311 846 3406 τῆς
878 3307 1029 3411 ἀρχαίας
1061 3301 1304 3411 ἀφανιζοῦσης

54 3459 91 3517 25
105 3436 203 3536 ἀρᾶς.

142 3625 184 3690 'O
210 3627 385 3714 ἐρχόμενος
413 3625 495 3714 πρὸς
522 3625 561 3702 μὲ
589 3624 626 3687 οὐ
654 3624 697 3701 μὴ
726 3623 876 3714 πεινάσῃ,
904 3624 956 3687 καί
984 3623 1002 3687 ὁ
1031 3623 1190 3688 πιστεύων
1219 3615 1266 3683 εἷο

444 3751 501 3829 ἐμὲ
529 3751 566 3817 οὐ
594 3749 637 3826 m}
662 3748 789 3839 διψήσῃ
816 3748 963 3818 πώποτε.

167 3918 373 4018 Κέκρνπταί
397 3951 433 3995 τι
460 3917 572 3997 πάλιν
599 3919 636 3996 ἐν
664 3919 812 4013 τούτοις,
840 3915 927 4018 ὅπερ
958 3919 1067 3993 εἰπεῖν
1096 3911 1302 4011 ἀναγκαῖον.

110 4042 187 4124 ἔθος
216 4040 286 4143 γὰρ
316 4048 368 4148 τῷ
397 4044 537 4143 Σωτῆρι
565 4046 730 4148 Χριστῷ,
760 4046 838 4123 ταῖς
871 4045 942 4117 τῶν
971 4037 1082 4138 ἁγίων
1110 4033 1231 4140 δόξαις
1265 4033 1307 4110 οῦ

59 4205 97 4261 30
110 4165 257 4269 σφόδρα
285 4171 508 4272 φιλονεικεῖν,
531 4165 616 4243 ἀλλ’
637 4167 676 4243 ε’κ
704 4170 775 4242 τῶν
797 4165 963 4241 ε’ναντίων
986 4162 1043 4238 καὶ
1072 4153 1336 4263 ἀξιαγοίστοιςο

148 4400 172 4455 7.
191 4388 242 4456 γὰρ
255 4405 304 4457 pro
317 4387 345 4441 δέ
360 4386 391 4439 Β.
526 4385 552 4439 8.
569 4383 621 4439 ἀπὸ
636 4383 667 4438 Β.
681 4382 709 4436 έκ
723 4381 774 4436 Ed.
912 4378 952 4432 16.
973 4373 1133 4447 Πνεῦματος]
1147 4376 1261 4429 πίστεως
1275 4372 1307 4427 Β.

115 4475 156 4526 ιι).
174 4459 221 4525 μέν
232 4459 314 4525 μάννα
326 4458 431 4511 inverso
445 4455 539 4510 ordine
553 4455 585 4510 B.
659 4471 701 4523 ²3·
719 4452 778 4523 τὴν]
796 4459 828 4515 †'
841 4453 887 4504 τοῦ
902 4450 951 4504 Ed.
965 4448 1054 4504 invitis
1070 4446 1140 4500 RD.
1215 4445 1309 4513 28.δδ

112 4546 161 4597 pro
173 4550 197 4580 τι
212 4528 243 4582 Β.
352 4544 393 4598 29.
412 4527 463 4598 γὰρ
476 4536 644 4597 assumptum
658 4544 688 4579 ex
706 4525 737 4579 B.

157 4631 226 4674 νοι..
244 4631 266 4674 1.
708 4628 727 4692 3
746 4627 761 4669 ν
