3038 5018
227 280 290 341 184
529 280 568 343 Β.
592 277 803 343 CYRILLI
833 276 1121 342 ALEXANDR.
1272 277 1294 341 i.
1307 297 1361 364 32,
1373 296 1426 362 33.

224 476 266 544 γε
292 447 356 541 τῆς
380 442 434 524 ἐπ’
455 444 567 551 άμφω
594 443 712 548 κύριος
740 443 800 540 ὢν,
818 448 936 551 πικρῴ
963 441 1208 545 συνηρπάσθη
1236 439 1344 548 δόλῳ,
1367 445 1428 521 καὶ

188 568 423 650 δάποκλίνας
456 573 506 652 εἰς
540 566 738 671 παρακοὴν,
768 567 890 647 πίπτει
926 565 991 663 μὲν
1024 571 1073 649 είς
1105 563 1170 663 τὴν
1203 564 1286 645 ὅθεν
1316 565 1428 671 ἐξέφυ

225 691 361 797 μητερα
387 689 453 789 τὴν
481 694 559 791 γῆν,
588 695 711 797 φθορᾷ
743 688 781 769 δὲ
811 689 879 789 ἤδη
911 692 969 769 καὶ
1001 687 1146 795 θανάτῳ
1179 687 1428 791 κρατούμενος,

224 813 302 921 ὅλερ
329 813 559 917 παραπέμπει
585 818 636 920 τῷ
664 812 758 914 γε’νει
785 811 851 912 τὴν
879 812 1015 915 ζημίαν·
1053 812 1296 918 αὐξανομένου
1324 810 1362 890 δὲ
1389 813 1428 889 ἐν

226 936 310 1035 ἡμῖν
337 941 395 1016 καὶ
421 935 667 1036 πληθύνοντος
695 946 760 1016 τοῦ
788 944 909 1033 κακοῦ,
938 938 995 1015 καὶ
1026 933 1117 1037 πρὸς
1150 932 1192 1015 τά
1225 941 1343 1039 χεῖρον
1373 936 1462 1014 άεὶ5

226 1059 514 1159 καταβαινούσης
530 1063 602 1158 ,τῆς
626 1061 663 1138 ἐν
687 1059 772 1158 ἡμῖν
795 1060 961 1156 διανοίας,
980 1059 1242 1154 βεβασίλευκεν
1261 1058 1282 1156 ἡ
1308 1058 1426 1160 ἁμαρ-

226 1183 299 1281 τία,
320 1183 439 1284 γυμνή
461 1218 500 1263 τε
525 1185 618 1263 οὕτω
643 1183 774 1263 λοιπὸν
796 1192 861 1262 τοῦ
885 1182 1142 1278 ε’νοικισβέντος
1161 1184 1290 1282 Ἀγίου
1310 1181 1427 1261 Πνεύ-

45 1309 118 1439 ’ῒν
129 1308 146 1357 ³·
158 1321 181 1371 ⁵·
227 1340 339 1404 ματος
356 1308 378 1407 ἡ
398 1306 587 1412 ἀνθρώπου
606 1306 719 1410 φύσις
735 1309 968 1387 ἀνεδείκνυτο.
1009 1317 1032 1354 “
1045 1303 1179 1409 Ἀγιον
1196 1305 1268 1409 γὰρ
1286 1313 1430 1400 πνεῦμα

197 1440 250 1505 c“
269 1432 404 1538 σοφίας
424 1430 592 1538 φεύξεται
611 1428 732 1527 δόλον,
746 1429 840 1511 καθὰ
857 1431 1067 1534 γέγραπται,
1087 1433 1145 1509 καὶ
1163 1431 1205 1509 ού
1223 1427 1430 1529 κατοικήσει

227 1566 249 1602 “
267 1557 305 1633 ε’ν
333 1554 476 1651 σώματι
508 1551 691 1662 κατάχρεῳ
723 1555 932 1658 άμαρτίας.”
980 1557 1054 1635 ε’πεὶ
1085 1555 1205 1634 τοίνυν
1233 1556 1253 1632 ὁ
1285 1560 1429 1655 πρῶτος
1447 1588 1481 1628 ιο

226 1677 347 1776 Ἀδὰμ
364 1676 430 1777 τὴν
447 1677 547 1780 παρὰ
566 1683 662 1758 Θεοῦ
680 1682 850 1758 δοθεῖσαν
869 1679 911 1758 ού
930 1677 1085 1759 διέσωσε
1103 1676 1220 1782 χάριν,
1234 1675 1430 1776 ἐπενόησεν

228 1801 312 1900 ἡμῖν
340 1801 383 1907 ἐξ
412 1802 562 1902 ούρανοῦ
591 1800 655 1880 τὸν
683 1801 845 1905 δεύτερον
873 1798 994 1901 Ἀδάμ
1024 1804 1044 1881 ὁ
1072 1799 1166 1885 Θεὸς
1194 1805 1252 1880 καὶ
1282 1799 1426 1903 Πατήρ.

227 1923 358 2021 πέμπει
385 1923 456 2027 γὰρ
483 1931 531 2008 εἱς
560 1925 733 2023 ὁμοίωσιν
760 1923 827 2023 τὴν
853 1922 944 2028 πρὸς
971 1926 1063 2024 ἡμᾶς
1093 1922 1269 2026 άτρεπτόν
1295 1957 1335 2003 τε
1368 1927 1430 2002 καὶ

229 2049 476 2129 ἀναλλοίωτον
503 2047 590 2128 ὄντα
617 2055 662 2153 τῇ
691 2047 802 2153 φύσει
829 2046 892 2128 τὸν
918 2047 1007 2126 ’ίδιου
1024 2047 1125 2146 Υίὸν,
1154 2045 1279 2127 καὶτὸ
1306 2048 1425 2150 ἁμαρ-

63 2171 135 2220 Rom.
147 2185 170 2219 v.

66 2249 103 2300 19·
229 2170 347 2252 τάνειν
384 2173 448 2251 ούκ
484 2172 602 2251 εἰδότα
641 2178 840 2269 παντελῶς,
878 2173 936 2251 ἵνα
973 2171 1134 2275 καθάπερ
1171 2168 1229 2250 διὰ
1264 2175 1327 2268 τῆς
1363 2179 1429 2250 τοῦ
1447 2203 1481 2262 15

229 2296 373 2399 πρώτου
390 2300 574 2400 παρακοῆς
597 2294 666 2375 ὑπὸ
689 2296 787 2376 θείαν
805 2295 1004 2398 γεγόναμεν
1015 2292 1145 2398 ’ὀργὴν,
1164 2297 1257 2375 οὕτω
1281 2293 1339 2373 διὰ
1364 2298 1430 2392 τῆς

232 2421 388 2525 ῦπακοῆς
413 2428 476 2499 τοῦ
500 2416 672 2521 δευτέρου,
691 2424 749 2498 καί
772 2418 839 2519 τὴν
861 2418 952 2524 ἀρὰν
974 2419 1205 2525 διαφύγωμεν
1227 2421 1286 2498 καὶ
1312 2416 1359 2497 τὰ
1386 2417 1434 2524 ἐξ

198 2543 340 2649 δαότῆς
372 2541 519 2648 άργῆσῃ
551 2541 655 2622 κακά.
712 2540 833 2642 ἐπειδὴ
861 2543 899 2623 δὲ
927 2544 1115 2646 ἅνθρωπος
1142 2543 1288 2645 γε’γονεν
1316 2544 1336 2621 ὁ
1364 2550 1432 2622 τοῦ

233 2671 329 2745 Θεοῦ
348 2665 485 2766 Λόγος,
510 2665 649 2770 δέχεται
672 2664 715 2746 τδ
739 2672 888 2766 Πνεῦμα
914 2665 1015 2771 παρὰ
1041 2675 1105 2746 τοῦ
1130 2665 1285 2768 Πατρός,
1309 2670 1356 2751 ὡς
1380 2663 1432 2749 εἷς

232 2789 276 2895 ἐξ
301 2789 410 2887 ἡμῶν,
434 2791 500 2894 οῦχ
527 2791 640 2896 ἑαυτῷ
667 2824 702 2869 τι
728 2789 926 2890 λαμβάνων
948 2796 1077 2875 ἶδικῶς·
1113 2788 1218 2873 αὐτὸς
1243 2789 1315 2891 γάρ
1339 2787 1385 2888 ἦν
1408 2791 1481 2868 ὀνο

233 2921 297 2991 τοῦ
317 2911 525 3011 Πνεύματος
542 2912 707 3018 χορηγός·
732 2916 816 2992 ἀλλ’
835 2915 894 2992 ἵνα
911 2921 956 3018 τῇ
976 2914 1086 3020 φύσει
1104 2913 1271 3019 διασώσῃ
1290 2912 1431 3011 λαβὼν,

233 3039 281 3121 ὡς
300 3036 496 3139 ἅνθρωπος,
515 3040 573 3117 καὶ
596 3037 730 3143 ῥιζώσῃ
752 3036 863 3117 πάλιν
882 3039 920 3117 ἐν
940 3038 1022 3137 ἡμῖν
1040 3036 1106 3137 τὴν
1123 3037 1432 3143 άποφοιτήσασαν

233 3158 338 3264 χάριν
369 3163 389 3240 ὁ
421 3161 471 3260 μὴ
504 3162 603 3246 εἰδὼς
636 3161 824 3265 ἁμαρτίαν.
878 3160 936 3241 διά
967 3160 1101 3261 ταύτην
1128 3159 1200 3265 γάρ
1232 3159 1330 3260 οἶμαι
1363 3159 1433 3261 τὴν

234 3284 349 3362 αἰτίαν
377 3285 664 3386 προστεθεικε’ναι
696 3286 882 3389 χρησίμως
914 3283 978 3365 τὸν
1005 3279 1109 3385 ἅγιον
1136 3283 1352 3383 βαπτιστῆν,
1381 3285 1432 3365 ’ότι

204 3403 394 3511 οτεθέαμαι
410 3411 445 3486 τῦ
466 3410 606 3511 Πνεῦμα
626 3411 836 3499 καταβαῖνον
854 3409 889 3516 ἐξ
910 3409 1036 3514 οὐρανοῦ
1056 3413 1116 3486 καὶ
1135 3405 1227 3510 μόνον
1246 3408 1298 3487 ἐπ’
1319 3410 1429 3489 αὐτόν.
1448 3442 1481 3498 25

234 3528 375 3626 άπέπτη
392 3529 457 3627 μὲν
476 3527 548 3633 γὰρ
566 3530 609 3636 ἐξ
626 3532 725 3629 ἡμῶν
745 3529 803 3610 διὰ
820 3530 886 3630 τὴν
905 3530 1092 3634 ἁμαρτίαν,
1111 3528 1236 3631 γε’γονε
1257 3527 1294 3608 δέ
1317 3535 1365 3615 ὡς
1382 3530 1434 3617 εἷς

233 3652 277 3758 ἐξ
298 3653 408 3750 ἡμῶν,
427 3644 522 3752 ὁμὴ
546 3653 646 3736 είδεῦς
670 3655 857 3754 ἁμαρτίαν,
879 3655 935 3733 ἵνα
961 3657 1190 3757 προσεθισθῇ
1215 3651 1257 3731 τδ
1283 3659 1434 3753 Πνεῦμα

233 3778 350 3873 με’νειν
362 3779 399 3855 ἐν
418 3775 512 3875 ἡμῖν,
528 3777 696 3882 ἀφορμὴν
714 3778 778 3856 οῦκ
799 3777 881 3881 ἔχου
899 3774 1162 3881 ἀναχωρήσεως
1179 3773 1203 3876 ἢ
1223 3777 1433 3877 ὑποστολῆς

233 3901 271 3978 ε’ν
288 3890 396 4006 άῦτῴ.

290 4023 434 4102 Οὐκοῦν
452 4022 535 4121 ἡμῖν
554 4024 596 4101 δι’
617 4023 744 4103 ἑαυτοῦ
772 4022 950 4122 λαμβάνει
967 4021 1009 4102 τδ
1030 4028 1188 4124 Πνεῦμα,
1207 4026 1265 4103 καὶ
1291 4026 1481 4112 ἀνανεοῖ3<

273 4239 296 4276 1.
315 4223 343 4276 δι’
356 4241 404 4293 pro
415 4245 445 4293 γε
458 4223 491 4276 Β.
593 4243 619 4290 4.
638 4224 810 4293 αὐξανομένου
824 4224 856 4279 Β.
869 4225 900 4278 αῦ
932 4224 1009 4291 με’νου
1022 4223 1073 4278 Ed.
1180 4241 1206 4291 5,
1224 4228 1271 4278 τοῦ
1282 4222 1373 4293 κακοῦ]
1387 4226 1436 4294 τῆς

233 4294 281 4363 γῆς
293 4294 391 4347 καὶτοῦ
403 4297 481 4347 κακοῦ
496 4294 527 4347 Β.
656 4312 697 4364 13.
716 4317 744 4349 τε
757 4313 810 4348 om.
823 4294 856 4349 B.
869 4294 904 4348 ha
924 4304 949 4347 et
963 4293 1044 4349 Cord.
1172 4311 1214 4361 14.
1231 4294 1386 4364 ἁμαρτάνειν
1399 4295 1435 4351 Β.

236 4362 317 4418 Cord.
330 4363 451 4432 ἁμαρτεῖν
464 4364 515 4418 Εδ.
616 4382 658 4419 21.
676 4364 736 4419 ἀλλ’
749 4375 916 4434 assumptum
930 4383 962 4418 ex
979 4364 1036 4418 B.a.
1051 4363 1132 4419 Cord.
1237 4383 1280 4432 τι.
1299 4364 1435 4435 προτεθει·

235 4432 303 4486 κέναι
317 4434 349 4488 B.
361 4435 451 4488 invitis
464 4435 571 4490 catenis.
657 4449 699 4506 25.
717 4434 795 4504 με’νον
808 4435 866 4489 aa.
880 4435 962 4490 Cord.
976 4433 1029 4560 [ιφ.
1041 4436 1139 4504 ἔμεινεν
1152 4434 1203 4491 Ed.
1284 4449 1326 4506 27.
1345 4456 1436 4505 προσ·

235 4503 326 4572 εθισθῇ
341 4504 423 4559 Cord.
433 4505 578 4575 προεθισθῇ
592 4506 627 4574 (si
641 4515 709 4561 recte
722 4507 835 4575 contuli)
848 4505 900 4561 αλ).
913 4527 998 4576 προσε
1016 4507 1060 4575 ιὀῃ
1074 4504 1125 4560 Ed.
