3038 5018
94 291 181 360 i.18.
290 294 346 359 IN
377 295 411 358 S.
436 292 692 358 JOANNEM.
738 291 885 358 LIB.I.
932 293 1035 357 cAP.
1058 292 1100 358 X.
1231 296 1292 358 155

95 468 118 506 “
136 455 199 538 τὸν
218 458 337 563 ἕτερον
356 463 413 539 καὶ
432 456 562 562 ’ἐλεγου
575 455 706 559 Ἀγιος
728 453 828 559 ἅγιος
848 456 950 558 ἅγιος
970 460 1102 563 Κύριος
1120 455 1292 556 σαβαὼθ,

95 590 118 628 “
135 582 278 685 πλήρης
295 590 400 663 πᾶσα
424 584 447 682 ῆ
471 587 519 686 γῆ
542 587 606 682 τῆς
625 580 733 688 δόξης
752 581 890 662 αῦτοῦ.”
929 579 1094 684 Ἰεζεκιῆλ
1120 581 1158 662 δέ
1182 580 1295 663 πόλιν

93 704 287 810 διαρῤῆδηυ
307 707 390 806 ἡμῖν
411 702 705 807 ἀνακεκραγότος,
726 704 780 784 ὅτι
805 707 864 783 καὶ
890 705 1057 786 θεάσαιτο
1081 704 1127 785 τὰ
1152 710 1290 807 Χερου·

93 832 172 928 βὶμ,
203 830 391 934 στερέωμα
422 829 487 928 μέν
521 833 569 912 ὡς
606 830 644 907 ἐν
682 828 762 907 εἴδει
798 827 1004 935 σαπφείρου
1042 835 1118 912 ταῖς
1155 830 1295 911 οἰκείαις

59 951 337 1052 5ἐπηρτημένον
371 949 501 1055 έχοντα
534 953 719 1054 κεφαλαῖς,
751 949 808 1026 ἐπὶ
841 946 970 1049 θρόνου
1003 946 1041 1027 δέ
1073 949 1200 1044 ὁμοίως
1232 945 1296 1027 τὸν
1377 1027 1380 1031 .

97 1072 233 1175 Κύριον
250 1073 417 1168 σαβαεόθ·
438 1072 535 1175 λέγει
553 1070 626 1174 γὰρ
644 1072 696 1152 ἐπ’
718 1073 825 1170 αι’πῆς
845 1074 936 1150 οὕτω
955 1075 1019 1170 τῆς
1036 1070 1166 1179 λέξεως
1186 1084 1207 1120 “
1223 1077 1295 1152 Καὶ
1341 1062 1447 1192 Ξέἷξρῗ·

96 1206 119 1243 “
138 1195 223 1294 ίδοῦ,
242 1201 347 1304 φησὶ,
367 1195 470 1303 φωνὴ
496 1193 722 1298 ῦπεράνωθεν
745 1201 809 1273 τοῦ
835 1195 1081 1297 στερεῶματος
1107 1205 1171 1276 τοῦ
1195 1194 1297 1280 ὄντος

96 1330 119 1366 “
137 1320 225 1422 ῦπέρ
243 1324 405 1426 κεφαλῆς
424 1321 551 1414 αὐτῶν,
565 1322 624 1398 καὶ
643 1315 869 1421 ῦπεριίνωθευ
887 1326 952 1398 τοῦ
968 1318 1215 1422 απερεώματος
1232 1327 1329 1402 τοῦδ

96 1453 119 1490 “
138 1442 226 1546 ῦπέρ
244 1449 406 1552 κεφαλῆς
425 1444 543 1522 αὐτῶν
561 1445 609 1527 ὡς
628 1441 755 1543 ὅρασις
774 1443 880 1520 λίθου
898 1441 1116 1549 σαπφείρου,
1137 1443 1298 1542 ὁμοίωμα

45 1606 82 1649 ιο
95 1577 118 1615 “
138 1567 268 1668 θρόνου
301 1569 354 1648 ἐπ’
387 1569 507 1663 αὐτοῦ,
541 1568 599 1645 καὶ
629 1567 688 1644 ἐπὶ
719 1572 783 1643 τοῦ
815 1564 1037 1663 όμοιῶματος
1069 1573 1133 1645 τοῦ
1168 1566 1298 1669 θρόνου

96 1700 119 1737 “
138 1691 299 1787 ὁμοίωμα
327 1693 374 1774 ὡς
403 1686 493 1772 εἶδος
521 1687 712 1790 ἀνθρώπου
740 1688 885 1768 ἄνωθεν·
927 1693 985 1769 καὶ
1013 1685 1106 1767 εἶδον
1133 1692 1180 1772 ὡς
1209 1689 1298 1797 ὄφιν

97 1822 119 1861 “
137 1813 313 1914 ἠλέκτρου
338 1811 409 1892 ἀπὸ
436 1809 596 1914 ὁράσεως
623 1809 763 1916 ὀσφύος
791 1816 848 1889 καὶ
876 1810 1005 1909 ἐπάνω,
1028 1815 1085 1890 καὶ
1109 1811 1182 1892 ἀπὸ
1207 1812 1295 1916 ὁρά-

97 1945 119 1981 “
138 1969 230 2018 σεως
260 1936 401 2044 ὀσφύος
429 1938 486 2014 καὶ
514 1935 578 2017 ἐως
607 1933 713 2030 κάτω,
737 1936 794 2012 καὶ
822 1931 914 2013 εἶδον
938 1938 985 2019 ὡς
1013 1935 1143 2039 ὅρασιν
1168 1932 1294 2037 πυρὸς,

97 2068 121 2104 “
140 2061 198 2139 καὶ
221 2057 264 2138 τὸ
293 2057 431 2165 φέγγος
454 2059 564 2137 αὐτοῦ
589 2058 709 2165 κύκλῳ
735 2058 784 2140 ὡς
809 2056 934 2157 ὅρασις
959 2055 1079 2164 τόξου,
1105 2056 1192 2138 ὅταν
1213 2057 1236 2164 ᾖ
1260 2063 1298 2138 ἐν

46 2213 83 2274 15
98 2193 122 2230 ‘⁴
139 2188 184 2288 τῇ
204 2182 337 2289 νεφέλῃ
359 2185 396 2262 ἐν
414 2183 560 2284 ἡμέραις
587 2184 698 2278 ὑετοῦ,
717 2180 827 2264 οὕτως
852 2180 875 2278 ῆ
901 2179 1027 2282 ὅρασις
1051 2190 1115 2261 τοῦ
1141 2184 1299 2286 φέγγους

98 2317 121 2354 “
140 2306 325 2403 κυκλόθεν,
361 2309 451 2405 αὕτη
493 2307 516 2405 ῆ
559 2304 686 2408 ὅρασις
722 2303 943 2402 ὁμοιώματος
981 2303 1089 2412 δόξης
1127 2300 1296 2407 Κυρίου.”

98 2430 225 2509 ούκοῦν
250 2430 436 2529 ἐπειδήπερ
460 2429 604 2511 ἐλπίδος
630 2425 675 2526 ἦν
698 2429 738 2507 οῦ
761 2426 913 2529 μακρὰν,
935 2424 1081 2507 τοιαῦταί
1104 2461 1183 2506 τινα
1207 2426 1327 2532 πρόςο

98 2553 191 2650 ἡμᾶς
227 2555 317 2654 ἐρεῖν
349 2554 413 2631 οῦκ
450 2553 596 2651 ιἰλίγους
632 2558 705 2630 τῶν
738 2550 1007 2653 ἀμαθεστέρων,
1042 2553 1242 2653 ἀναγκαίως
1279 2555 1299 2633 ό

99 2672 270 2775 μακάριος
297 2672 573 2777 Εῦαγγελιστὴς
600 2673 812 2754 ἀνακόπτειν
831 2676 948 2753 αὐτῶν
975 2673 1037 2756 τὰς
1064 2675 1300 2780 ἐπιχειρήσεις·

45 2838 87 2878 20
100 2797 274 2900 ἐπείγεται
293 2799 412 2899 λέγων
432 2804 512 2878 Θεδι
534 2793 634 2883 οὐδεὶς
659 2797 784 2900 ἑόρακε
810 2799 961 2876 πώποτε·
993 2795 1098 2882 αὐτὸς
1123 2797 1194 2901 γὰρ
1214 2805 1299 2886 Θεδς

100 2917 150 3000 εῦν
167 2929 182 3000 ί
202 2920 394 3024 Μιιιγενῆς,
415 2931 430 3002 ὁ
453 2924 491 3001 ἐν
512 2924 658 3004 κόλποις
678 2919 718 3000 ῦι
738 2923 793 3000 τοῦ
812 2925 907 2999 Θεοῦ
927 2926 984 2999 καὶ
1005 2923 1147 3028 Πατρὶς,
1167 2923 1299 3024 ταύτην

100 3042 189 3146 πρὸς
208 3045 300 3144 ἡμᾶς
318 3043 512 3144 ἐποιήσατο
531 3042 596 3137 τῆν
611 3043 796 3151 ἐξῆγησιν,
814 3042 903 3145 πρὸς
922 3040 987 3143 μέυ
1004 3042 1068 3123 τὸν
1087 3044 1299 3150 ἱεροφάντην
1464 3100 1469 3109 ·

1221 3178 1242 3214 κ
1280 3167 1291 3193 “
1344 3161 1425 3213 Exod.

101 3166 265 3246 Μωυσέα
289 3168 508 3272 σαφέστατα
535 3168 578 3266 δὴ
603 3172 688 3248 λίαν
711 3165 829 3264 εἰπὼν,
849 3166 903 3246 ότι
928 3169 1041 3250 οὐδεὶς
1065 3165 1195 3272 ὄψεται
1255 3203 1298 3248 το
1343 3227 1432 3288 mffi

99 3300 122 3337 “
139 3289 338 3392 πρόσωπόν
364 3326 445 3390 μου,
474 3297 532 3370 καὶ
564 3290 741 3394 ζῆσεται·”
780 3287 872 3392 πρὸς
902 3289 945 3368 δέ
971 3323 1012 3392 γε
1041 3289 1125 3375 τοῦς
1153 3292 1299 3377 οἰκείους
1346 3306 1384 3342 ²⁰·

47 3446 87 3507 25
100 3412 192 3493 κατὰ
216 3413 338 3516 καιρὸν
360 3415 524 3515 μαθητάς
543 3426 563 3460 “
578 3415 662 3516 Οῦχ
690 3412 744 3490 ότι
772 3410 836 3491 τὸν
857 3411 1002 3514 Πατέρα
1029 3413 1165 3517 ἑώρακέ
1187 3450 1250 3513 τις,
1270 3422 1299 3496 εί
1344 3433 1415 3549 Ῑιόιΐη
1425 3434 1460 3482 vi.

101 3547 123 3584 “
141 3536 191 3637 μῆ
210 3539 231 3616 ὁ
250 3536 299 3616 ὧν
316 3537 415 3638 παρὰ
432 3546 497 3617 τοῦ
516 3543 623 3629 Θεοῦ,
644 3536 746 3619 οὗτος
765 3535 897 3639 ἑώρακε
916 3534 980 3615 τὸν
996 3537 1171 3641 Πατέρα.”
1201 3539 1299 3648 μόυιμ
1344 3514 1385 3564 4’

100 3659 173 3763 γὰρ
191 3665 269 3766 Υίῴ
293 3664 344 3767 τῷ
368 3660 459 3739 κατὰ
484 3659 597 3763 φύσιν
616 3657 742 3760 ὁρατὸς
765 3660 785 3737 ὁ
807 3654 937 3760 Πατῆρ
963 3663 1021 3738 καὶ
1045 3661 1166 3758 οὕτως,
1184 3665 1232 3746 ὡς
1255 3663 1333 3741 ἅνά

100 3817 153 3865 τις
172 3782 311 3863 εἰκάσαι
330 3789 535 3885 θεοπρεπῶς
553 3781 617 3881 τὴν
636 3782 735 3861 θείαν
754 3783 841 3884 δρῦν
859 3815 897 3861 τε
917 3785 975 3861 καὶ
994 3784 1148 3885 ὁρᾶσθαι
1167 3784 1297 3889 φύσιν,

100 3906 207 4014 ἐτέριρ
226 3904 264 3985 δέ
282 3912 354 3984 τῶν
372 3903 486 3985 ὄντων
505 3906 631 3983 οὐδενί·
663 3904 898 4010 διαφεύσεται
915 3904 1030 4006 γεμῆυ
1048 3907 1210 4004 οὐδαμῶς
1228 3914 1301 3986 τῶν

48 4077 87 4132 30
100 4031 214 4131 ἁγίων
240 4035 437 4137 προφητῶν
465 4030 485 4109 ὁ
514 4028 635 4130 λόγος,
660 4029 851 4131 ἑωρακέναι
879 4027 1049 4122 βοώντων
1076 4027 1140 4108 τὸν
1165 4028 1300 4131 Κύριον
1346 4042 1466 4092 Eum.

137 4255 162 4313 7.
180 4242 249 4313 φησί
261 4259 315 4296 om.
329 4240 362 4296 B.
441 4242 468 4296 8.
488 4240 563 4296 Haec
575 4240 616 4295 καί
628 4241 791 4311 ῦπεριίυωθεν
802 4244 849 4295 τοῦ
861 4241 1039 4310 στερεώματος
1049 4243 1096 4294 τοῦ
1108 4240 1172 4312 ῦπέρ
1184 4244 1300 4312 κεφαλῆς

101 4313 185 4368 αὐτῶν
202 4321 341 4437 ιυιουωφῑα
358 4329 390 4367 ex
410 4311 443 4366 Ε.
456 4312 572 4382 Georgio
590 4311 777 4380 Trapezuntio.
798 4312 926 4382 (ὑπεράνω
944 4328 993 4434 Bm
1009 4310 1173 4402 φπεριίνωθεν
1190 4322 1300 4382 excepto

102 4383 247 4438 Alex.Xll
260 4400 293 4438 su
325 4381 417 4451 aster.)
554 4398 595 4505 ιζ.
614 4403 670 4441 τινα
682 4400 736 4435 om.
751 4381 784 4437 Β.
929 4397 940 4434 ῐ
963 4402 1034 4435 ,ουκ
1047 4386 1301 4455 ολιγουςαεςυωρὶο

101 4454 255 4510 ιυιΒ.[).Ε.
387 4469 429 4506 20.
449 4453 561 4508 θεὸςδν
591 4468 623 4505 oe
635 4451 729 4505 ordine
742 4452 813 4507 D.E.
825 4453 861 4507 δν
873 4469 927 4507 om.
942 4451 974 4509 B.
1111 4469 1154 4508 21.
1173 4453 1300 4508 baltu-

102 4534 241 4597 sumptum
253 4541 285 4578 ex
300 4522 333 4577 B.
441 4538 485 4592 23.
503 4521 534 4591 δι)
547 4531 573 4577 et
583 4544 634 4591 μου
646 4527 786 4593 assumpta
796 4541 830 4578 ex
843 4521 876 4577 B.

671 4623 728 4671 Η
