3038 5018
533 1036 776 1113 ΚΕΦΑΛΗ
822 1038 864 1113 Γ.

135 1324 210 1392 Ὅτι
232 1326 282 1391 καὶ
303 1323 384 1393 Θεὸς
406 1326 479 1390 κατὸ
501 1324 603 1408 φύσιν,
626 1326 676 1391 καὶ
698 1323 759 1391 κατ’
783 1325 890 1392 οὐδένα
911 1320 1061 1409 τρόπονῆ
1084 1320 1258 1402 ὸλόττονῆ

404 1454 543 1535 ὸνθμοιός
565 1455 630 1519 ἔστι
651 1457 704 1518 τοῦ
726 1452 845 1537 Πατρὸς
866 1454 883 1517 ὸ
904 1455 986 1522 Υἱός.

494 1686 552 1753 Καὶ
579 1687 663 1758 Θεὸα
690 1685 729 1755 ἦν
756 1689 775 1757 ὁ
801 1689 911 1765 Λότοα.

66 1921 85 1981 5
156 1905 266 1980 ΟΥΚ
286 1898 467 2002 ἠγνόησεν
486 1903 506 1983 ό
527 1898 834 2009 πνευματοφόρος,
853 1903 902 1986 ὡς
919 1897 1193 2000 όναστήσονταί
1206 1911 1332 1981 τινεςᾶ

98 2025 137 2104 έν
173 2022 342 2127 ἐσχάτοις
379 2032 513 2129 καιροῖς
549 2031 613 2124 τῆς
649 2034 713 2106 τοῦ
752 2031 982 2127 Μονογενοῦς
1019 2029 1299 2125 καπργοροῦντες

98 2146 227 2229 οὐσίας
246 2155 268 2194 “
282 2148 342 2227 καὶ
360 2145 424 2227 τὸν
442 2147 678 2252 ἀγοράσαντα
695 2147 823 2233 αὐτοὺς
841 2146 1039 2248 Δεσπότην
1057 2144 1297 2249 ἀρνούμενοι,”
1344 2139 1467 2256 ffiffi

100 2267 160 2348 διὸ
182 2276 247 2349 τοῦ
272 2267 364 2349 κατὰ
389 2269 505 2377 φύσιν
522 2272 660 2352 οἴεσθαι
684 2271 735 2372 μὴ
761 2268 850 2352 εἶναι
868 2270 964 2352 Θεὸν
982 2268 1045 2349 τὸν
1064 2270 1103 2348 εἰι
1122 2273 1218 2348 Θεοῦ
1239 2270 1299 2347 καὶ

101 2392 247 2495 Πατρὸς
271 2391 461 2499 πεφηνότα
478 2392 611 2497 Λόγον,
630 2393 732 2474 ἀλλὰ
757 2394 863 2475 νόθον
881 2392 1006 2496 ὥσπερ
1027 2389 1182 2473 τινὰκαὶ
1201 2396 1297 2496 φευ·

50 2552 87 2592 ιο
100 2514 263 2614 διόνυμον
290 2515 373 2616 ἡμῖν
401 2518 689 2624 ἐπεισφέρεσθαι,
718 2516 760 2598 τὸ
788 2515 855 2618 μέν
882 2521 946 2618 τῆς
978 2513 1137 2616 νῖότητός
1168 2548 1207 2596 τε
1239 2517 1299 2594 καὶ

97 2636 267 2739 θεότιμος
303 2638 417 2737 ὄνομα
452 2643 702 2742 περικείμενον,
734 2640 863 2745 ἔχοντα
899 2641 937 2721 δὲ
974 2640 1041 2746 οὐχ
1077 2640 1170 2718 οὕτω
1206 2636 1299 2717 κατὰ
1383 2722 1386 2728 ,

98 2759 282 2859 ἀλήθειαν.
328 2761 453 2843 ὅποιόν
480 2797 514 2843 τι
546 2773 723 2862 ποιοῦσιν,
751 2769 785 2845 οἱ
814 2763 881 2865 τὴν
907 2763 1049 2867 Ἀρείου
1079 2760 1298 2856 δυσσέβειαν

98 2883 297 2985 Ἰουὸαιιιὴν
314 2891 362 2970 εἷς
380 2886 445 2966 τὸν
463 2888 598 2968 ἔαυτῶν
615 2886 859 2990 είσοικίᾷιντες
880 2896 976 2985 νοῦν,
994 2884 1049 2966 διὸ
1074 2883 1117 2984 ὸὴ
1144 2888 1201 2964 καὶ
1225 2883 1297 2965 ἀπὸ

99 3012 225 3110 νεκρᾶς
253 3007 479 3116 προφέρουσι
506 3013 730 3114 καρδίας,οὐ
757 3009 821 3092 τὸν
840 3008 1012 3112 ζωοποιὸν
1035 3013 1099 3110 τῆς
1126 3009 1327 3101 εὖσεβοῦςο

51 3155 86 3216 ¹5
99 3132 249 3235 θεωρίας
265 3128 390 3234 λόγον,
409 3134 494 3212 ἀλλ’
515 3133 548 3213 εί
568 3169 603 3214 τι
626 3133 718 3239 πρὸς
745 3133 900 3215 θοίνατον
918 3134 986 3239 ὁρᾷ
1008 3166 1047 3213 τε
1070 3133 1128 3210 καὶ
1151 3129 1293 3227 βλέπει·

99 3264 121 3301 “
140 3258 252 3340 Βολὶς
284 3255 396 3340 ὅντως
426 3256 681 3359 τιτραίσιιουσα
712 3259 735 3357 ἡ
766 3263 930 3359 γλῶσσα
958 3257 1086 3354 αιἰτῶν,
1116 3252 1223 3335 δόλια
1251 3252 1298 3333 τὸ
1342 3259 1463 3310 Him-

97 3387 120 3425 “
137 3377 282 3482 ῥήματα
308 3386 373 3459 τοῦ
400 3379 582 3478 στόματος
609 3381 760 3462 αὐτῶν.”
1342 3326 1367 3376 8·

147 3500 296 3606 Ὥσπερ
328 3501 391 3582 οὖν
423 3501 491 3602 ἤδη
524 3501 619 3587 τινὸς
656 3511 730 3588 τοῖς
766 3505 811 3611 ἐξ
844 3504 1013 3604 ἀληθείας
1044 3503 1298 3588 ἀντιτείνοντος

96 3624 246 3729 ῥήμασι,
276 3629 333 3704 καὶ
364 3627 557 3732 μονονουχὶ
589 3625 760 3727 λέγοντος
786 3625 878 3731 πρὸς
904 3625 969 3707 τὸν
996 3625 1100 3727 ἅγιον
1128 3627 1295 3728 Εὐαγγε·

47 3787 85 3828 αο
97 3747 232 3850 λιστῆν
248 3746 327 3829 Ἦν
343 3746 409 3847 μέν
428 3744 595 3851 ὁΛόγος,
616 3746 646 3829 ὦ
664 3749 778 3848 οὗτος,
795 3748 887 3855 πρὸς
904 3747 969 3831 τὸν
987 3748 1093 3848 Θεὸν,
1111 3753 1169 3829 καὶ
1187 3749 1297 3854 ἐχέτω

96 3875 194 3977 ιῇὸε,
221 3868 418 3972 πειθόμεθα
447 3869 486 3951 δὲ
513 3879 589 3957 τοῖς
618 3879 698 3956 σοῖς
727 3876 808 3977 περὶ
837 3873 965 3954 τούτου
993 3871 1293 3975 συγγράμμασιν·

96 3994 194 4075 ἔστω
227 3993 265 4075 ὸέ
296 3999 355 4075 καὶ
388 3993 575 4100 ὑπαρχέτω
604 3994 735 4099 Πατὴρ
766 3994 831 4096 μέν
858 3998 964 4093 ίὸίως,
992 3995 1080 4080 Υἱὸς
1112 3993 1151 4074 δέ
1183 3991 1297 4075 πόλιν

97 4118 239 4219 ὁμοίως.
276 4117 358 4199 τίνα
378 4115 423 4218 δὴ
445 4118 509 4198 οὸν
528 4116 700 4225 ὑπάρχειν
717 4118 855 4200 οἴεσθαι
877 4117 1053 4222 προσήκει
1071 4115 1163 4198 κατὰ
1182 4116 1327 4225 φύσινν
1368 4134 1464 4191 2οὰ

133 4345 159 4383 2.
172 4328 212 4383 nal
224 4329 302 4416 ρτίαι
313 4336 483 4400 assumptum
494 4346 527 4384 ex
540 4327 574 4384 B.
648 4344 675 4400 3.
687 4332 734 4383 τοῦ
746 4329 849 4401 Πατρὸτ
860 4345 914 4383 om.
927 4329 960 4384 E.
1031 4328 1058 4386 6.
1070 4328 1180 4401 καιροῖς]
1193 4329 1298 4401 ἡμέραις

96 4399 249 4470 καὶκαιροις
261 4398 294 4454 Β.
376 4415 417 4454 12.
435 4401 526 4455 ὁποῖόν
538 4398 572 4455 Β.
585 4398 674 4469 ὅμοιόν
686 4399 737 4454 Ed.
819 4416 861 4471 13.
880 4401 970 4456 ἑαυτὸν
983 4399 1019 4454 Ι).
1097 4416 1140 4456 21.
1157 4400 1297 4471 πειθόμεθα

97 4469 431 4542 &Efficiam-1398&
575 4485 618 4541 22.
636 4467 746 4525 οὸνοαι.
760 4468 793 4523 Β.
