3038 5018
548 1067 789 1145 ΚΕΦΑΛΗ
829 1068 873 1144 Γ.

289 1337 362 1405 Ὅτι
376 1343 429 1405 τοῦ
443 1343 577 1422 Σωτῆρος
591 1341 646 1422 τήν
660 1343 761 1424 ἄφιξιν
776 1341 939 1423 ἐσήμαινεν
954 1343 970 1406 ὁ
986 1343 1126 1420 Μωυσῆς.

399 1525 455 1593 Ἐκ
468 1533 522 1593 τοῦ
537 1520 774 1611 Δευτερονομίον
787 1529 855 1611 περὶ
870 1531 1011 1610 Χριστοῦ.

166 1724 187 1761 ιι
202 1719 501 1796 ΠΡΟΦΗΤΗΝ
521 1719 603 1815 ὑμῖν
621 1720 659 1795 ἐκ
683 1723 756 1797 τῶν
774 1717 944 1821 ἀδελφῶν
961 1750 1033 1796 σου
1059 1719 1107 1799 ῶς
1134 1712 1193 1814 ε’μέ
1221 1716 1306 1795 ἀνα-
1351 1728 1477 1858 ἔφη.

75 1848 131 1915 5“
148 1837 279 1938 στήσει
306 1874 367 1919 σοι
397 1838 528 1942 Κύριος
557 1839 692 1924 όθεός
718 1874 799 1937 σου,
822 1843 931 1920 αῦτοῦ
959 1839 1173 1920 ἀκούσεσθε.
1213 1837 1306 1919 κατὰ
1355 1875 1392 1925 19·

108 1975 130 2012 “
146 1961 264 2044 πάντα
295 1963 368 2043 ὅσα
397 1961 523 2067 ᾐτήσω
554 1962 653 2065 παρά
685 1972 749 2043 τοῦ
781 1964 916 2066 Κυρίου
948 1972 1012 2043 τοῦ
1039 1969 1135 2043 Θεοῦ
1166 1996 1237 2042 σου
1267 1965 1305 2043 ἐν

107 2097 130 2134 “
148 2087 287 2191 Χωρὴβ
305 2094 349 2194 τῇ
368 2087 481 2194 ἡμίρρ
498 2092 561 2186 τῆς
579 2087 771 2187 ἐκκλησίας
790 2087 956 2189 λέγοντες
968 2089 1026 2167 Ού
1043 2085 1305 2191 προσθήσομεν

109 2221 131 2258 “
142 2213 304 2291 ’ἀκοῦσαι
322 2217 385 2310 τῆς
403 2215 525 2318 φωνῆς
546 2210 681 2312 Κυρίου
698 2219 763 2291 τοῦ
781 2217 876 2291 Θεοῦ
899 2211 1010 2311 ἡμῶν,
1027 2214 1085 2290 καὶ
1106 2210 1148 2290 τὸ
1171 2219 1245 2313 πῦρ
1263 2209 1339 2289 τδρ

108 2344 130 2382 “
145 2333 238 2437 μέγα
265 2344 371 2416 τοῦτο
400 2336 464 2415 οῦκ
494 2332 661 2441 ὀψόμεθα
691 2333 752 2434 ἔτι,
777 2332 857 2416 αῦδέ
887 2332 937 2435 μὴ
966 2331 1214 2432 ἀποθάνωμεν·
1246 2336 1304 2414 καὶ

56 2480 93 2521 ¹0
109 2466 131 2505 “
148 2454 223 2540 εἷπε
244 2458 376 2563 Κύριοι
397 2459 488 2563 πρὸς
511 2457 559 2557 με’
571 2459 715 2561 Ὀρθῶς
738 2458 859 2540 πάντα
884 2457 958 2539 ὅσα
983 2456 1183 2558 ἐλάλησαν·
1211 2491 1304 2561 προ·

109 2593 131 2629 “
150 2580 269 2688 φήτην
296 2580 495 2682 ἀναστήσω
525 2583 643 2666 αὐτοῖς
673 2584 711 2662 ἐκ
741 2590 814 2663 τῶν
842 2585 1013 2689 ἀδελφῶν
1040 2578 1157 2662 αὐτῶν
1185 2577 1309 2685 ῶσπερ

109 2715 131 2753 “
149 2702 206 2796 σέ,
236 2707 294 2786 καὶ
326 2704 435 2786 δώσω
467 2705 510 2785 τὸ
542 2702 640 2809 ῥῆμά
670 2741 740 2802 μου
771 2710 810 2787 ἐν
838 2713 890 2813 τῷ
918 2704 1075 2806 στόματι
1103 2707 1223 2804 αῦτοῦ,
1250 2707 1310 2785 καὶ

109 2837 130 2875 “
149 2828 306 2928 λαλήσει
328 2831 446 2914 αῦτοῖς
469 2828 592 2910 καθότι
611 2824 655 2907 ἀν
672 2831 880 2927 ἐντείλωμαι
906 2831 1013 2935 αύτῷ·
1044 2832 1101 2908 καί
1121 2830 1309 2933 ἅνθρωπος

109 2965 131 3003 “
149 2951 188 3037 ῦς
216 2951 263 3034 ἀν
289 2951 339 3054 μὴ
367 2952 507 3058 ἀκούσῃ
539 2953 613 3035 ὅσα
644 2952 689 3034 ἀν
722 2952 871 3059 λαλήσῃ
902 2953 922 3031 ό
955 2949 1145 3058 προφήτης
1173 2955 1231 3033 ἐπὶ
1257 2949 1309 3062 περ

56 3098 94 3158 15
109 3087 130 3124 “
149 3072 300 3177 ὀνόματί
320 3111 400 3176 μον,
424 3075 495 3178 ἐγὼ
522 3076 699 3177 ἐκδικήσω
725 3076 770 3183 ἐξ
795 3076 933 3157 αῦτοῦ.”
969 3074 1202 3182 ἐπανάληφίν
1228 3111 1308 3156 τινα

108 3203 167 3281 καὶ
193 3202 510 3307 ἀνακεφαλαίωσιν
532 3207 605 3281 τῶν
625 3204 861 3280 Μωυσαῖκῶν
885 3199 1042 3293 βιβλίων
1067 3197 1109 3278 τῦ
1130 3205 1305 3302 Δεντερο·

109 3322 231 3422 νόμιον
263 3323 346 3429 ἔχει·
392 3324 447 3403 διὸ
479 3320 523 3423 δή
554 3321 668 3404 τύπον
699 3322 742 3429 ἐξ
776 3322 885 3401 αὐτοῦ
921 3323 979 3400 καὶ
1015 3319 1133 3401 εἰκόνα
1168 3320 1234 3422 τὴν
1268 3324 1337 3404 ἐκο

109 3451 253 3547 νομικῆς
272 3449 466 3550 ἱερουργίας
484 3447 547 3526 οῦκ
567 3446 705 3526 ἔνεστιν
722 3444 871 3528 ἑλόντας
889 3449 1009 3525 εἰπεῖν.
1050 3442 1147 3545 ὅμως
1164 3446 1308 3550 ἐπείπερ

108 3572 292 3649 ἀσυνετεῖν
310 3570 373 3649 οῦκ
394 3570 579 3669 εἰθίσμεθα
601 3568 721 3650 πάντα
746 3574 906 3652 νοοῦντες
924 3568 1038 3670 ὀρθῶς
1058 3569 1116 3648 διά
1132 3566 1308 3671 Χριστόν,

55 3725 93 3763 20
108 3699 180 3776 τοῖς
218 3691 478 3799 ἐπευξαμένοις
510 3697 667 3796 ἐροῦμεν,
700 3695 759 3771 καὶ
791 3688 855 3772 τὸν
886 3692 925 3770 ἐν
957 3698 1030 3775 τοῖς
1067 3692 1308 3794 προκειμένοις

108 3816 413 3920 ἀναμοχλεύοντες
432 3825 516 3896 νοῦν
533 3815 627 3896 ’[δοῦ
645 3814 689 3915 δὴ
706 3813 819 3895 πάλιν
838 3812 1146 3900 ἀκατακαλύπτως
1164 3815 1248 3914 ἡμῖν
1266 3814 1309 3895 τῦ

107 3941 165 4020 ἐπὶ
193 3944 346 4048 Χριστῷ
375 3946 541 4019 λαλεῖται
569 3937 781 4040 μυστήριον,
811 3936 855 4043 ἐξ
885 3937 1089 4038 ὁμοιότητος
1120 3942 1184 4037 τῆς
1217 3938 1309 4019 κατά

109 4063 274 4142 Μωυσέα
293 4062 351 4142 διὰ
368 4061 590 4163 λεπτοτάτης
608 4062 755 4162 θεωρίας
773 4061 942 4166 ἐντέχνως
959 4062 1308 4165 μεταπλαττόμενον.

144 4339 169 4377 2.
188 4323 234 4391 τὴν
246 4332 415 4448 aasumsstum
427 4342 459 4378 ex
473 4323 506 4378 B.
666 4341 693 4388 4·
711 4322 927 4394 φησλυρτοῦμῖν
939 4323 972 4378 Β.
1132 4322 1158 4378 6.
1175 4321 1309 4394 τοῦρςίαι

107 4402 278 4466 assumptum
290 4412 321 4448 ex
362 4434 369 4448 .
493 4394 520 4448 8.
537 4397 584 4463 τὴν
595 4392 685 4464 φωνὴν
698 4392 731 4448 Β.
770 4427 774 4434 .
857 4410 900 4449 10.
919 4394 1054 4464 ἐλάλησαν
1066 4393 1099 4448 B.
1112 4393 1244 4463 ἐλάλησαν
1256 4392 1310 4450 Ed.

109 4464 165 4534 (19.
178 4465 225 4534 al.)
336 4481 377 4536 19.
395 4465 478 4519 πάντα
492 4465 524 4519 Β.
537 4467 630 4521 πάντες
643 4462 695 4520 Ed.
