3038 5018
92 293 214 380 ωτι.
257 299 315 365 IN
345 300 658 368 αιοΑυΝΕΜ.
704 300 884 366 mlv,
929 247 1156 368 omns
1227 300 1291 364 ου

92 463 264 563 ἐσομένης
301 465 538 553 ἀναστάσεως
575 470 843 550 ἀποκαλύπτων
875 467 1090 572 μυστήριον,
1123 466 1292 572 ἀπαρχὴν

92 584 158 682 μὲν
188 584 253 667 τδν
284 587 449 692 Χριστὸν
481 591 757 692 ἀναστήσεσθαι
795 590 903 693 λε’γει.
959 596 1018 672 καὶ
1050 591 1123 695 γὰρ
1156 589 1200 691 δὴ
1232 592 1290 671 καῖ

92 708 280 813 ἐγήγερται
306 719 450 816 πρῶτος
476 717 515 795 ἔκ
542 722 687 819 νεκρῶν,
708 713 794 794 ἀλλ’
821 728 842 764 “
856 716 987 811 ἔπειτα,
1013 719 1141 822 φησὶν,
1166 719 1200 794 οἱ
1227 721 1290 794 τοῦ
1303 721 1325 787 δ
1338 702 1461 832 ἔξω·

93 843 116 879 “
134 839 299 935 Χριστοῦ
326 838 364 915 ἐν
391 842 436 942 τῆ
463 841 646 948 παρουσίᾳ
675 841 816 922 αῦτοῦ.”
852 838 926 943 πρὸ
956 837 1029 941 γάρ
1061 845 1134 919 τῶν
1162 836 1290 918 ἀλλων

59 955 263 1038 5ἁπάντων
287 959 370 1045 τοῦς
394 962 635 1047 οῖκειωθέντας
659 965 755 1072 αὐτῷ
779 961 838 1042 διά
864 964 1022 1047 πίστεως
1048 967 1104 1042 δεῖ
1125 960 1288 1061 ἀναστή-

92 1086 227 1161 σεσθαι
254 1083 365 1182 λέγει,
386 1075 680 1190 χρεωστουμένην
698 1088 817 1172 αὐτοῖς
842 1085 885 1186 δῆ
908 1086 1073 1186 μάλιστα
1097 1086 1226 1187 κυρίως
1252 1119 1290 1164 τε

93 1208 151 1283 καὶ
189 1211 306 1290 ίδικῶς
343 1208 569 1290 ἐπιδεικνύων
605 1208 672 1310 τῆν
709 1207 923 1307 ἀνάστασιν,
955 1216 985 1289 εί
1020 1212 1079 1290 καῖ
1116 1214 1165 1294 είς
1200 1208 1291 1308 ὅλην

93 1333 271 1410 διικνεῖται
298 1329 364 1431 τὴν
393 1331 517 1437 φύσιν,
545 1333 589 1440 ἐξ
616 1329 839 1437 ἀγαθύτητος
871 1331 1038 1432 δηλονότι
1069 1337 1127 1412 καὶ
1158 1341 1290 1440 φιλαν-

94 1455 252 1555 θρωπίας
289 1463 354 1534 τοῦ
388 1463 575 1541 παντελῶς
611 1461 839 1560 καταργῆσαι
875 1453 939 1538 τὸν
975 1452 1130 1536 θάνατον
1167 1454 1290 1556 ἐθελή-

45 1611 80 1653 ιο
93 1610 227 1661 σαντος
253 1584 360 1662 θεοῦ.

148 1701 330 1803 Ἐπιτήρει
363 1702 401 1783 δὲ
434 1703 530 1789 ὅπως
561 1707 603 1786 οῦ
632 1704 771 1813 σιδήρῳ
800 1705 996 1807 περιτέμνει
1026 1703 1069 1785 τῦ
1097 1703 1239 1784 παιδίον
1266 1703 1289 1803 ῆ

93 1823 288 1931 Σεπφώρα·
317 1826 501 1927 κολαστὴς
520 1827 591 1932 γάρ
617 1831 637 1909 ὁ
662 1830 821 1928 σίδηρος,
838 1831 898 1908 καὶ
915 1836 990 1913 τοῖς
1009 1828 1078 1910 ῦπὸ
1098 1825 1207 1926 νόμον
1225 1825 1289 1906 τδν

93 1948 291 2051 κολάζοντα
307 1949 467 2052 πρίπων·
497 1949 597 2031 ἀλλά
622 1951 751 2059 ψήφῳ,
770 1949 864 2031 καθά
888 1951 1097 2054 γέγραπται,
1117 1951 1318 2057 νοουμένηθ
1334 1963 1459 2093 ἔξω·

93 2077 142 2154 είς
167 2071 280 2153 τύπον
298 2078 476 2176 Χριστοῦ.
516 2073 559 2154 τῦ
586 2073 657 2177 γάρ
684 2074 893 2177 ἀθραυστύν
914 2108 953 2155 τε
978 2077 1037 2154 καὶ
1064 2073 1212 2176 στερεὸν
1230 2074 1287 2179 ἐφ’
1370 2064 1377 2078 ’

45 2216 80 2288 ,15
94 2193 210 2275 ἅπασι
233 2201 297 2296 τῆς
316 2207 380 2277 τοῦ
401 2203 631 2301 Μονογενοῦς
657 2197 801 2305 φύσεως
826 2195 885 2277 διὰ
909 2198 1037 2278 τούτου
1062 2199 1285 2298 σημαίνεται.

93 2318 273 2423 τοιγάρτοι
297 2323 357 2399 καὶ
381 2320 567 2422 ἀδάμαντα
591 2320 655 2401 τὸν
672 2318 877 2424 Χριστδνὸ
900 2320 993 2405 Θεὸς
1017 2319 1226 2424 καῖΠατῆρ
1249 2325 1288 2401 ἐν

93 2443 207 2544 ἁγίοις
242 2443 444 2548 προφήταις
479 2444 651 2526 ἀπεκάλει
686 2444 805 2545 λε’γων
841 2455 864 2492 “
880 2443 975 2525 Ἰδοῦ
1010 2443 1081 2546 ε’γδ)
1117 2443 1287 2525 ε’ντάσσω

91 2575 114 2612 “
132 2565 319 2664 ἀδάμαντα
346 2574 394 2652 είς
421 2567 536 2667 με’σον
563 2577 655 2649 λαοῦ
682 2602 752 2667 μου
778 2567 964 2671 Ἰσραήλ.”
1001 2565 1044 2647 τῦ
1072 2567 1145 2673 γάρ
1173 2573 1287 2669 μηδα-

90 2688 202 2786 μόθεν
229 2689 331 2770 εἴκειν
358 2698 432 2775 τοῖς
460 2693 712 2773 ἀντιπίπτουσι
741 2692 917 2773 δύνασθαι
944 2690 1010 2788 τῆν
1038 2691 1136 2772 θείαν
1162 2726 1202 2772 τε
1229 2696 1288 2772 καὶ

45 2843 79 2885 20
92 2813 246 2916 ἀῤῥητον
268 2822 332 2894 τοῦ
355 2813 478 2917 Λόγου
504 2815 629 2923 φύσιν,
648 2819 696 2898 ὡς
720 2818 758 2895 ἐν
781 2815 944 2920 σχήματι
968 2814 1083 2897 πάλιν
1104 2817 1124 2894 ὁ
1149 2815 1289 2914 ἀδάμας

91 2936 175 3037 ἡμῖν
193 2939 370 3036 σημαίνει·
400 2941 495 3019 οὕτω
520 2938 557 3019 δὲ
586 2940 670 3039 ῆμῖν
693 2944 751 3019 καῖ
776 2940 796 3017 ὁ
816 2938 1009 3023 θεσπέσιος
1026 2940 1180 3039 Ἰησοῦς,
1198 2938 1289 3037 μετὰ

92 3060 158 3159 τῆν
194 3061 381 3146 Μωυσέως
416 3062 640 3167 στρατηγίαν
670 3066 729 3143 καὶ
766 3059 832 3161 τὴν
870 3065 1000 3143 ἐκείνου
1035 3061 1205 3162 τελευτῆν
1239 3068 1317 3147 είςυ
1338 3083 1454 3140 εθαι

91 3184 282 3285 ἡγεμονίαν
314 3187 541 3287 κεκλημείιος,
573 3184 691 3295 ψήφῳ
728 3191 773 3292 τῆ
808 3187 886 3292 θείᾳ
916 3183 1092 3288 καθαροῦς
1123 3182 1287 3265 ἀπετέλει

91 3306 173 3391 τοῦς
202 3307 295 3394 υίοῦς
319 3309 484 3411 Ἰσραὴλ,
512 3314 571 3390 καὶ
597 3311 740 3412 ε’πείπερ
767 3314 831 3410 τῆς
858 3315 930 3388 τῶν
957 3309 1142 3407 πολεμίων
1168 3306 1288 3413 χειρὸς

45 3456 78 3516 25
91 3433 420 3539 κατεξανίστασθαι
451 3438 555 3539 χρῆν,
585 3433 911 3540 προεξοπλίζεσθαι
947 3431 1083 3536 τρόπον
1114 3431 1194 3513 τινὰ
1228 3432 1287 3515 διά

90 3560 154 3655 τῆς
171 3562 362 3660 περιτομῆς
379 3558 418 3637 εῦ
436 3555 539 3656 μάλα
562 3556 788 3654 διεκελεύετο,
807 3558 873 3662 οῦχ
897 3555 1023 3659 ἑτέρως
1047 3557 1198 3638 ἔσεσθαι
1222 3565 1286 3636 τοῦ

1331 2443 1413 2493 Amos

1333 2508 1377 2560 vii.
1389 2510 1414 2560 8.

89 3680 231 3760 πίπτειν
249 3681 412 3777 ἀμείνους
439 3684 496 3760 καὶ
521 3678 676 3761 θανάτου
702 3681 903 3786 κρείττονας
928 3678 1009 3764 τοῦς
1037 3681 1128 3761 ὅσον
1148 3679 1285 3760 οὐδέπω

90 3803 311 3907 μαχομένους
336 3804 446 3887 εἰδώς.

147 3928 350 4030 Γέγραπται
380 3926 417 4007 δὲ
445 3928 557 4011 οῦτως
583 3928 664 4030 περὶ
691 3928 801 4007 αὐτοῦ
829 3939 850 3976 “
870 3930 942 4008 Καὶ
970 3924 1044 4008 εἷπε
1075 3926 1206 4029 Κύριος
1233 3933 1285 4035 τῷ
1328 3927 1418 4057 ᾖξ’·

45 4067 77 4126 30
90 4064 112 4099 ‘⁶
130 4054 253 4151 Ἰησοῦ
288 4053 454 4151 Ποίησον
485 4057 628 4157 σεαυτῷ
660 4050 839 4155 μαχαίρας
874 4051 1040 4155 πετρίνας
1077 4055 1116 4131 ἐκ
1151 4050 1284 4152 πέτρας
1345 4031 1353 4053 ’

90 4186 111 4223 “
130 4177 341 4279 ἀκροτόμου,
362 4177 419 4254 καὶ
439 4177 590 4258 καθίσας
611 4177 776 4277 περίτεμε
799 4173 883 4259 τοῦς
910 4174 1002 4258 υίοῦς
1020 4174 1187 4278 Ἰσραήλ.
1225 4179 1318 4255 καὶο

125 4401 151 4456 5.
170 4386 209 4439 δεῖ
221 4384 416 4453 ἀναστήσεσθαι
429 4383 488 4439 Cat.
502 4386 546 4439 cit.
559 4384 779 4455 διαναστῆσεσθαι
793 4383 844 4439 Ed.
921 4402 962 4452 14.
981 4408 1010 4440 τε
1023 4396 1192 4456 assumptum
1204 4405 1236 4440 ex
1252 4387 1284 4442 Β.

93 4458 133 4511 18.
153 4458 189 4513 εἷς
201 4455 296 4527 μέσον]
310 4457 337 4510 ἐν
349 4455 422 4538 με’σερ
437 4455 468 4509 Β.
483 4455 579 4538 (ναῑλ
720 4472 763 4526 23.
783 4454 851 4527 θεία]
865 4455 929 4528 ἁγίᾳ
940 4457 972 4511 Β.
1123 4472 1166 4527 25.
1185 4458 1236 4582 χρὴ
1249 4457 1284 4514 Β.

89 4545 133 4598 30.
151 4529 279 4599 μαχαίρας
291 4531 392 4599 σεαυτῷ
405 4543 511 4582 inverso
522 4526 615 4582 ordme
628 4526 662 4581 B.
710 4527 738 4581 εἰε
749 4526 844 4597 πέτρας
855 4526 1012 4600 ἀκροτόμου]
1026 4527 1177 4600 ἀκροτόμοις
1215 4568 1222 4586 .
