3038 5018
78 285 170 353 i.11.
266 287 324 353 IN
355 290 388 354 S.
411 288 667 356 JOANNEM.
713 289 809 356 LIB.
833 290 862 354 1.
907 289 1009 356 CAP.
1034 291 1095 355 IX.
1218 291 1280 356 131

77 458 279 554 κατηγορεῖ,
319 454 543 556 συγγνώμην
579 452 704 557 ὥσπερ
748 456 845 562 αύτῷ
880 454 1020 536 δικαίαν
1055 452 1114 534 διά
1153 454 1281 536 τούτου

76 573 425 678 πραγματευόμενος,
444 584 503 658 καὶ
530 582 595 678 τῆς
621 577 788 677 δοθείσης
816 580 913 686 αὐτῷ
940 577 1086 684 χοίριτος
1113 576 1282 685 ἀφορμάς

78 699 250 802 εὐλόγους
266 702 589 804 προδιοικούμενος·
619 703 677 783 ἐπὶ
703 703 747 782 δέ
767 736 809 805 γε
833 709 908 783 τῶν
925 703 968 810 ἐξ
985 699 1151 807 Ἰσραὴλ,
1171 700 1204 782 οἳ
1222 705 1282 782 καὶ

78 824 118 902 ε’ν
144 825 241 927 μέρει
271 832 345 905 τῶν
372 827 468 910 ἰδίως
497 827 595 933 αύτῷ
621 827 881 930 προσηκόντων
908 825 1131 933 ε’τετόχαντο,
1158 823 1201 906 τό
1228 831 1282 907 Οό

43 947 278 1054 ὅπαρέλαβον
300 950 457 1052 τίθησιν·
491 953 533 1031 οὐ
559 950 631 1056 γὰρ
656 951 702 1053 ἦν
725 953 949 1054 ἀληθεύοντα
970 955 1090 1058 λέγειν
1109 955 1191 1034 Οὐκ
1215 953 1276 1057 έγ·

79 1105 213 1171 νωσαν,
242 1074 353 1170 νόμον
384 1073 449 1174 μὲν
476 1075 710 1182 ἀρχαιοτέρου
742 1077 987 1181 κηρύττοντος,
1015 1084 1215 1186 προφητῶν
1244 1074 1281 1158 δὲ
1293 1082 1316 1148 d

76 1202 152 1276 τῶν
173 1199 248 1296 μετ’
268 1200 399 1279 ἐκεῖνον
423 1200 752 1303 παιδαγωγούντων
773 1201 901 1288 αύτούς
926 1205 984 1283 ἐπὶ
1010 1201 1076 1303 τὴν
1094 1207 1158 1301 τῆς
1183 1205 1276 1303 ἀλη·

77 1319 175 1405 θείας
210 1322 431 1430 κατάληφιν.
488 1322 624 1404 δίκαιον
661 1325 724 1405 οὖν
761 1325 833 1428 ἀρα
872 1328 930 1406 καὶ
969 1323 1022 1405 ἐπ’
1062 1327 1181 1411 αὐτοῖς
1217 1329 1281 1425 τῆς

77 1442 275 1544 ἀποτομίας
302 1445 344 1526 τό
373 1454 493 1549 κρῖμα,
516 1447 679 1552 καθάπερ
707 1449 830 1548 ἀμέλει
858 1452 917 1529 καὶ
943 1451 1001 1529 ε’πὶ
1028 1456 1101 1529 τῶν
1124 1448 1280 1549 ε’θνῶνὴ
1325 1450 1449 1566 fif-{³²⁰¹

23 1598 62 1640 10
77 1568 292 1672 χρηστότης.
334 1570 354 1649 ό
371 1569 437 1670 μέν
455 1570 528 1675 γὰρ
546 1571 694 1672 κόσμος,
712 1571 791 1672 ἤτοι
810 1571 857 1652 τά
875 1573 970 1674 ἔθνη,
990 1573 1056 1672 τὴν
1074 1569 1164 1676 πρός
1185 1569 1281 1652 Θεόν

78 1691 255 1773 οἶκείωσιν
280 1696 515 1774 ἀπολέσαντα
542 1694 601 1774 διά
627 1700 691 1796 τῆς
720 1699 768 1779 είς
797 1694 1010 1803 φαυλότητα
1037 1699 1277 1799 καταδρομῆς,

78 1820 138 1896 καὶ
162 1815 204 1896 τό
231 1816 353 1898 εἰδέναι
377 1816 654 1921 προσεζημιιόθη
675 1817 740 1899 τόν
759 1819 958 1927 φωτίζοντα
979 1816 1081 1899 αότοί·
1115 1824 1150 1900 οἱ
1168 1818 1205 1900 δὲ
1223 1818 1283 1901 διά

78 1940 189 2040 νόμον
207 1940 273 2042 τὴν
291 1947 431 2044 γνῶσιν
449 1940 823 2043 καταπλουτήσαντες,
842 1946 901 2023 καὶ
919 1948 969 2027 είς
986 1942 1052 2044 τὴν
1070 1941 1211 2045 θυμήρη
1230 1947 1282 2050 τῷ

79 2069 162 2170 Θεῷ
188 2066 372 2144 πολιτείαν
400 2067 689 2165 ἀνακεκλημένοι,
709 2063 841 2146 λοιπόν
867 2065 1005 2150 ἑκόντες
1033 2064 1311 2172 ε’σφοίλλοντο,ο

25 2207 63 2268 ¹5
77 2186 142 2267 τόν
161 2187 230 2288 ἤδη
254 2187 466 2290 γνωσθέντα
489 2193 547 2268 καὶ
566 2191 614 2273 ὡς
632 2192 670 2268 έν
689 2190 787 2273 ἰδίοις
809 2187 1080 2289 ἐπιδημήσαντα
1101 2196 1166 2268 τοῦ
1185 2193 1282 2268 θεοῦ

78 2308 203 2413 Λόγον
225 2313 271 2390 οὐ
297 2310 596 2416 παραδεξόμενοι.
637 2309 717 2398 ἴδιος
744 2311 903 2416 μὲνγὰρ
928 2312 1075 2413 σύμπας
1099 2314 1119 2391 ό
1144 2311 1282 2411 κόσμος

78 2434 159 2514 ε’στὶ
175 2440 228 2542 τῷ
246 2440 339 2542 Θεῷ,
358 2432 450 2515 κατά
467 2470 509 2536 γε
533 2434 597 2515 τὸν
615 2444 680 2516 τοῦ
702 2440 922 2535 πεποιῆσθαι
947 2435 1071 2537 λόγον,
1090 2437 1148 2516 καὶ
1173 2432 1215 2514 τό
1240 2435 1258 2515 ε’
1362 2499 1370 2511 .

77 2559 187 2637 αι’ττοῦ
211 2561 269 2638 καὶ
294 2559 338 2638 δι’
358 2560 467 2639 αὑτοῦ
485 2564 668 2664 παρῆχθαι
691 2557 783 2663 πρός
805 2561 958 2662 γένεσιν·
988 2558 1283 2664 πρεπωδέστερον

78 2682 122 2760 δέ
132 2716 209 2766 πως
228 2681 248 2760 ό
265 2683 420 2785 Ἰσραὴλ
439 2685 490 2789 τῷ
508 2686 571 2782 τῆς
590 2682 763 2783 ἰδιότητος
781 2681 1067 2783 ἀποκεκλήσεται
1086 2680 1201 2789 λόγῳ,
1223 2688 1281 2761 καὶ

22 2835 63 2874 20
78 2801 144 2903 τὴν
161 2806 219 2884 ε’πὶ
243 2806 358 2913 τούτῳ
386 2803 498 2913 δόξαν
517 2807 827 2909 ἀποκληρώσεται,
847 2805 907 2885 διό
929 2840 966 2885 τε
993 2802 1148 2904 τὴντῶν
1168 2805 1310 2905 ἀγίωνα
1351 2823 1449 2880 9οὼ

78 2926 243 3031 πατέρων
260 2927 426 3030 ε’κλογην,
446 2933 504 3009 καὶ
530 2928 590 3009 διά
614 2930 656 3009 τὸ
683 2928 776 3033 ἀρχὴ
804 2933 862 3009 καὶ
888 2925 1116 3032 πρωτότοκος
1135 2926 1277 3027 ἀνομοί-

78 3054 168 3129 σθαι
199 3058 272 3131 τῶν
299 3061 363 3132 τοῦ
392 3059 487 3133 Θεοῦ
516 3050 659 3133 τέκνων·
703 3064 724 3100 “
741 3052 828 3136 Υἱὸς
856 3051 928 3156 γὰρ
955 3050 1182 3154 πρωτότοκός
1210 3086 1281 3150 μου
1325 3072 1448 3123 Ειοᾱάα

78 3178 149 3255 “⁹1
232 3175 305 3205 x»
415 3178 425 3205 ι
591 3176 602 3202 ς
782 3173 1240 3207 νςᾼὶςκθ
1327 3152 1367 3188 ²²·

150 3192 286 3279 σραηλ,
326 3183 422 3284 φησι
444 3212 515 3258 που
536 3212 628 3280 προς
647 3184 811 3257 Μωυσεα
831 3182 935 3274 Θεος,
954 3210 996 3255 ον
1014 3181 1059 3274 δη
1078 3209 1135 3255 και
1152 3209 1200 3257 ως
1218 3209 1280 3254 ενα

79 3303 139 3379 καὶ
168 3300 347 3405 ἐξαίρετον
374 3301 488 3408 ἑαυτῷ
519 3299 632 3382 πόλιν
664 3305 848 3399 ἀνατιθεὶς,
877 3300 967 3380 ’ίδιον
999 3296 1156 3403 ὠνόμαζε
1188 3295 1280 3379 λαόν

26 3439 65 3499 25
81 3433 103 3470 ‘¹
120 3423 411 3530 Ἐξαπόστειλον
429 3423 492 3505 τὸν
511 3423 603 3505 λαόν
621 3427 720 3525 μου,”
741 3421 831 3528 πρός
850 3422 984 3527 Φαραὼ
1009 3422 1074 3504 τόν
1093 3421 1280 3524 Αἰγύπτου
1324 3430 1425 3544 {¹¹¹¹st

80 3546 253 3650 τύραννον
285 3547 403 3630 εἶπόν.
452 3549 595 3630 δεικνύει
628 3548 742 3650 γεμὴν
776 3550 870 3632 ἰδίως
903 3545 1081 3647 ἀνήκοντα
1112 3552 1164 3654 τῷ
1196 3551 1280 3653 Θεῷ

81 3667 146 3750 τόν
172 3671 339 3774 Ἰσραὴλ,
366 3676 425 3752 καὶ
456 3674 496 3752 έκ
526 3678 759 3752 Μωυσαῖκῶν
789 3673 946 3767 βιβλίων
980 3670 1091 3773 λόγος
1127 3668 1276 3769 ἀληθής.

82 3805 104 3843 “
116 3793 208 3874 Ὅτε
226 3794 309 3899 γὰρ,
330 3799 434 3902 φησὶ,
453 3793 639 3898 διεμέριζεν
658 3797 678 3875 ό
697 3794 887 3902 Ὕφιστος
905 3794 1000 3894 έθνη,
1019 3790 1402 3895 &9316meapevbneut·

81 3917 417 3967 (ΓΗΚ,
576 3919 769 3948 α,,,
895 3913 1207 3944 Η,,,
1324 3874 1404 3923 xxxii.

122 3953 215 4003 νιους
250 3922 369 4018 Αδαμ,
394 3953 549 4020 εστησεν
574 3952 655 4022 ορια
682 3924 793 3999 εθνων
819 3952 911 3998 κατα
938 3923 1089 4020 αριθμον
1114 3926 1279 4017 αγγελων
1323 3941 1382 4006 8.9.

120 4257 143 4296 1.
162 4241 262 4296 δικαίαν
274 4241 381 4296 Β.Ι).Ε.
393 4243 495 4300 δικαίως
508 4242 559 4298 Ed.
665 4258 692 4313 3.
711 4240 748 4314 οἵ]
762 4244 777 4295 ό
791 4241 824 4295 Β.
936 4258 978 4296 11.
997 4238 1162 4311 φαυλότητα]
1176 4240 1280 4309 φηλον·

81 4315 181 4380 τὼτητο
195 4313 236 4383 (=
253 4314 432 4384 φιλοοτότητο
446 4313 477 4367 B.
491 4313 635 4386 “nequitie
646 4313 777 4367 incurnu”
791 4311 923 4382 Georgius
935 4312 1046 4381 Trapez.
1145 4325 1185 4381 ¹7·
1203 4329 1234 4379 γε
1248 4307 1280 4361 Β.

81 4405 109 4437 τε
122 4383 175 4438 Ed.
295 4400 338 4454 23.
357 4385 388 4453 δὴ
402 4386 442 4438 καὶ
455 4384 502 4456 ὡς]
515 4385 617 4440 δικαίως
630 4383 663 4437 Β.
789 4381 831 4436 26.
849 4385 930 4453 γεμὴν
956 4381 1047 4450 μένΒ.
1175 4396 1219 4450 27.
1236 4379 1282 4432 τδν

83 4454 192 4508 B.D.E.
205 4453 297 4509 Βάτις
320 4460 390 4509 ,τῶν
402 4455 452 4509 Ed.
575 4451 617 4509 28.
636 4454 706 4525 φησὶ
718 4471 772 4508 om.
787 4452 820 4507 B.
868 4453 927 4521 ἔθνη
959 4453 1090 4517 ιἱικαίΕ.
1128 4450 1225 4506 Statim
1237 4448 1282 4504 οὓς

84 4525 118 4578 Β.
130 4524 208 4594 (Vll.
223 4524 273 4579 xl.
316 4524 428 4594 111.)cf.
441 4526 469 4580 in
482 4525 529 4580 Es.
544 4525 595 4596 236
608 4525 635 4580 d.

660 4627 711 4675 ⁸2
