3038 5018
258 298 322 359 554
561 296 600 360 Β.
624 294 834 359 CYRILLI
866 294 1153 360 ALEXANDR.
1281 291 1326 356 vi.
1339 290 1398 371 64,
1411 287 1463 369 65.

258 459 509 543 θεοπνεύστοιο
534 465 693 566 γραφαῖς
717 467 876 540 καλεῖται
901 465 960 540 καὶ
985 463 1005 540 ὁ
1028 457 1127 556 Υἱὸς,
1147 457 1204 537 διά
1230 463 1306 537 τῶν
1325 457 1457 535 {nrm-

257 582 444 683 ταγμένων
461 582 641 680 εἰσόμεθα.
676 584 807 686 γράφει
825 585 943 664 τοίνυν
961 585 982 662 ὁ
999 580 1171 686 μακάριος
1189 580 1361 678 Ἰωάννης
1380 578 1461 679 περὶ

206 738 211 749 ·
256 706 367 785 αῦτοῦ
401 716 422 753 “
441 705 560 791 Οὗτός
592 709 692 787 ε’στιν
726 709 746 786 ὁ
779 705 896 788 ε’λθὼν
928 708 972 787 δι’
1007 710 1134 792 ὕδατος
1166 708 1223 786 καὶ
1254 703 1461 801 πνεύματος

260 961 281 998 “
299 953 400 1032 ὕδατι
421 955 480 1032 καὶ
503 957 555 1058 τῷ
576 952 762 1049 πνεύματι,
781 956 839 1032 καὶ
857 951 900 1031 τὸ
918 951 1058 1051 πνεῦμά
1075 955 1154 1032 ἐστι
1172 948 1214 1031 τὸ
1232 954 1459 1052 μαρτυροῦν,
1474 968 1493 1028 5

258 1085 279 1122 “
299 1073 353 1154 ὅτι
380 1074 423 1155 τὸ
450 1074 591 1171 πνεῦμά
617 1078 718 1155 ε’στιν
741 1077 765 1176 ἦ
792 1075 979 1175 ἀλήθεια.”
1017 1074 1094 1155 ἰδοῦ
1122 1073 1193 1177 γὰρ
1220 1081 1365 1171 πνεῦμα
1392 1069 1462 1169 τὴν

260 1198 430 1293 ἀλήθειαν
457 1197 627 1301 ὀνομάζει,
651 1198 764 1280 καίτοι
791 1206 952 1293 βοῶντος
979 1195 1172 1302 διαρρήδην
1198 1203 1263 1276 τοῦ
1291 1199 1464 1297 Χριστοῦ

259 1332 281 1370 “
301 1322 401 1422 Ἐγώ
420 1327 488 1420 εῖμι
506 1323 530 1422 ἡ
548 1321 730 1423 ἀλήθεια·”
761 1328 911 1407 Παῦλος
936 1321 974 1402 δὲ
996 1321 1110 1404 πάλιν
1127 1321 1211 1421 ἡμῖν
1228 1316 1464 1399 ἐπιστέλλων

259 1444 376 1549 φησίν
394 1455 416 1492 “
430 1449 480 1524 Oi
506 1447 544 1525 ἐν
562 1449 671 1549 σαρκὶ
697 1445 796 1530 ὄντες
818 1449 901 1554 Θεῷ
926 1445 1054 1549 ἀρέσαι
1079 1447 1122 1527 οῦ
1145 1443 1323 1524 δύνανται·
1362 1442 1463 1538 ῦμεῖσ

259 1578 282 1615 “
299 1566 337 1646 δὲ
355 1568 420 1647 οῦκ
436 1566 520 1648 ε’στὲ
537 1570 575 1647 ἐν
592 1572 701 1670 σαρκὶ
720 1570 806 1649 ἀλλ’
823 1571 862 1648 ἐν
879 1569 1064 1667 πνεύματι,
1082 1569 1179 1672 εἴπερ
1203 1573 1345 1662 πνεῦμα
1361 1568 1462 1643 θεοῦ
1475 1591 1513 1635 ιο

260 1699 281 1738 “
299 1696 388 1769 οίκεῖ
408 1692 446 1769 ε’ν
469 1693 562 1789 ύμῖν.
601 1696 631 1771 εί
658 1691 702 1772 δέ
723 1726 776 1776 τις
803 1701 944 1791 πνεῦμα
967 1698 1132 1795 Χριστοῦ
1159 1691 1223 1770 οῦκ
1250 1688 1332 1793 ἔχει,
1355 1687 1461 1769 οὗτοι·

225 1815 364 1894 1)“οάκ
390 1814 492 1893 ἔστιν
518 1815 639 1896 αὐτοῦ.
683 1821 712 1895 εί
742 1814 780 1895 δὲ
807 1814 971 1918 Χριστὸς
998 1817 1037 1894 ε’ν
1065 1816 1156 1915 ὑμῖν,
1184 1811 1226 1892 τὸ
1253 1811 1320 1912 μὲν
1348 1814 1462 1907 σῶμα

258 1947 282 1985 “
299 1935 422 2040 νεκρὸν
444 1935 502 2017 διά
528 1935 595 2037 τὴν
619 1938 809 2043 ἁμαρτίαν,
833 1937 876 2018 τδ
904 1936 942 2018 δὲ
969 1946 1111 2036 πνεῦμα
1136 1935 1207 2039 ζωὴ
1235 1935 1294 2016 διά
1322 1938 1458 2014 δικαιο-

258 2071 281 2109 “
299 2061 449 2161 σύνην.”
497 2059 573 2141 ἰδοῦ
609 2059 681 2163 γὰρ
719 2059 763 2160 δὴ
796 2060 910 2141 πάλιν
942 2064 980 2141 ἐν
1010 2059 1148 2146 τούτοις
1183 2059 1226 2140 τὸ
1262 2066 1327 2138 τοῦ
1361 2062 1462 2137 Θεοῦ

260 2191 410 2285 Πνεῦμα
436 2191 610 2265 κατοικεῖν
635 2186 673 2264 ἐν
697 2184 783 2283 ἡμῖν
806 2184 1092 2290 ἀποφηνάμενος,
1118 2182 1227 2264 αῦτδν
1252 2181 1392 2284 ε’ίρηκεν
1422 2182 1462 2259 ἐν
1477 2210 1513 2272 1⁵

258 2309 343 2409 ἡμῖν
360 2305 449 2388 εἶναι
467 2307 531 2388 τὸν
544 2305 720 2410 Χριστόν.
751 2307 948 2410 ἀδιαίρετον
967 2305 1040 2410 γὰρ
1057 2315 1120 2387 τοῦ
1135 2311 1226 2386 Υίοῦ
1242 2304 1286 2386 τὸ
1305 2309 1463 2398 Πνεῦμα

256 2433 378 2528 αὐτοῦ,
396 2429 488 2511 κατά
505 2464 548 2533 γε
566 2428 629 2509 τὸν
646 2432 684 2510 ε’ν
701 2426 890 2530 ταυτότητι
909 2430 1055 2538 φύσεως
1073 2428 1196 2530 λόγον,
1214 2434 1245 2508 εἰ
1263 2433 1321 2506 καὶ
1341 2432 1463 2506 νοοῖτο

257 2550 430 2657 ὑπάρχειν
448 2553 720 2639 ίδιοσυστάτως.
758 2552 816 2634 διά
833 2561 941 2634 τοῦτο
955 2550 1136 2636 πολλάκις
1153 2554 1351 2657 ἀδιαφορεῖ,
1368 2549 1463 2630 ποτὲ

256 2673 322 2774 μὲν
339 2674 382 2755 τὸ
402 2681 562 2774 Πνεῦμα,
580 2677 666 2757 ποτὲ
685 2675 723 2756 δὲ
741 2675 868 2759 ἑαυτὸν
886 2673 1078 2779 ὀνομάζων.

229 2879 247 2922 ο

207 2949 340 3021 max
364 2954 444 3023 εἰσίν
466 2958 501 3026 ἐξ
526 2959 617 3034 ὑμῶν
635 2982 720 3025 τινες
746 2957 776 3025 οἳ
802 2961 839 3024 οὐ
864 2959 1077 3026 πιστεύουσιν·
1112 2957 1151 3048 fib

307 3083 326 3147 ὁ
357 3083 494 3163 Ἰειοοῦο,
524 3083 609 3148 τίνει
645 3080 724 3149 εἰσίν
756 3081 786 3147 οῖ
820 3083 864 3159 μή
901 3087 1108 3150 πιοτεύοντεο
1144 3081 1194 3147 καὶ
1229 3081 1277 3147 τίς
1311 3082 1404 3146 ἑστιν
1443 3084 1462 3149 ὁ

206 3205 245 3276 ⁶5
309 3206 519 3295 παραδώσων
552 3207 662 3275 αὐτόν.
716 3207 769 3271 καί
799 3207 892 3283 ἔλετε
921 3208 982 3272 Διά
1014 3213 1111 3273 τοῦτο
1147 3204 1262 3295 εῖρεικα
1299 3203 1374 3283 ὑμῖν
1408 3210 1462 3274 ι’τι

308 3331 416 3396 οὐδεὶς
444 3330 578 3396 δύναται
610 3327 717 3395 ἐλθεῖν
746 3333 829 3420 πρόο
860 3332 910 3413 μὲ,
938 3333 997 3398 ἐὰν
1025 3333 1070 3408 μὴ
1102 3328 1121 3422 ᾗ
1153 3332 1332 3408 δεδομένον
1365 3333 1463 3415 αὐτῷ

306 3457 342 3519 ὲκ
369 3461 426 3522 τοῦ
453 3456 581 3544 Πατρός
607 3479 678 3532 μου.

312 3616 378 3695 Ἐν
395 3617 511 3725 τούτῳ
534 3617 577 3718 δὴ
599 3617 712 3698 πάλιν
731 3622 809 3698 ἐστὶ
826 3617 1018 3723 διαρρήδην
1037 3622 1125 3721 ὁρᾶν
1143 3619 1396 3722 πληρούμενον
1415 3618 1461 3700 τῦ
1477 3652 1512 3711 ²5

88 3752 211 3865 {gvi-9·
255 3740 298 3817 δι’
331 3738 408 3823 ε’νὸτ
443 3745 516 3817 τῶν
553 3733 666 3841 ἀγίων
701 3748 899 3848 προφητῶν
934 3742 1266 3845 προκεκηρυγμένον
1299 3751 1322 3791 “
1340 3743 1461 3847 Ἀκοῇ

123 3855 128 3866 ’
255 3873 276 3909 “
295 3861 466 3942 ἀκούσετε
494 3866 553 3942 καὶ
580 3865 622 3942 ού
649 3862 699 3963 μὴ
727 3869 870 3963 συνῆτε,
898 3867 956 3944 καὶ
983 3864 1181 3961 βλέποντες
1208 3864 1369 3969 βλέψετε
1398 3869 1460 3944 καὶ

221 3995 275 4060 d“
296 3987 337 4064 ού
362 3985 413 4086 μὴ
438 3985 545 4085 ἴδητε.
582 3986 764 4090 ἐπαχύνθη
792 3985 863 4089 γάρ
890 3987 912 4086 ἡ
942 3988 1069 4090 καρδία
1096 3995 1161 4067 τοῦ
1189 3979 1282 4067 λαοῦ
1308 3986 1457 4086 τούτου,

290 4237 302 4248 ·
332 4221 514 4277 θεοπνεύστοις
528 4223 560 4276 Β.
573 4222 652 4278 θείοις
666 4221 716 4276 Ed.
811 4223 880 4292 παρὰ
893 4225 948 4279 ταῖς
960 4222 1143 4281 θεοπνεύστοις
1154 4226 1270 4296 γραφαῖς
1283 4232 1345 4278 ante
1357 4227 1397 4298 τᾷ
1410 4229 1460 4280 τοῦ

370 4290 402 4345 Β.
467 4296 581 4347 καλεῖται
593 4311 647 4346 om.
664 4292 695 4345 Β.
824 4308 849 4359 5.
868 4294 909 4346 καὶ
922 4291 1009 4364 prius]
1029 4302 1055 4356 4-
1071 4295 1099 4348 ἐν
1112 4294 1163 4349 Ed.
1176 4294 1260 4349 invito
1274 4294 1306 4349 B.
1320 4294 1356 4350 cf.
1371 4313 1460 4367 supra

387 4360 511 4430 πνεύματι
524 4363 623 4417 habent
636 4363 668 4417 B.
682 4362 780 4432 (ἔθους.
792 4363 874 4433 Ττερ.
918 4365 959 4417 καὶ
971 4366 1017 4417 alt.
1031 4382 1123 4418 assum
1144 4376 1203 4419 tum
1215 4383 1246 4419 ex
1264 4364 1295 4418 B.
1369 4377 1396 4435 7.
1410 4368 1459 4421 τοῦ

395 4445 421 4483 ἀ
433 4449 464 4485 ex
480 4434 511 4486 B.
710 4449 750 4486 10.
769 4432 905 4504 πνεύματι]
923 4441 950 4497 ÷
967 4437 1036 4488 Θεοῦ
1049 4434 1101 4489 Ed.
1116 4383 1214 4505 georg.
1227 4435 1307 4505 Τταρ.
1320 4435 1410 4491 invito
1425 4436 1460 4492 Β.

403 4520 459 4557 ἰνιτ
474 4503 504 4557 Β.
613 4503 655 4557 26.
672 4501 764 4573 Ἀκοῇ]
782 4511 809 4567 -Ι-
826 4505 853 4557 δέ
869 4505 918 4558 Ed.
932 4505 1014 4558 invito
1029 4505 1062 4558 B.
