3038 5018
231 281 294 344 292
536 287 574 351 Β.
597 287 805 351 CYRILLI
836 287 1125 352 ALEXANDR.
1257 287 1299 350 iv.
1313 306 1434 373 32-34.

64 438 152 553 ῗξξῗ
232 447 428 547 ἀναγκαίαν
446 449 639 549 ποιήσαιτο
663 450 813 554 τροφήν.
851 461 873 497 “
886 452 1173 550 ἀπεληλύθησαν
1196 450 1267 554 γὰρ
1293 456 1341 535 είς
1365 449 1436 548 τὴν

233 578 255 613 “
273 568 382 649 πόλιν
414 572 471 650 ἵνα
508 572 647 677 τροφάς
683 571 948 677 ἀγοράσωσιν,”
981 572 1024 657 ἀς
1062 578 1120 654 καὶ
1156 579 1328 678 παρῆσαν
1363 573 1434 674 ήδη

232 695 550 794 συγκομισάμενοι.

198 879 221 943 d
383 895 473 971 Ἐτὼ
500 898 619 985 βρώοιν
645 898 713 985 ἔχω
739 896 854 986 φορεῖν
882 899 922 964 εἶν
949 897 1038 974 ὑμεῖς
1066 899 1124 963 οὐκ
1152 894 1276 964 οἴδατε.

288 1061 492 1162 Χαριέντως
519 1059 583 1159 μέν
611 1064 631 1140 ὁ
661 1061 788 1164 Σωτήρ
816 1059 888 1142 ἀπὸ
917 1068 988 1141 τῶν
1014 1065 1051 1141 ἐν
1077 1064 1182 1165 χερσὶ
1209 1060 1468 1164 πραγμάτων5

231 1182 411 1288 ε’ξυφαίνει
442 1184 507 1284 τήν
539 1183 741 1286 ἀπόκρισιν.
789 1184 902 1282 μόνον
934 1183 972 1264 δέ
1005 1185 1087 1289 οὐχί
1114 1192 1230 1291 φησιν
1259 1187 1430 1264 ε’πεσκια·

231 1309 382 1404 σμένως,
411 1312 458 1391 ὡς
487 1309 584 1411 εἴπερ
612 1313 732 1387 εἰδεῖεν
759 1310 858 1387 αὐτοὶ
887 1310 952 1406 τήν
977 1314 1209 1409 Σαμαρειτῶν
1236 1310 1292 1388 ε’πὶ
1321 1310 1435 1408 θύρας

230 1431 345 1509 οὖσαν
373 1430 609 1537 ἐπιστροφὴν,
637 1432 768 1528 ἐκείνης
802 1432 948 1535 ἔχεσθαι
977 1437 1123 1528 μᾶλλον
1149 1434 1198 1514 ὡς
1230 1435 1378 1536 τρυφῆς,
1409 1428 1434 1530 ἢ

231 1551 352 1656 σάρκα
375 1555 518 1660 τρέφειν
537 1555 732 1635 ἀνέπειθον.
772 1557 809 1633 ἐκ
833 1554 870 1633 δὲ
898 1553 941 1653 δή
967 1555 1093 1633 τούτου
1118 1551 1230 1634 πάλιν
1249 1553 1342 1653 ὅσην
1359 1553 1435 1658 ἔχει

230 1677 297 1777 τήν
328 1682 377 1762 εἰς
408 1679 617 1780 ἀνθρώπους
653 1676 798 1778 ἀγάπην
829 1677 852 1775 ή
884 1680 961 1756 θεία
994 1676 1106 1784 φύσις
1137 1677 1161 1757 ἕ
1196 1711 1258 1757 στι
1289 1684 1430 1775 μαθεῖν·
1451 1714 1493 1756 10

230 1800 371 1905 τροφήν
389 1799 460 1904 γάρ
479 1800 604 1903 ὥσπερ
622 1801 758 1902 ἡγεῖται
776 1803 834 1881 καὶ
853 1800 994 1906 τρυφὴν
1011 1807 1084 1880 τῶν
1102 1799 1348 1882 ἀπολωλότων
1365 1800 1435 1901 τὴν

201 1931 279 2008 οείς
297 1926 481 2026 σωτηρίαν
498 1922 714 2026 ἀναδρομήν.

179 2137 217 2192 33
247 2127 385 2204 Ἔλετον
412 2125 469 2194 οὖν
496 2127 525 2192 οἰ
553 2128 693 2204 μαθιιταί
722 2128 804 2216 πρὸς
832 2128 997 2192 ἀλλήλους
1023 2127 1131 2193 Λλείτιε
1158 2129 1292 2203 ἧνεκκεν
1319 2129 1412 2215 αὐτῷ

178 2271 216 2325 34
533 2249 649 2339 φοι-εῖν
660 2284 668 2334 ;
704 2253 791 2326 λὲτει
818 2248 928 2317 αὐτοῖς
956 2254 974 2319 ὁ
997 2253 1132 2319 Ἰειοοῦο.

288 2413 475 2494 Σκοτεινὸν
498 2414 584 2493 ὄντα
610 2411 804 2516 τὸνλόγον
823 2417 921 2496 οὕτω
946 2414 1111 2499 συνέντες
1137 2422 1170 2495 οἱ
1197 2419 1364 2516 μαθηταὶ,
1384 2415 1432 2497 τὰ
1450 2443 1488 2502 15

227 2539 408 2622 πολλάκις
435 2540 518 2617 καθ’
548 2536 692 2622 ἑαυτοὺς
720 2537 923 2642 ἐλογίζοντο
951 2536 1136 2640 γεγονότα,
1163 2543 1220 2619 καὶ
1247 2537 1338 2642 πρὸς
1365 2539 1433 2624 τάς

228 2661 395 2759 συνήθεις
432 2663 713 2756 καταβαίνουσιν
743 2663 890 2758 ε’ννοίας,
920 2666 1129 2767 προσῆχθαι
1160 2661 1225 2761 μὲν
1259 2662 1328 2743 ὑπό
1365 2697 1432 2743 του

228 2784 369 2891 τροφὴν
388 2782 645 2868 ε’νποπτεάοντες
662 2786 768 2892 αὐτῷ,
787 2785 997 2886 τιμιωτέραν
1015 2787 1059 2865 δέ
1077 2820 1154 2870 πως
1179 2784 1202 2886 ἢ
1224 2789 1282 2866 καὶ
1307 2787 1433 2886 ἡδίονα

229 2912 292 3006 τῆς
309 2910 393 3009 παρ’
414 2909 532 2987 αὐτῶν
550 2908 794 3007 συλλεγείσης
814 2907 985 3011 ὑπάρχειν
1003 2906 1125 3007 αἰπήν.

62 3032 123 3088 197
135 3030 175 3085 Δ.
200 3046 218 3084 a

235 3110 336 3187 Ἐμὸν
367 3112 479 3199 βρῶμά
507 3112 594 3176 ἐστιν
621 3112 674 3175 ἵνα
702 3112 833 3177 Ποιάοω
859 3111 897 3181 τὸ
926 3115 1050 3189 θὲλιιμα
1078 3119 1135 3179 τοῦ
1163 3116 1352 3194 πέμψαντός
1379 3139 1421 3192 με
1449 3145 1490 3184 20

543 3236 595 3301 καί
623 3235 792 3303 τελειώσω
820 3237 920 3301 αὐτοῦ
948 3237 985 3303 τὸ
1012 3236 1117 3325 ἔριόν.

279 3396 401 3476 ’Όλον
429 3399 635 3506 ἀπορρήξας
662 3408 726 3478 τοῦ
755 3401 868 3500 λόγου
895 3398 937 3480 τὸ
965 3398 1228 3499 κατακάλυμμα
1255 3405 1427 3507 διαφανε-

229 3519 368 3618 στάτην
397 3523 515 3603 αὐτοῖς
542 3522 696 3628 ἀνέδειξε
723 3521 789 3622 τὴν
817 3521 997 3622 ἀλήθειαν,
1026 3527 1075 3607 ὡς
1105 3522 1143 3602 δέ
1174 3523 1263 3603 ὅσον
1291 3525 1432 3605 οὐδέπω

154 3698 161 3707 ·-
228 3648 292 3744 τῆς
311 3645 513 3745 οἰκουμένης
533 3643 765 3729 διδασκάλοις
783 3646 966 3744 ἐσομένοις
984 3645 1097 3726 τύπον
1115 3645 1241 3727 ἑαυτὸν
1259 3648 1431 3754 εἰσφέρει,

227 3767 405 3848 συντόνου
429 3803 467 3847 τε
492 3771 550 3847 καὶ
577 3770 661 3847 λίαν
685 3771 836 3872 ἀρίστης
858 3774 1032 3870 σπουδῆς,
1054 3775 1117 3869 τῆς
1146 3773 1203 3850 ἐπὶ
1231 3767 1273 3851 τὸ
1302 3775 1433 3876 χρῆναι
1448 3808 1492 3872 25¹

228 3893 409 3972 διδάσκειν
437 3890 587 3991 δηλαδή,
616 3895 674 3971 καὶ
702 3896 765 3991 τῆς
793 3894 988 3995 ἀναγκαίας
1018 3902 1081 3973 τοῦ
1110 3895 1280 3991 σώματος
1309 3894 1433 3998 χρείας

266 4104 289 4140 1.
307 4086 507 4155 ἀπεληλύθησαν
522 4086 553 4141 Β.
565 4085 648 4141 ἀπελύ
682 4109 733 4141 σαν
746 4086 797 4140 Ed.
914 4085 940 4141 6.
958 4089 1042 4156 φησιν
1054 4104 1108 4141 om.
1124 4086 1156 4141 Β.
1273 4100 1297 4157 7.
1316 4091 1368 4140 τῶν
1380 4104 1432 4156 pro

227 4158 273 4224 τήν
287 4156 319 4210 Β.
392 4158 417 4211 8.
435 4158 666 4229 ε’κείνηΗρνφῆς
693 4157 798 4224 ε’κείνην,
811 4155 936 4227 δέχεσθαι
947 4160 1050 4222 μᾶλλον
1061 4159 1095 4213 ὣς
1107 4157 1208 4227 τροφήν
1222 4156 1253 4210 Β.
1318 4175 1352 4280 (φ.
1369 4156 1432 4211 ἀνέ-

226 4227 315 4280 πειθεν
328 4228 360 4281 Β.
408 4228 439 4297 δή
452 4246 504 4282 om.
520 4228 552 4282 B.
680 4227 720 4281 16.
740 4226 794 4282 καθ
808 4227 912 4284 εἀυτοὺς
925 4227 1074 4298 ἐλογίζοντο
1086 4229 1212 4299 γεγονότα
1224 4226 1274 4281 hoc
1287 4244 1318 4281 οι·
1337 4227 1381 4281 ine
1394 4225 1431 4283 B.

226 4301 351 4368 γεγονότα
363 4306 423 4351 ante
436 4298 490 4353 καθ
504 4299 609 4354 ἑαυτοὺς
621 4309 653 4352 tr.
667 4298 719 4352 Ed.
813 4299 852 4352 18.
872 4297 954 4366 ήοιη.
970 4298 1002 4351 Β.
1095 4315 1138 4352 22.
1157 4299 1341 4366 κατακάλυρρα
1356 4297 1432 4356 BD.

226 4370 378 4434 κατάλυνμα
392 4368 443 4423 Ed.
540 4386 582 4439 23.
600 4368 713 4437 ἀνέδειξε
728 4369 759 4424 Β.
772 4368 890 4438 ἀπέδειξε
905 4368 955 4422 Ed.
1053 4386 1096 4435 24.
1115 4369 1283 4423 διδασκάλοις
1295 4367 1434 4435 ἐσομένοις

335 4439 383 4492 “ne
396 4439 428 4492 B.
455 4502 461 4510 θ
614 4440 656 4493 26.
674 4440 810 4509 ἀναγκαίας
825 4439 893 4493 B.l).
908 4438 955 4492 sed
967 4439 1105 4509 ἀναγκαίου
1118 4439 1330 4509 suprascriptum
1343 4438 1431 4494 codex

385 4507 480 4564 Forma
493 4520 604 4580 utraque
617 4527 749 4578 suprascr.
763 4511 790 4562 in
806 4510 840 4562 D.
