3038 5018
224 289 268 352 94
528 288 568 353 Β.
591 287 798 352 CYRILLI
827 284 1115 351 ALEXANDR.
1353 283 1374 347 i.
1392 283 1422 346 8.

224 451 404 560 μαρτυρίαι
417 452 474 533 ’ίνα
490 453 677 566 μαρτυρήσῃ
695 459 767 559 περὶ
786 453 840 532 τού
858 451 981 558 φωτός·
1001 452 1060 529 καὶ
1077 454 1156 556 φῶς
1171 446 1237 548 μέν
1254 448 1291 527 ἐν
1309 446 1424 554 τούτῳ

224 573 404 655 τὸνθεόν
423 574 546 678 Λόγον
564 578 748 673 ἀποκαλεῖ,
767 574 829 656 ἕνα
847 572 886 654 δέ
905 573 991 654 ὄντα
1015 571 1172 670 δεικνύει,
1191 573 1249 651 καὶ
1273 570 1360 651 αὐτὸ
1380 569 1424 671 δὴ

225 707 332 778 τοῦτο
357 701 485 802 κυρίως
513 697 719 805 ὑπάρχοντα
746 705 835 807 φῶς,
862 696 945 797 μεθ’
974 698 1017 777 οὗ
1043 695 1135 777 κατὰ
1163 695 1278 802 φύσιν
1305 694 1425 797 ἕτερον

224 821 337 921 ούδέν,
355 821 422 923 τήν
440 831 504 903 τοῦ
528 821 704 903 δύνασθαι
728 822 891 928 φωτίζειν
911 820 1087 923 ἐνέργειαν
1104 819 1198 924 ἔχον,
1219 820 1278 898 καὶ
1303 815 1424 922 φωτός

226 946 268 1026 ού
286 944 422 1049 δεηθέν.Ι
461 946 588 1025 οὐκοῦν
607 943 761 1052 ἕκφυλός
780 979 819 1025 τε
838 947 906 1042 καὶ,
924 941 967 1024 ἵν’
986 944 1099 1027 οὕτως
1117 941 1281 1040 εἴπωμεν,
1301 943 1421 1043 ἑτερο·
1437 960 1456 1019 5

226 1067 320 1177 φυής
338 1073 387 1153 ὡς
404 1066 495 1172 πρὸς
517 1066 583 1167 τὴν
600 1068 719 1148 κτίσιν
737 1069 757 1147 ὁ
782 1077 846 1150 τοῦ
865 1073 962 1147 θεοῦ
980 1063 1110 1168 Λόγος,
1130 1065 1226 1167 εἴπερ
1250 1063 1361 1148 ὅντως
1385 1098 1424 1143 τε

225 1195 285 1272 καὶ
303 1194 447 1293 ἀληθῶς
463 1188 570 1275 αὐτὸς
587 1190 653 1291 μέν
666 1195 745 1280 ἐστι
762 1191 889 1295 κυρίως
906 1187 949 1271 τὸ
968 1196 1058 1296 φῶς,
1072 1184 1193 1294 φωτός
1211 1186 1249 1269 δέ
1267 1187 1290 1286 ή
1309 1188 1426 1271 κτίσις

193 1336 215 1401 d
225 1314 385 1420 μέτοχος.
425 1316 445 1395 ὁ
471 1314 509 1395 δέ
532 1321 606 1399 τοῖς
627 1313 874 1413 πεποιημένοις
891 1314 1114 1397 ἀσύντακτος
1131 1311 1210 1412 ήδη,
1229 1312 1288 1390 καὶ
1307 1313 1423 1413 ἑτερο-

227 1438 321 1545 φνὴς
348 1436 407 1519 διά
434 1447 540 1519 τοῦτο
567 1437 764 1536 νοούμενος,
783 1443 861 1522 πῶς
887 1436 933 1517 ἀν
959 1436 1011 1537 ε’ίη
1039 1432 1196 1539 γενητὸς,
1215 1440 1361 1535 μᾶλλον
1387 1432 1426 1513 δέ

225 1568 303 1647 πῶς
321 1563 385 1642 ούκ
403 1560 448 1640 ἀν
466 1560 518 1661 εἴη
537 1558 667 1641 λοιπόν
684 1560 771 1641 ε’ίσω
789 1567 862 1641 τῶν
878 1565 943 1661 τῆς
960 1557 1126 1661 θεότητος
1150 1558 1256 1662 ὅρων,
1278 1560 1336 1638 καὶ
1360 1560 1425 1657 τῆς
1441 1595 1479 1635 ιο

225 1693 290 1766 τοῦ
308 1682 470 1768 τεκόντος
487 1683 632 1790 εὐφυΐας
650 1684 860 1781 ἀνάπλεως;

197 2011 297 2080 8Οὐκ
323 2005 362 2079 δν
389 2005 514 2076 ἒκεῖνοο
539 2007 577 2077 τὸ
605 2009 689 2100 φῶα,
716 2011 785 2077 ἀλλ’
816 2010 870 2078 ἵνα
896 2009 1089 2103 μαρτυρήοιρ
1117 2009 1192 2101 περὶ
1217 2013 1275 2077 τοῦ
1302 2010 1425 2097 φωτός.

284 2213 362 2301 Τάς
379 2217 417 2296 ἐν
434 2222 480 2322 τῇ
498 2214 616 2324 ἐρήμῳ
633 2216 816 2320 διατριβὰς
834 2223 908 2297 τῶν
926 2220 963 2297 ἐν
978 2215 1134 2298 πόλεσιν
1150 2215 1427 2315 ἐνδιαιτημάτων

198 2335 455 2442 οπροτιμήσας
482 2341 503 2419 ό
530 2340 746 2439 βαπτιστὴς,
775 2342 833 2420 καὶ
861 2339 968 2447 ξένην
992 2341 1030 2420 ἐν
1057 2338 1211 2438 ἀσκήσει
1239 2338 1306 2438 τήν
1335 2373 1423 2442 καρ-

228 2463 348 2565 τερίαν
365 2461 638 2569 ἐπιδειξάμενος,
657 2466 715 2543 καὶ
739 2467 788 2548 εἷς
812 2461 898 2543 αὐτὸ
923 2467 988 2563 τῆς
1012 2463 1050 2542 ἐν
1067 2462 1268 2566 ἀνθρώποις
1290 2464 1422 2541 δικαω-
1443 2489 1480 2548 15

229 2583 342 2686 σύνης
364 2584 407 2666 τό
433 2584 629 2688 ἀκρότατον
646 2584 869 2690 ἀναδραμὼν,
888 2589 946 2667 καὶ
970 2585 1071 2687 μάλα
1099 2587 1239 2671 δικαίως
1267 2588 1422 2664 ἀπεθαν-

227 2708 366 2813 μάζετο,
399 2713 457 2789 καὶ
491 2707 535 2809 δὴ
567 2711 625 2790 καὶ
662 2711 861 2810 ἀπείληπτο
890 2711 990 2815 παρά
1019 2744 1116 2790 τισιν
1146 2706 1234 2789 εἶναι
1265 2705 1426 2811 Χριστός

229 2831 346 2917 αάτός.
386 2836 444 2912 καὶ
466 2841 554 2936 γοῦν
572 2837 605 2912 οί
632 2840 705 2914 τῶν
723 2835 926 2913 Ἰουδαῖκῶν
946 2833 1135 2936 ἡγούμενοι
1157 2832 1349 2934 ταγμάτων
1368 2831 1427 2911 διά

228 2961 302 3034 τῶν
336 2953 549 3059 προσόντων
585 2957 681 3065 αὐτῷ
724 2955 816 3037 κατά
856 2955 985 3059 ἀρετὴν
1023 2953 1342 3057 πλεονεκτημάτων
1379 2963 1427 3039 είς

59 3094 136 3212 {21³¹
228 3079 393 3179 τοιαύτην
429 3079 626 3183 ἐνεχθέντες
668 3077 852 3177 ὑπόνοιαν,
882 3079 1159 3160 ἀποστέλλουσί
1199 3114 1297 3164 τινας
1336 3077 1427 3184 πρός
1442 3113 1481 3154 20

105 3196 113 3211 ⁰
139 3174 163 3228 ⁹⁶
228 3199 337 3281 αὐτὸν
354 3201 599 3282 ἀναπυθέσθαι
619 3201 903 3310 προστάξαντες,
921 3210 950 3284 εί
968 3200 1073 3287 αύτός
1092 3205 1192 3283 ἐστιν
1211 3204 1231 3282 ὁ
1250 3200 1424 3306 Χριστός.

229 3325 292 3404 ούκ
324 3323 509 3425 ἀγνοήσας
538 3327 657 3405 τοίνυν
687 3327 707 3405 ό
740 3326 911 3430 μακάριος
944 3325 1219 3428 Εύαγγελιστής
1251 3325 1297 3406 τὰ
1328 3325 1427 3428 παρὰ

61 3475 159 3532 64Δ.
199 3453 382 3532 κπολλοῖς
403 3447 730 3549 διατεθρυλλημένα
751 3453 833 3551 περὶ
857 3451 977 3547 αὑτοῦ,
998 3451 1141 3550 τίθησιν
1159 3451 1359 3552 ἀναγκαίως
1385 3449 1427 3530 τό

229 3577 308 3652 Οὐκ
334 3565 368 3664 ήι
385 3570 503 3659 ἐκεῖνος
531 3570 567 3651 τδ
597 3569 682 3678 φύς,
701 3572 760 3652 ἵνα
787 3576 844 3653 καὶ
871 3571 1015 3674 πλάνην
1034 3571 1262 3679 ἀποῤῥιζάση
1287 3571 1353 3673 τὴν
1370 3576 1427 3655 ἐπὶ

228 3693 356 3803 τούτῳ,
389 3696 447 3773 καὶ
477 3691 592 3774 πόλιν
622 3695 852 3801 ἀξιοπιστίαν
883 3696 1111 3801 ἐπισωρεύση
1142 3695 1221 3775 τινὰ
1257 3702 1308 3806 τῷ
1337 3695 1429 3801 πρὸς
1444 3736 1482 3796 ²5

229 3816 425 3921 μαρτυρίαν
457 3818 721 3926 ἀπεσταλμένη
757 3817 856 3920 παρά
889 3825 995 3901 Θεοῦ.
1050 3825 1127 3904 πῶς
1163 3818 1236 3923 γὰρ
1271 3822 1312 3900 ού
1345 3822 1429 3900 λίαν

230 3939 439 4048 ύπερφερὴς,
457 3947 536 4026 πῶς
558 3940 596 4021 δέ
620 3942 699 4057 οὐχὶ
725 3943 816 4022 κατὰ
833 3940 952 4023 πάντα
969 3939 1103 4045 τρόπον
1121 3941 1426 4048 ἀξιοθαύμαστος,

230 4062 437 4168 όμεγάλην
458 4068 552 4147 οὕτω
577 4098 633 4146 κα
647 4066 887 4173 ημφιεσμένος
913 4064 1051 4170 ἀρετήν,
1071 4068 1129 4146 καὶ
1159 4065 1354 4170 διαπρεπὴς
1381 4070 1429 4151 είς

232 4291 423 4416 Ed1'i1ffftff⁸fi⁹
434 4290 493 4364 μίν]
507 4294 578 4417 φῶὲλ
576 4292 624 4417 ρρίυ
635 4294 686 4417 γδρ
699 4293 732 4349 Β.
749 4364 788 4418 Μ.
863 4312 889 4365 3.
908 4293 1112 4387 offlam,
1162 4312 1235 4418 X9.
1248 4293 1428 4419 ριῶςῇρρύκ

231 4399 324 4511 ρι’(ίίαε
338 4431 370 4484 Β.
383 4385 560 4512 &mara
572 4382 751 4505 ngoerffid.
764 4382 851 4489 όιὶἀόξί
859 4434 939 4491 habet
950 4435 984 4490 Ε.
1027 4378 1067 4436 1⁷·
1086 4387 1176 4490 mago.
1185 4383 1428 4505 ρήόόςςαάτυάἀςτινάξ

230 4517 337 4556 ιοιοιιο
349 4500 441 4555 ordme
455 4503 487 4556 B.
570 4521 613 4561 21.
631 4502 814 4561 ἀναπειθίσθαι
828 4505 860 4561 Ε.
951 4519 994 4573 τ5.
1012 4504 1104 4577 πολιν]
1116 4506 1219 4574 πολλήν
1231 4506 1343 4576 conjecit
1356 4506 1392 4558 D.
