3038 5018
92 299 124 364 ii.
142 320 189 381 14.
299 301 354 365 IN
385 301 697 384 s.,JOANNEM.
745 300 911 364 LIB.II.
957 300 1059 364 CAP.
1084 299 1111 362 1.
1227 299 1289 360 205

92 463 245 572 ἀνέδειξε
269 475 333 546 τοῦ
358 468 502 571 πρώτου
520 469 702 564 βελτίονα·
726 477 748 515 “
762 464 817 548 Τὸ
836 465 907 570 γάρ
927 466 1078 569 γράμμα
1095 465 1288 561 ἀποκτένει,
1334 467 1411 581 ἔσθ’·
1423 465 1458 515 ²⁵⁵·

92 599 114 634 “
132 587 175 668 τὸ
205 588 243 669 δέ
272 599 410 687 πνεῦμα
439 591 633 693 ζωοποιεῖ·”
676 595 734 672 καί
765 593 785 669 ὁ
815 588 881 689 μέν
910 590 1017 689 νόμος
1047 592 1111 671 ούκ
1143 590 1214 694 έχει
1245 586 1318 667 τὸν
1344 602 1457 660 188A.

91 713 230 795 τέλειον
247 716 285 792 έν
303 717 460 814 ἀγαθοῖς·
488 713 535 793 τά
553 712 592 793 δὲ
610 721 687 795 θεῖα
709 719 774 813 τῆς
799 715 1031 815 εὐαγγελικῆς
1053 712 1288 796 διδασκαλίας

93 834 325 934 παιδεύματα,
347 834 604 938 πληρεστάτην
628 838 785 942 εἰσφέρει
811 834 878 937 τὴν
902 838 1081 938 εὐλογίαν.
1121 834 1289 939 θαυμάζει

59 958 133 1039 ὅδὲ
158 957 221 1039 τὸν
239 956 333 1040 οἶνον
357 959 420 1040 τὸν
443 960 521 1040 νέον
545 963 565 1039 ὁ
590 963 864 1065 ἀρχιτρίκλινος·
895 962 1047 1045 ἕκαστος
1071 960 1154 1062 γὰρ,
1174 957 1286 1058 οἶμαι,

93 1089 166 1161 τῶν
184 1087 233 1167 εἰς
256 1083 323 1183 τὴν
345 1085 443 1164 θείαν
462 1084 658 1188 ἱερωσύνην
676 1085 991 1186 κατατεταγμένων
1009 1087 1068 1164 καί
1091 1118 1285 1164 πεπιστευ-

93 1207 209 1304 μένων
241 1206 304 1288 τὸν
336 1205 432 1288 οἰκον
464 1216 527 1288 τοῦ
560 1213 728 1311 Σωτῆρος
765 1209 865 1308 ἡμῶν
897 1214 1072 1312 Χριστοῦ,
1104 1207 1169 1288 τὸν
1203 1205 1290 1309 ὑπὲρ

95 1328 205 1429 νόμον
223 1332 331 1411 αὐτοῦ
350 1331 637 1431 καταπλήττεται
657 1329 781 1433 λόγον.
818 1332 961 1441 πρώτῳ,
977 1329 1014 1412 δέ
1037 1333 1133 1440 αύτῷ
1158 1333 1290 1411 κελεύει

94 1459 240 1554 δοθῆναι
267 1454 440 1557 Χριστὸς,
465 1456 519 1535 ὅτι
547 1454 639 1536 κοτά
665 1454 731 1556 τὴν
754 1465 818 1536 τοῦ
847 1458 1000 1536 Παύλου
1027 1454 1153 1563 φωνήν
1178 1466 1198 1502 “
1213 1455 1290 1536 Τὸν
1336 1448 1429 1565 ffim·

45 1600 79 1641 10
95 1590 117 1625 “
134 1586 313 1660 κοπιῶντα
348 1579 510 1683 γεωργὸν
547 1585 601 1660 δεῖ
633 1588 777 1692 πρῶτον
814 1586 887 1660 τῶν
919 1585 1066 1682 καρπῶν
1099 1587 1325 1679 μεταλαμ-ί)

95 1713 116 1748 “
134 1703 287 1801 βάνειν,”
309 1706 366 1782 καί
387 1704 507 1783 νοείτω
525 1703 639 1783 πάλιν
657 1707 677 1784 ὁ
696 1703 882 1809 ἀκροατὴς,
901 1703 921 1784 δ
941 1704 1050 1806 λέγω.
1224 1704 1228 1715 “

1491 694 1511 757 ί

108 1966 163 2031 Καὶ
191 1962 284 2055 εὗρεν
310 1969 344 2033 ὲν
372 1975 420 2053 τῷ
443 1965 521 2056 ἱερῷ
545 1990 619 2034 τους
646 1973 840 2035 πωλοῦντας
867 1970 945 2048 βόας
973 1972 1025 2035 καί
1051 1972 1199 2060 πρόβατα
1229 1973 1281 2036 καί
1309 1994 1344 2048 14

262 2096 455 2181 περιστερὰς
483 2096 536 2159 καί
563 2095 638 2160 τοὺς
666 2096 881 2184 κερματιστὰς
909 2097 1119 2173 καθημένους.

151 2292 431 2398 Ἐξελέγχονται
462 2295 575 2373 πάλιν
604 2297 662 2373 καί
691 2292 750 2374 διά
776 2293 912 2374 τούτων
936 2297 1100 2375 Ἰουδαῖοι
1131 2301 1204 2375 τῶν
1232 2298 1291 2375 δο-

45 2426 81 2485 ¹5
98 2413 228 2496 θέντων
257 2419 375 2501 αὐτοῖς
403 2420 706 2524 ὑπερφρονοῦντες
735 2417 863 2517 νόμων,
891 2425 949 2498 καὶ
977 2418 1199 2523 γραμμάτων
1226 2416 1292 2519 μέν

97 2545 329 2620 Μωυσαϊκῶν
361 2541 486 2621 οὐδένα
517 2542 719 2639 ποιούμενοι
752 2541 876 2644 λόγον,
898 2549 956 2626 εἰς
988 2540 1101 2643 μόνην
1135 2542 1173 2623 δέ
1204 2543 1290 2638 βλέ-

95 2696 221 2747 ποντες
248 2662 314 2762 τὴν
342 2665 585 2769 φιλοκερδίαν.
628 2669 935 2770 προκαθαίρεσθαι
960 2665 1032 2769 γὰρ
1060 2665 1151 2746 κατὰ
1177 2669 1320 2747 ποικί-ο

97 2801 181 2870 λους
206 2785 359 2888 τρόπους
383 2796 447 2867 τοῦ
472 2787 582 2886 νόμον
607 2788 812 2872 κελεύοντος
836 2788 919 2874 τούς
943 2793 1043 2893 οἵπερ
1069 2790 1224 2889 ἔμελλον
1243 2795 1291 2873 εἰς

97 2909 159 2988 τὸν
190 2916 283 2990 θεῖον
313 2911 566 3011 ἀναβήσεσθαι
603 2910 699 3008 ναὸν,
729 2912 1017 3014 ἀργυραμοιβοδς
1048 2914 1126 3013 ἤτοι
1159 2948 1288 3019 κερμα·

45 3065 84 3104 20
98 3034 226 3133 τιστίις,
247 3038 304 3115 καὶ
323 3037 460 3139 ἑτέρους
479 3039 536 3117 ε’πί
554 3037 702 3133 τούτοις,
722 3035 773 3119 οἷς
794 3036 987 3143 πλεονεξία
1012 3033 1054 3114 τὸ
1080 3034 1292 3135 ἐπιτήδευμα

98 3162 156 3236 καὶ
173 3158 276 3244 τόκος
295 3164 353 3239 καὶ
371 3158 603 3260 πλεονασμὸς
622 3163 659 3239 ἐν
672 3159 881 3258 ἐπιθυμίαις·
912 3158 997 3243 ὅλος
1016 3157 1089 3260 γὰρ
1106 3158 1143 3236 έν
1156 3157 1293 3242 τούτοις

98 3284 118 3360 ὁ
145 3289 217 3360 τῶν
240 3281 406 3384 ἐμπόρων
429 3283 569 3366 σκοπὸς
596 3284 825 3362 συντείνεται·
862 3281 928 3376 τὴν
952 3283 1059 3383 ἀγίαν
1083 3282 1289 3380 καταμολύ·

98 3435 227 3484 ναντας
256 3403 320 3481 οὑκ
350 3407 521 3504 ἀπεῖργον
548 3401 674 3501 αὐλὴν,
702 3403 861 3486 ἀνίπτοις
891 3403 927 3482 δέ
955 3400 1080 3505 ὥσπερ
1107 3407 1156 3486 εἰς
1183 3400 1295 3500 αὐτὴν

98 3523 243 3603 εἰσιέναι
266 3528 356 3605 ποσὶ
383 3528 441 3604 καί
467 3526 566 3604 αὐτοὶ
591 3522 634 3624 δὴ
658 3524 802 3609 πάντως
826 3524 1018 3607 ε’πέταττον
1034 3531 1069 3606 οἰ
1087 3524 1294 3605 διακωλύειν

47 3665 86 3725 25
100 3648 296 3752 ἰσχύοντες·
326 3648 385 3728 ἵνα
404 3647 447 3748 δὴ
468 3650 636 3754 φαίνηται
655 3647 775 3750 λέγων
792 3653 910 3750 ἀληθῆ
931 3654 1012 3754 περὶ
1030 3653 1146 3731 αὐτῶν
1165 3653 1185 3729 ὁ
1204 3649 1296 3734 Θεύς

100 3772 154 3852 ὅτι
173 3783 196 3818 “
212 3773 384 3872 Ποιμένες
412 3777 546 3853 πολλοὶ
575 3772 778 3879 διέφθειραν
799 3772 863 3853 τὸν
885 3775 1083 3873 ἀμπελῶνά
1109 3810 1188 3874 μου,
1215 3772 1462 3895 ε’μύ-ᾱξῑοῑθζηξῑῑ

101 3907 122 3943 “
141 3907 254 3976 λυναν
276 3897 341 3995 τὴν
362 3897 488 3999 μερίδα
511 3931 592 3995 μου,
611 3895 746 3976 ἔδωκαν
767 3897 892 4000 μερίδα
916 3898 1135 3998 ἐπιθυμητήν
1153 3933 1223 3994 μου
1248 3904 1296 3982 εἰς
1374 3883 1381 3906 ’

101 4020 164 4067 ιι*

140 4054 271 4124 ερημον
295 4018 442 4117 ἀβατον,
466 4018 614 4121 ἐγενήθη
640 4025 688 4103 εἰς
711 4019 921 4126 ἀφανισμὸν
946 4022 1155 4104 ἀπωλείας.”
1195 4025 1295 4128 διεφ·

141 4271 163 4307 1.
182 4252 295 4320 ἀνέδειξε
314 4253 347 4306 Β.
366 4253 437 4307 Catt.
455 4253 573 4321 ἀπέδειξε
593 4253 644 4309 Ed.
718 4254 849 4309 ἀποκτίνει
869 4253 966 4308 Β.Ι).α.
984 4253 1125 4308 ἀποκτείνει
1144 4251 1226 4308 Cord.
1245 4252 1298 4307 Ed.

103 4340 128 4390 5.
147 4326 192 4377 τὸν
204 4324 261 4377 νέον
272 4335 441 4394 assumptum
454 4342 469 4377 ο
482 4323 597 4378 Catenis.
715 4323 741 4379 6.
759 4323 899 4394 ίερωσύνην
912 4323 945 4378 Β.
960 4323 1029 4378 Catt.
1042 4321 1235 4395 ἀρχιερωσύνην
1247 4322 1300 4378 Ed.

103 4396 129 4448 8.
149 4398 226 4463 νόμου
240 4394 342 4463 Migne.
442 4410 483 4449 10.
501 4396 616 4466 γεωργὸν
629 4394 699 4457 B,D.
712 4394 783 4448 Catt.
796 4397 920 4464 γεωργεῖν
933 4394 984 4448 Ed.
1082 4410 1122 4448 11.
1142 4393 1299 4465 δλέγωνΒ.

108 4482 149 4518 12.
168 4466 209 4518 καί
221 4466 288 4527 βόας
301 4463 333 4518 Β.
443 4481 484 4535 13.
503 4465 544 4518 καὶ
555 4465 615 4521 τοὺς
627 4465 797 4534 κερματιστὰς
808 4465 963 4535 καθημένους
974 4483 1028 4519 om.
1042 4464 1074 4519 B.
1208 4478 1250 4532 25.
1269 4464 1301 4532 δι)

105 4553 160 4588 om.
179 4535 209 4588 B.
282 4535 326 4588 26.
344 4535 476 4604 ποιμέναις
489 4534 550 4604 (sic)
565 4535 600 4589 D.
675 4548 717 4606 27.
736 4535 826 4605 μερίδα
840 4536 913 4606 prius
927 4536 960 4590 Β.
973 4535 1142 4606 κληρονομίαν
1154 4534 1206 4591 Ed.
