3038 5018
114 304 169 369 vii.
186 320 214 388 7.
301 308 357 372 IN
388 308 702 376 S.JOANNEM.
748 310 843 375 LIB.
868 311 927 377 IV.
974 311 1077 375 CAP.
1094 311 1135 374 V.
1254 310 1317 372 585

113 467 178 549 τὸν
209 471 336 552 ἑαυτοῦ
369 480 464 581 φησι
496 481 658 578 παρεῖναι
692 478 813 582 καιρίι,
845 482 1010 577 παρεῖναι
1047 472 1085 553 δέ
1118 473 1217 575 λέγει
1254 470 1318 551 τὸν

112 595 263 694 ἐκείνων,
287 599 345 676 καί
372 601 410 678 ἐν
437 600 560 706 ἰτοίμιρ
588 597 627 679 δέ
655 605 795 678 κεῖσθαι
824 597 882 679 διὰ
909 596 1056 684 παντός’
1088 596 1217 704 ἐξεῖναι
1244 594 1316 698 γὰρ

111 726 186 802 τοῖς
213 722 251 799 ἐν
280 718 406 829 κόσμῳ
439 723 559 828 φαμέν
585 720 628 803 τὸ
658 726 784 802 δοκοῦν
811 725 983 803 ἐπιτελεῖν
1010 719 1315 824 παραποδίζοντος

110 845 307 944 ἀναγκαίου
330 845 490 946 μηδενὸς,
509 845 532 947 ἢ
557 850 616 925 καί
643 850 692 930 εἰς
715 846 939 951 πρόσκαιρον
958 854 1154 929 καλοῦντος
1179 848 1315 922 οἰκονο-

78 968 197 1064 5μίαν
214 965 305 1071 πρὸς
323 969 365 1048 τὸ
390 972 522 1076 χρῆναί
542 1005 577 1050 τι
601 969 731 1074 δρᾶνῆ
756 969 806 1071 μὴ
832 969 1172 1070 συμβουλεῦονσαν,
1191 963 1348 1068 ὦσπερο

113 1092 176 1170 οῦν
194 1089 239 1191 ἦν
256 1092 382 1191 ἀμέλει
401 1097 458 1174 καί
476 1096 535 1175 ἐπὶ
552 1100 730 1196 Χριστοῦ·
761 1094 934 1174 ἄλλωστε
952 1101 1025 1174 τῶν
1044 1089 1111 1192 τὴν
1129 1094 1168 1172 ἐν
1186 1089 1316 1197 κόσμῳ

113 1212 205 1316 ζωὴν
229 1215 419 1315 ε’λομένων,
438 1217 600 1317 ἀνειμένη
629 1250 681 1302 τις
709 1219 810 1297 ἐστὶν
835 1217 858 1317 ἡ
886 1219 1014 1315 δίαιτα,
1036 1217 1095 1296 καὶ
1124 1214 1315 1321 φροντίδος

113 1342 178 1438 τῆς
195 1340 456 1444 ἐπιπονωτέρας
478 1341 755 1444 ἀντηλλαγμένη,
773 1342 1006 1444 προκείμενον
1023 1338 1151 1444 ὥσπερ
1177 1341 1230 1417 ἀεὶ
1258 1341 1315 1418 καὶ

113 1462 328 1563 ήπλωμένον
346 1465 569 1572 εἰσφέρουσα
586 1464 650 1545 τὸν
668 1467 724 1546 ἐπὶ
749 1472 823 1549 τοῖς
849 1463 1011 1564 ἡδίστοις
1035 1464 1160 1568 καιρὸν
1180 1464 1238 1542 καί
1257 1462 1314 1566 ἐφ’

59 1620 99 1661 10
113 1584 202 1689 ὅπερ
228 1583 273 1666 ἀν
296 1588 501 1683 βούλωνται
529 1589 695 1692 βαδίζειν,
720 1589 868 1688 ἑτοίμως
896 1596 970 1672 τοῖς
998 1590 1089 1693 αὐτῇ
1118 1585 1315 1693 χρωμένοις

113 1709 367 1812 ἐπιτρέπουσα.
1089 1810 1093 1817 ἱ

169 1836 314 1916 Οιίκοῦν
331 1842 405 1916 τῶν
423 1834 488 1934 μέν
507 1839 709 1939 ἀναγκαίως
735 1839 949 1937 οἰκονομίαις
972 1835 1198 1941 πραγμάτων
1221 1838 1311 1918 ῦπα-

113 1958 291 2057 κειμένων,
303 1958 423 2064 καιρὸς
441 1963 509 2066 οὐχ
526 1958 620 2045 ἅπας
639 1967 688 2044 εἰς
707 1961 749 2042 τὸ
768 1958 895 2065 δρᾶνᾶ
911 1967 1096 2066 προσῆκεν
1109 1959 1315 2060 ἐπιτήδειος,

113 2083 199 2160 ἀλλ’
223 2085 243 2163 ὃ
270 2085 419 2188 πρέπων
448 2085 589 2193 ἐκοίστῳ
617 2091 691 2165 τῶν
719 2084 953 2184 τελουμένων,
982 2089 1041 2165 καί
1069 2083 1196 2187 ὥσπερ
1223 2083 1269 2165 ἀν
1291 2086 1348 2186 vid

60 2230 97 2290 ι5
116 2214 180 2285 τοῦ
206 2207 420 2310 πράγματος
448 2210 614 2310 ἀπαιτοίη
639 2208 765 2310 φύσις·
799 2216 850 2316 τῷ
874 2208 912 2289 δέ
939 2209 1130 2294 ἀπολῦτως
1154 2209 1315 2317 ἑλομένῳ

111 2336 225 2429 βιοῦν,
244 2333 457 2413 ἐπικείσεται
475 2332 540 2433 μέν
558 2342 718 2414 τοωῦτον
737 2333 848 2413 οὐδέν·
881 2332 1091 2434 ἑτοιμοτάτη
1111 2331 1149 2413 δέ
1166 2339 1315 2433 μᾶλλον

112 2458 171 2533 καί
209 2456 370 2557 ἀνειμένη
410 2463 608 2555 παντελῶς,
644 2458 667 2558 ἡ
710 2458 766 2563 ἐφ’
804 2456 893 2561 ὅπερ
930 2455 976 2538 ἂν
1012 2456 1188 2538 ἐθέλωσιν
1226 2459 1321 2539 ἰέναι,

111 2579 278 2682 ποίροδος.

113 2842 159 2908 Οὐ
179 2844 312 2911 δύναται
331 2847 350 2912 ὁ
370 2849 490 2923 κὸομοο
508 2843 612 2924 μισεῖν
631 2847 724 2928 ὑμᾶς,
743 2846 801 2923 ἐμὲ
820 2847 855 2912 δὲ
877 2843 972 2928 μισεῖ,
991 2849 1041 2915 ὅτι
1064 2847 1130 2922 enh
1153 2846 1340 2935 μαρτυρώ7

57 2995 97 3036 20
295 2971 371 3061 περὶ
394 2972 493 3037 αὐτοῦ
517 2974 567 3038 ὅτι
590 2974 629 3037 τὰ
654 2973 732 3060 ἔργα
756 2972 855 3038 αὐτοῦ
881 2976 1009 3062 πονιιρά
1032 2974 1129 3038 ἐστιν.

166 3155 374 3258 Χαριέντως
404 3155 554 3263 σφόδρα
581 3157 640 3235 καί
667 3164 731 3236 νῦν
758 3157 779 3234 ὁ
808 3153 936 3257 Σωτὴρ
964 3156 1229 3258 κοσμικιίτερου
1258 3151 1339 3231 ἐτιο

111 3286 335 3385 φρονοῦντας
372 3282 433 3360 καί
465 3278 699 3379 διακειμένους
735 3280 877 3384 ἐλέγχει
908 3279 990 3363 τοῦς
1022 3277 1216 3384 ἀδελφοὺς,
1251 3279 1309 3356 καὶ

110 3402 279 3505 δευτέραν
308 3401 433 3506 ὥσπερ
461 3405 662 3506 ἀπολογίαν
685 3402 792 3510 τέχνη
819 3400 976 3505 κεράσας
1003 3401 1177 3507 εἰσφέρει,
1201 3402 1245 3480 δι’
1268 3400 1311 3502 ἧς

110 3527 178 3631 οῦχ
217 3526 313 3611 ὅπως
351 3529 416 3607 οῦκ
452 3525 652 3628 ἐγνωκότας
688 3524 816 3612 αὐτοῦς
851 3528 906 3611 τίς
937 3525 1029 3606 κατὰ
1063 3524 1178 3634 φύσιν
1209 3527 1311 3606 ἐστὶν

55 3672 95 3733 ²5
111 3650 373 3749 ἀποδείκνυσιν,
410 3653 495 3731 ἀλλ’
535 3652 587 3731 ἐτι
623 3658 800 3732 τοσοῦτον
836 3655 900 3750 τῆς
935 3656 985 3735 εἰς
1020 3648 1129 3730 αὐτὸν
1165 3647 1309 3751 ἀγάπης

109 3773 381 3881 ἐξῳκισμένους,
410 3779 457 3860 ὡς
485 3766 633 3856 ἑλέσθαι
661 3773 786 3879 διαζῆν
814 3776 879 3855 οῦκ
906 3771 1115 3881 ἀπᾳδόντως
1144 3780 1218 3858 τοῖς
1245 3773 1309 3853 τὸν

110 3898 149 3976 ἐν
172 3898 300 4006 κόσμῳ
329 3899 550 4003 θαυμάζουσι
577 3901 748 3999 βίον,καί
773 3900 853 4004 οῦχί
877 3905 1023 3996 μᾶλλον
1045 3895 1108 3977 τὸν
1130 3899 1167 3976 ἐν
1184 3898 1305 4000 ἀρετῇ.

109 4019 155 4119 ἦν
182 4020 253 4124 γάρ
281 4021 325 4124 δὴ
355 4028 412 4103 καί
441 4023 553 4108 ὄντως
580 4023 812 4105 ἀτοπώτατον
839 4029 913 4105 τοῖς
940 4019 1005 4121 μέυ
1033 4021 1160 4103 ἀλλοις
1190 4016 1307 4100 ἅπασι

148 4276 172 4313 1.
191 4259 260 4330 φησὶ
273 4277 327 4314 om.
341 4259 374 4313 B.
424 4259 520 4315 Statim
532 4262 649 4331 παρεῖναι
661 4262 749 4328 καιρὸν
760 4269 929 4330 assumptum
943 4277 975 4312 ex
991 4258 1023 4314 B.
1118 4274 1143 4312 2.
1162 4258 1264 4313 κεῖσθαι
1276 4258 1305 4311 δὲ

109 4331 216 4384 inverso
229 4328 323 4383 ordine
337 4328 370 4385 B.
526 4348 568 4385 ιο.
586 4329 664 4400 αὐτῇ]
678 4331 765 4386 αὐτοῖς
778 4330 810 4384 Β.
966 4346 1008 4384 12.
1027 4329 1220 4402 τῲ-ὑτοκειμέ
1271 4329 1304 4383 D.

114 4418 154 4471 ¹3·
173 4400 189 4453 δ
202 4418 256 4455 om.
272 4401 306 4455 B.
415 4417 457 4468 14.
476 4401 624 4472 Assumpta
636 4407 687 4456 τῶν
699 4420 732 4456 ex
746 4400 828 4465 B.D.,
841 4400 881 4454 καί
895 4418 927 4454 ex
942 4400 975 4456 B.
1083 4416 1126 4454 20.
1146 4351 1304 4454 ἐστιννδδ).

109 4471 177 4526 εἰσιν
189 4471 242 4525 Ed.
364 4486 406 4526 21.
426 4469 480 4542 καί]
495 4473 523 4525 δί
536 4472 577 4525 Mi
616 4491 640 4527 υ.
758 4486 800 4542 25.
820 4470 1000 4538 ἀποδεικνύων,
1012 4470 1072 4526 ἀλλ’
1086 4471 1129 4525 ἐπὶ
1140 4469 1258 4543 τοσοῦτορ
1272 4469 1304 4524 B.

111 4544 154 4596 28.
173 4542 205 4611 δι)
217 4542 259 4596 καί
271 4539 362 4614 ὄντως]
376 4542 475 4597 δίκαιον
485 4548 521 4597 τῶ
533 4544 567 4599 ὥς
607 4583 613 4598 .

153 4643 223 4689 τοι.
242 4644 264 4687 1.
685 4644 739 4705 41¹
