3038 5018
252 308 317 372 ιιι
556 308 594 370 ιι.
618 307 829 372 cmm
859 307 1145 373 ALEXANDR.
1217 290 1223 303 '
1342 306 1454 375 im.

253 473 294 552 οὑ
319 470 391 574 γὰρ
415 473 526 554 οὕτως
552 470 696 571 οἰόμεθα
721 476 849 575 χρῆναι
875 479 1090 573 προσκυνεῖν
1108 470 1217 551 αὑτὸν
1238 476 1289 579 τῷ
1314 473 1452 574 Πατρὶ,

252 594 376 699 ῶσπερ
407 595 470 674 οὖν
497 593 622 692 ἀμέλει
651 599 710 674 καὶ
739 596 832 695 ἡμᾶς
863 594 886 696 ἢ
918 599 978 674 καὶ
1009 592 1189 696 ἀγγέλους
1216 592 1336 700 τυχόν,
1364 596 1455 674 ἀλλ’

252 715 431 824 ἐξαίρετός
455 752 508 801 τις
530 720 630 798 ε’στὶν
648 718 670 817 ἡ
688 724 779 800 Υίοῦ
796 718 1054 821 προσκύνησις,
1074 722 1132 801 καὶ
1156 718 1254 800 πολὺ
1278 722 1342 818 τῆς
1366 720 1455 819 παρΙ

255 842 355 940 ἡμῶν
372 844 410 921 ἐν
428 840 601 939 ἀμείνοσι.

309 963 361 1043 Τί
383 964 445 1043 οὖν
463 961 553 1067 πρός
579 973 690 1044 ταῦτα
707 966 820 1045 πάλιν
838 968 985 1067 ἐροῦμεν
1003 967 1101 1067 ἡμεῖς
1117 997 1127 1061 ;
1159 965 1225 1046 Ὡς
1248 965 1455 1071 ἀξιολογω·
1472 992 1513 1059 5,

189 1171 194 1175 ,
254 1083 376 1188 τοίτην,
401 1083 431 1166 ῶ
458 1087 635 1189 ἄνθρωπε,
660 1091 848 1188 περιτιθεὶς
875 1094 926 1195 τῷ
953 1094 1155 1189 Μονογενεῖ
1179 1085 1246 1186 τὴν
1270 1090 1455 1185 δουλείαν,

220 1213 313 1289 δκαὶ
331 1208 501 1290 οἰκετικὸν
518 1211 660 1317 ἀξίωμα
686 1218 758 1294 τοῖς
783 1210 827 1317 ἐξ
850 1210 989 1311 ἀπάτης
1014 1210 1304 1316 καταχρυσώσας
1328 1211 1458 1313 λόγοις

252 1337 360 1432 τισὶν,
382 1334 445 1414 οίει
472 1331 795 1436 παρακρουόμενος.
832 1342 971 1414 παῦσαι
999 1333 1159 1441 δοξάζων
1179 1335 1217 1413 ἐν
1240 1334 1362 1442 ἀτιμία
1389 1334 1459 1419 τὸν

84 1453 190 1583 {ng
253 1457 354 1555 Υῖὸν,
372 1458 430 1537 ἵνα
448 1459 568 1563 μείνῃς
587 1463 699 1557 τιμῶν
717 1455 781 1537 τόν
801 1459 960 1560 Πατέρα·
991 1469 1013 1505 “
1027 1459 1075 1538 ‘O
1094 1456 1166 1561 γὰρ
1185 1456 1236 1557 μὴ
1259 1464 1372 1556 τιμῶν
1389 1456 1458 1538 τὸν

135 1595 137 1599 ’
252 1591 276 1629 “
294 1577 395 1677 Υίὺν,
423 1579 503 1659 οὑδὲ
531 1579 595 1660 τὸν
626 1578 770 1684 Πατέρα
797 1582 914 1688 τιμᾷ,”
944 1580 1037 1661 καθὰ
1065 1579 1274 1684 γέγραπται.
1318 1583 1357 1660 τί
1380 1579 1458 1684 γὰρ
1475 1619 1515 1658 ιο

253 1705 333 1784 εἶπέ
346 1737 407 1802 μοι
428 1701 519 1806 πρὸς
540 1706 742 1807 ἐλευθερίαν
760 1702 883 1804 ὀνήσει
905 1702 968 1784 τόν
988 1707 1193 1805 Μονογενῆ,
1211 1702 1253 1783 τὸ
1272 1704 1458 1810 ἐξαίρετον

252 1828 336 1929 παρ’
357 1827 449 1925 ἡμᾶς
472 1832 653 1906 ποιεῖσθαι
678 1835 730 1935 τῷ
756 1830 875 1930 Πατρὶ
901 1827 967 1928 τὴν
984 1827 1259 1929 προσκόνησιν;
1290 1827 1355 1913 ἕως
1380 1825 1457 1928 γὰρ

253 1947 299 2029 ἂν
321 1952 358 2028 ἐν
380 1957 453 2033 τοῖς
477 1959 748 2051 προσκυνοῦσιν
772 1951 990 2054 εὑρίσκηται,
1007 1954 1136 2034 δοῦλος
1164 1950 1266 2031 ἔσται
1293 1949 1454 2047 πάντως,

253 2076 312 2152 καὶ
340 2077 370 2151 εί
398 2081 513 2153 νοοῖτο
540 2071 793 2174 προσκννητὴς
818 2073 1007 2180 ἐξαίρετος,
1029 2072 1155 2153 διοίσει
1179 2073 1217 2153 δὲ
1243 2079 1316 2152 τῶν
1343 2107 1453 2153 κτισ·

222 2195 377 2294 ομοῖτων
405 2196 496 2277 κατὰ
526 2197 592 2295 μὲν
622 2195 662 2276 τὸ
695 2193 782 2275 εἶναι
814 2195 961 2297 γενητὸς
994 2197 1168 2296 οὐδαμῶς,
1196 2198 1383 2301 ὑπεροχαῖς
1417 2196 1456 2276 δὲ
1474 2231 1514 2299 ¹5

254 2317 365 2416 μόνον
382 2327 458 2403 ταῖς
477 2320 619 2416 ἄλλαις,
640 2318 764 2421 ῶσπερ
783 2319 982 2422 ἀνθρώπων
1001 2321 1021 2398 ὁ
1041 2319 1206 2423 Μιχαὴλ,
1225 2318 1249 2419 ἢ
1272 2323 1330 2399 καὶ
1352 2318 1455 2424 ἑτέρα

254 2476 307 2527 τις
335 2449 407 2521 τῶν
430 2443 542 2544 ἁγίων
564 2444 621 2522 καὶ
650 2441 779 2542 λογικῆ
807 2442 964 2542 δύναμις,
987 2439 1012 2546 ᾗ
1038 2441 1081 2521 τὸ
1108 2439 1173 2540 μὲν
1194 2444 1362 2547 προῦχειν
1380 2449 1456 2532 τῶν

252 2568 310 2645 ἐπὶ
332 2570 396 2664 τῆς
419 2569 487 2666 γῆς
512 2565 694 2649 οὑσιαδῶς
718 2567 844 2667 ὁρᾶται
867 2561 1137 2670 προσπεφυκός,
1156 2562 1178 2663 ἦ
1199 2563 1291 2643 κατὰ
1308 2560 1372 2644 τόν
1390 2568 1456 2664 τῆς

252 2687 440 2791 ἁγιότητος
468 2685 592 2790 λόγον,
615 2685 638 2788 ἢ
664 2689 725 2767 καί
748 2723 816 2768 τινι
842 2687 951 2796 δόξης
974 2692 1207 2793 πλεονασμῷ,
1226 2686 1338 2794 δόξαν
1360 2690 1456 2768 οὑτοι

254 2817 305 2924 τῷ
339 2810 484 2898 πάντων
521 2811 756 2916 ἀριστοτέχνη
794 2816 889 2919 Θεῷ·
942 2810 984 2891 τὸ
1026 2809 1140 2914 γεμὴν
1176 2817 1250 2894 τοῖς
1293 2816 1456 2913 γενητοῖς
1473 2846 1516 2886 20

253 2933 503 3039 συντετάχθαι,
522 2932 613 3015 κατὰ
630 2933 694 3014 τὸν
711 2943 775 3014 τοῦ
792 2938 1011 3033 πεποιῆσθαι
1029 2934 1153 3035 λόγον,
1170 2929 1261 3035 πρὸς
1282 2931 1328 3013 τὰ
1350 2933 1456 3015 ἅλλα

253 3057 380 3141 κοινόν.
419 3060 547 3139 οὑκοὺν
569 3056 768 3156 οὐδαμόθεν
793 3055 835 3137 τὸ
859 3054 947 3137 εἶναι
972 3055 1119 3159 γενητὸς
1145 3058 1165 3135 ὁ
1191 3059 1229 3135 ἐν
1250 3058 1368 3160 Πατρὶ
1394 3060 1457 3136 καὶ

252 3184 291 3265 ἐκ
319 3181 465 3286 Πατρός
492 3189 656 3289 φυσικῶς
684 3180 911 3288 διαφεύξεται
935 3181 1066 3283 Λόγος,
1089 3177 1157 3260 κᾶν
1182 3178 1368 3286 ἐξαιρέτως
1393 3180 1456 3259 λε’-

87 3329 198 3391 1872„
223 3340 360 3407 ιγηται
387 3313 613 3407 προσκυνεῖν.
665 3303 740 3384 εἶτα
766 3312 844 3387 πῶς
871 3302 960 3393 Υἱός
987 3305 1038 3384 ἔτι
1067 3303 1109 3384 τὸ
1135 3301 1294 3403 ποιηθὲν,
1324 3301 1348 3402 ἢ
1374 3310 1456 3387 πῶς

179 3419 184 3433 ’
254 3427 347 3507 κατὰ
364 3427 479 3533 φύσιν
499 3427 669 3531 Κὺριοςό
692 3431 822 3512 δοῦλος
847 3431 905 3507 καὶ
930 3426 1066 3531 λάτρης
1078 3461 1088 3523 3
1120 3423 1216 3525 οἶμαι
1243 3425 1313 3530 γὰρ
1338 3421 1454 3531 ἔγωγε
1473 3457 1513 3529 25

253 3551 296 3633 τὸ
324 3549 391 3650 μὲν
417 3550 611 3646 βασιλικόν
636 3585 674 3631 τε
703 3556 760 3636 καὶ
789 3549 1003 3632 δεσποτικὸν
1027 3553 1064 3630 ἐν
1090 3556 1141 3656 τῷ
1168 3557 1455 3650 προσκυνεῖσθαι

254 3675 469 3776 διαλάμπειν
487 3673 638 3780 ἀξίωμα·
667 3671 709 3752 τὸ
728 3672 765 3753 δὲ
785 3673 955 3756 οἰκετικόν
972 3709 1010 3754 τε
1030 3677 1088 3753 καὶ
1107 3672 1351 3776 δουλοπρεπὲς
1370 3675 1453 3777 ὁρί-

252 3800 376 3905 ζεσθαι
419 3797 549 3900 με’τρον
583 3798 622 3876 ἐν
658 3799 710 3903 τῶ
749 3804 978 3900 προσκυνεῖν.
1039 3801 1090 3903 τῷ
1132 3795 1203 3899 γὰρ
1240 3794 1457 3877 ὑποπίπτειν

287 4004 313 4063 3.
331 3983 516 4042 ἐπίνοιαΒ.
572 3984 634 4037 tto&
645 3992 814 4052 assumptum
827 4001 859 4037 ex
873 3983 907 4038 Β.
1112 3983 1137 4038 6.
1156 3982 1280 4037 &assum
1301 3992 1357 4038 tum
1371 4001 1404 4038 ex
1419 3984 1454 4041 B.

251 4059 277 4113 8.
296 4057 375 4126 λήσιν
387 4073 436 4128 pro
448 4055 518 4109 τισὶν
532 4053 564 4107 Β.
686 4071 726 4108 1ο.
745 4055 809 4108 καθὰ
823 4054 856 4108 Β.
869 4054 952 4110 καθὼς
965 4053 1016 4108 Ed.
1140 4070 1180 4107 11.
1199 4001 1301 4124 dvrivcfi
1316 4054 1405 4122 νοήσει
1420 4055 1455 4122 Β,

254 4145 295 4184 12.
320 4127 380 4194 παρ’
399 4126 464 4196 ἡμᾶς
480 4123 612 4180 ποιεῖσθαι
629 4122 681 4178 hoc
699 4123 793 4178 ordine
811 4124 844 4178 B.
904 4123 1000 4179 Statim
1018 4127 1054 4196 τῷ
1073 4124 1346 4212 Πατρὶριιιυαιριααι
1363 4143 1397 4179 ex
1418 4125 1453 4180 Β.

255 4215 295 4270 13.
314 4198 459 4268 εὑρίσκεται
473 4195 505 4249 Β.
684 4192 726 4249 16.
744 4192 760 4261 ἦ
773 4211 826 4250 om.
840 4194 873 4249 B.
1064 4210 1106 4264 17.
1125 4216 1186 4266 αγια
1198 4212 1247 4264 pro
1258 4216 1310 4248 των
1320 4194 1403 4265 ἁγίαν
1417 4195 1453 4251 Β.

252 4284 295 4364 ιρ.
314 4266 486 4358 ἀριστοτέχνα
500 4264 571 4319 BD.
626 4264 721 4319 Statim
735 4267 793 4335 θεῷ
806 4274 975 4335 assumptum
987 4283 1020 4351 ιρι
1034 4264 1106 4319 B.D.
1177 4263 1455 4346 τὸγερηνζ).τὸμὲν

250 4362 296 4395 ουν
310 4339 341 4394 Β.
354 4341 412 4393 τότε
424 4359 473 4405 μην
487 4335 538 4391 Ed.
750 4350 792 4390 22.
811 4337 825 4388 ὁ
838 4346 898 4404 post
911 4336 1077 4406 διαφιυξιται
1089 4333 1402 4404 transpomtEd.1nv1to
1417 4336 1453 4391 Β.

250 4425 293 4480 ²5·
312 4411 375 4464 κατὰ
385 4406 469 4479 φύσιν
483 4405 515 4460 Β.
528 4408 566 4461 ἔτι
579 4405 629 4460 Ed.
828 4419 870 4476 ²7·
890 4405 1021 4475 ὁρίζεσθαι
1032 4406 1127 4476 με’τρον
1139 4405 1167 4459 ἐν
1178 4427 1214 4477 τερ
1229 4408 1385 4494 προσκυνεῖν
1397 4406 1455 4462 hoc

248 4480 341 4570 otdine
354 4479 414 4602 Β.Εθ
432 4477 532 4545 ίζεσθαι
543 4475 637 4544 με’τμον
649 4484 709 4545 post
721 4478 876 4544 προσκυνεῖν
888 4485 922 4530 tr.
938 4475 989 4529 Ed.
1110 4475 1152 4529 28.
1172 4474 1325 4530 ὑποπιπτειν
1339 4476 1371 4529 Β.
1384 4478 1454 4532 ὑπο-

245 4570 366 4606 πιπτοντι
425 4588 432 4602 .
