3038 5018
224 271 288 335 232
527 273 566 337 B.
590 273 796 337 CYRILLI
827 274 1116 338 ALEXANDR.
1244 273 1289 337 iii.
1303 292 1422 353 22-24.

225 445 247 481 “
265 437 441 539 μαρτυρία
467 439 601 538 Κυρίου
626 438 740 535 πιστὴ
764 438 970 544 σοφίζουσα
989 437 1109 537 νήπια·
1140 436 1185 516 τδι
1202 438 1424 536 δικαιώματα

225 568 247 604 “
269 560 402 661 Κυρίου
425 558 540 639 εύθείοι
562 561 797 666 εὐφραίνοντα
822 561 979 663 καρδίαν,
999 563 1022 661 ἡ
1046 561 1174 661 ἐντολὴ
1195 562 1330 666 Κυρίου
1353 596 1419 661 τη·

190 684 248 748 b“
266 680 404 784 λαυγὴς
422 684 628 790 φωτίζουσα
647 685 894 791 ὀφθαλμούς.”

175 1022 212 1065 22
231 1008 287 1074 Καὶ
318 1009 399 1087 μετὰ
430 1015 531 1077 ταῦτα
564 1007 661 1078 ἦλθεν
692 1013 710 1080 ὁ
736 1013 864 1081 Ἰασοῦς
896 1012 942 1079 εἰς
973 1014 1032 1083 τάν
1060 1012 1223 1079 Ἰουδαίαν
1253 1017 1310 1087 τιῖν
1340 1016 1424 1089 μετὰ

175 1151 213 1210 23
277 1134 344 1202 τῶν
366 1137 521 1212 μαθιιτῶν
547 1139 658 1204 αὐτοῦ·
692 1135 731 1204 ἀν
759 1138 795 1204 δὲ
824 1140 875 1204 καί
899 1141 1055 1205 Ἰωάννιια
1083 1140 1241 1229 βαπτίζων
1264 1140 1299 1205 ἑν
1317 1137 1461 1213 Αἰνὼν5

278 1261 369 1335 ὲττύς
396 1270 453 1328 τοῦ
477 1264 603 1344 Σαλιὶμ,
624 1267 675 1330 ὅτι
702 1263 803 1330 ὕδατα
822 1266 938 1330 ’πολλὰ
965 1261 1004 1329 ἦν
1027 1262 1103 1345 ἐκεῖ,
1127 1264 1179 1328 καὶ
1204 1265 1427 1352 παρετὲνοντο

174 1420 211 1475 24
278 1387 331 1452 καί
357 1388 573 1478 ἐβαπτίζοντο.
613 1390 707 1455 οὔπω
733 1389 793 1479 τὰρ
821 1387 859 1455 ἦν
888 1393 1084 1470 βεβλημένος
1111 1387 1160 1455 εἰσ
1185 1389 1244 1455 τιῖν
1272 1389 1427 1476 φυλακήν

276 1513 295 1581 ὁ
318 1514 486 1581 Ἰωάννης.

285 1713 405 1816 Πέρας
423 1714 491 1815 ἤδη
508 1715 696 1814 λαβούσης
714 1719 777 1814 τῆς
800 1714 890 1818 πρὸς
910 1713 1117 1814 Νικόδημον
1135 1714 1288 1811 ὁμιλίας,
1306 1710 1429 1817 ἕτερόν

199 1871 264 1921 οτι
281 1835 394 1916 πάλιν
411 1837 571 1944 ε’ξαρτύει
589 1839 866 1942 χρησιμώτατον
885 1842 904 1917 ὁ
924 1839 1118 1922 θεσπέσιος
1137 1836 1427 1938 Εῦαγγελιστής,
1445 1869 1476 1909 ιι

230 1960 412 2059 Πνεύματι
439 1960 512 2064 γὰρ
540 1963 622 2070 θείῳ
651 1961 982 2068 φωταγωγούμενος
1008 1959 1098 2062 πρὸς
1123 1959 1189 2061 τὴν
1213 1952 1286 2039 τεῦν
1307 1965 1425 2064 ἀναγ-

227 2081 423 2164 καιοτάτων
443 2086 628 2193 ἐξήγησιν,
653 2091 812 2166 συνεῖδεν
835 2087 889 2165 ὅτι
917 2082 1152 2183 λυσιτελήσει
1179 2082 1327 2190 σφόδρα
1351 2092 1428 2168 τοῖς

227 2208 485 2315 ἐντευξομένοις
504 2211 546 2290 τὸ
565 2217 756 2313 διαγνῶναι
774 2217 916 2314 σαφῶς,
926 2209 1049 2307 πόσην
1066 2206 1137 2313 ἔχει
1155 2206 1221 2306 τὴν
1237 2207 1428 2312 ὑπεροχὴν,

228 2329 251 2432 ἢ
278 2336 336 2411 καὶ
361 2333 461 2417 ὅσοις
487 2334 685 2436 ὑπέρκειται
709 2333 860 2435 μέτροις,
880 2337 928 2416 ὡς
951 2331 1042 2433 πρὸς
1067 2331 1109 2410 τὸ
1131 2331 1299 2412 Ἰωάννου
1322 2332 1424 2426 βάπ-

226 2489 352 2555 τισμα,
373 2457 415 2536 τὸ
442 2456 500 2537 διά
525 2463 702 2559 Χριστοῦ·
740 2456 784 2558 ἦν
806 2456 876 2559 γὰρ
904 2457 1049 2538 ἐλπίδος
1076 2455 1187 2538 ὄντως
1215 2457 1256 2534 οῦ
1284 2456 1430 2559 μακρὰν
1447 2491 1476 2546 15

226 2577 556 2684 ἀναδειχθήσεσθαί
569 2614 657 2660 ποτε
675 2580 757 2664 τοῦς
779 2582 1061 2676 ἀποτολμῶντας
1087 2578 1132 2685 ἐξ
1154 2579 1273 2662 ἀνοίας
1299 2585 1427 2675 εἰπεῖν,

227 2700 250 2802 ἢ
280 2706 455 2804 μηδεμίαν
486 2704 581 2788 ὅλως
612 2707 650 2782 έν
679 2706 797 2787 αύτοῖς
829 2703 1000 2807 ὑπάρχειν
1028 2702 1095 2802 τὴν
1126 2702 1312 2808 διαφορὰν,
1342 2710 1426 2783 ἔσο·

192 2826 366 2931 ἀμέτροις
391 2828 429 2909 δέ
456 2826 546 2908 αῦτά
571 2833 697 2933 χρῆναι
724 2834 998 2931 στεφανοῦσθαι
1021 2834 1149 2925 τιμαῖς,
1169 2825 1191 2927 ἢ
1214 2830 1272 2905 καὶ
1296 2826 1431 2926 ταύτης

227 2956 275 3034 εἷς
306 2953 527 3058 ἀγριωτέραν
559 2953 792 3033 ἀπαιδευσίαν
826 2951 1153 3058 έξολισθαίνοντας,
1181 2950 1247 3049 τὴν
1275 2950 1340 3048 μέν
1369 2953 1431 3030 ε’πὶ

227 3083 300 3160 τοῖς
332 3079 495 3174 ἀμείνοσι
527 3082 659 3183 ψῆφον
687 3077 890 3182 ἀφελέσθαι
922 3083 987 3155 τοῦ
1019 3074 1078 3154 διὰ
1110 3081 1286 3178 Χριστοῦ,
1313 3073 1357 3153 τδ
1391 3075 1431 3154 δέ
1447 3109 1476 3147 2<

227 3207 327 3280 νικῦιν
346 3209 397 3309 τῷ
416 3205 458 3281 δι’
480 3205 607 3283 ύδατος
626 3199 873 3303 ἀναισχύντως
892 3198 1194 3279 ε’πασωτεύεσθαι.
1234 3204 1338 3278 ποῖον
1355 3198 1433 3301 γὰρ

227 3324 365 3426 θράσος
392 3331 466 3407 τοῖς
493 3323 715 3407 ἀπαιδεύτοις
743 3325 784 3402 οῦ
812 3321 937 3422 βατδν,
965 3319 987 3423 ἢ
1017 3321 1075 3403 διά
1098 3324 1202 3407 ποίας
1227 3324 1290 3402 οῦκ
1315 3324 1428 3402 ε’λαύ·

228 3483 331 3529 νουσι
360 3450 567 3555 δυσφημίας
595 3453 628 3527 οἱ
656 3447 747 3526 κατά
774 3454 847 3526 τῶν
871 3454 972 3550 ἱερῶν
1000 3451 1064 3547 τῆς
1086 3447 1309 3547 Ἐκκλησίας
1337 3451 1428 3549 δογ-

227 3571 352 3671 μάτων
372 3569 653 3678 ἐξανιστάμενοι,
674 3582 694 3617 “
708 3575 766 3650 καὶ
791 3569 911 3651 πάντα
933 3569 979 3649 τῦ
1003 3569 1093 3672 ὀρθά
1119 3571 1431 3676 διαστρεφοντες,”

229 3695 322 3775 καθὰ
354 3694 581 3798 γέγραπται;
623 3697 681 3774 ἵνα
712 3695 832 3774 τοίνυν
864 3699 928 3792 τῆς
965 3695 1105 3773 ἐκείνων
1140 3696 1433 3797 ἀθυρογλωττίας
1447 3736 1476 3791 ²1

197 3820 410 3922 οπροανέλη
446 3817 511 3903 τάς
546 3821 659 3903 αἰτίας
696 3820 716 3897 ὁ
749 3818 965 3924 σοφώτατος
999 3817 1287 3918 Εῦαγγελιστῆς,
1320 3818 1433 3898 αύτδν

228 3943 312 4040 ἡμῖν
331 3941 486 4048 εἰσφέρει
505 3940 568 4021 τδν
586 3942 689 4042 άγιον
708 3938 917 4040 βαπτιστὴν
936 3948 1009 4025 τοῖς
1031 3943 1168 4024 οἰκείοις
1188 3941 1434 4045 παρατιθέντα

227 4071 403 4164 μαθηταῖς
429 4074 493 4146 τοῦ
517 4065 727 4168 ζητουμένου
752 4062 818 4165 τὴν
843 4067 966 4145 λύσιν.
1007 4066 1176 4173 βαπτίζει
1201 4069 1434 4167 τοιγαροῦνῦ

266 4317 291 4357 2.
310 4298 393 4355 μου..
407 4301 439 4354 Β.
452 4301 553 4371 (μοι.)
566 4300 640 4355 μοι.
653 4301 704 4355 Ed.
718 4301 805 4370 (vat.)
854 4301 944 4370 ...μα
958 4301 990 4354 ο.
1004 4300 1090 4372 (ης.)
1211 4317 1251 4354 11.
1269 4300 1330 4371 μμ
1349 4307 1380 4365 ÷
1396 4307 1434 4377 ,ᾧ

230 4371 281 4425 Ed.
295 4373 378 4425 invito
392 4373 423 4425 B.
498 4389 538 4427 12.
551 4375 605 4427 τοῖς
617 4372 805 4441 ε’ντευξομένοις
818 4373 850 4426 Β.
863 4376 923 4428 τοὺς
935 4372 1129 4441 ἐπευξαμένους
1142 4370 1193 4425 Ed.
1268 4386 1309 4439 15.
1323 4374 1434 4433 ἐλπίδος

229 4441 370 4496 ὅντωςῖιοα
383 4443 475 4495 ordine
491 4442 522 4496 B.
570 4445 654 4512 μακρὰ
670 4443 702 4496 Β.
827 4460 869 4498 20.
888 4441 947 4513 τοῦ]
962 4444 992 4495 τδ
1007 4442 1039 4495 Β.
1166 4459 1208 4509 24.
1228 4442 1435 4512 διαστρέφοντες

230 4510 264 4564 Β.
276 4511 476 4582 διαστρέφονται
489 4514 539 4568 Ed.
613 4529 656 4585 25.
675 4515 720 4567 τὸν
732 4517 791 4567 νοῦν
803 4531 851 4584 pro
863 4517 948 4569 τοίνυν
960 4514 1023 4583 (sic)
1039 4513 1071 4568 Β.
1143 4513 1187 4567 26.
1205 4512 1355 4582 προσανέλη
1372 4513 1408 4570 Β.
