3038 5018
81 3684 162 3750 Supra
173 3701 198 3736 v.

85 3764 123 3817 ²9·

245 277 311 341 520
547 277 587 342 B.
611 277 823 344 CYRILLI
851 276 1141 344 ALEXANDR.
1338 271 1382 343 vi·
1396 282 1456 356 51.

304 440 447 521 Δέδωκε
473 453 663 547 τοιγαροῦν
682 443 770 547 ίπέρ
794 449 858 544 τῆς
877 445 1046 525 ἁπάντων
1065 443 1154 547 ζωῆς
1172 437 1214 521 τὸ
1232 439 1324 519 ἴδιον
1341 441 1457 534 σῶμα

248 566 268 644 ὃ
293 564 469 669 Χριστός,
489 565 641 669 ἐνοικίζει
666 567 704 647 δέ
728 568 842 648 πάλιν
865 570 948 668 ἡμῖν
973 569 1015 648 δι’
1036 568 1146 646 αὐτοῦ
1172 561 1238 664 τὴν
1265 559 1371 665 ζωὴν,
1394 560 1457 639 καὶ

248 687 355 785 ὅπως,
374 690 442 792 ε’ρεῦ
467 689 559 771 κατὰ
584 691 745 790 δύναμιν.
783 691 903 791 ἐπειδὴ
929 691 1001 797 γὰρ
1028 692 1048 770 ό
1075 687 1243 794 ζωοποιῦς
1269 692 1334 765 τοῦ
1354 688 1457 763 Θεοῦ

248 809 369 914 Λόγος
397 811 549 921 ἐνῴκηκε
576 821 622 921 τῇ
650 819 769 918 σαρκὶ,
794 814 1055 914 μετεσκεύασεν
1080 811 1190 913 αὐτὴν
1215 817 1262 894 εἱς
1288 805 1333 890 τῦ
1361 807 1456 887 ἰ’διον

247 936 397 1038 ἀγαθὸν,
416 936 580 1018 τουτέστι
604 938 670 1039 τὴν
688 938 791 1041 ζωὴν,
810 942 868 1018 καὶ
888 937 973 1023 ὅλος
992 940 1082 1043 αὐτῇ
1101 934 1194 1017 κατὰ
1210 932 1274 1015 τὸν
1293 930 1488 1036 ἀῤῥητον5

246 1065 311 1160 τῆς
329 1062 490 1146 ἐνώσεως
509 1060 622 1165 λόγον
641 1061 882 1164 σνμβεβηκὼς
905 1061 1075 1165 ζωαποιὸν
1094 1058 1266 1164 ἀπέδειξε,
1285 1053 1455 1157 καθάπερ

217 1187 311 1266 θοῦν
328 1188 407 1266 ἐστι
432 1185 522 1267 κατὰ
547 1187 660 1295 φύσιν
679 1187 795 1270 αὐτός.
835 1186 894 1266 διὰ
918 1195 1024 1267 τοῦτο
1051 1186 1213 1290 ζωοποιεῖ
1233 1180 1317 1265 τοῦς
1342 1177 1452 1277 μετέ·

246 1342 377 1414 χοντας
405 1309 584 1390 αὐτοῦτὸ
616 1316 726 1408 σῶμα
753 1315 931 1409 Χριστοῦ·
971 1307 1153 1417 ἐξελαύνει
1184 1305 1256 1411 γάρ
1289 1301 1356 1384 τὸν
1386 1302 1455 1384 θά-

246 1467 365 1531 νατον,
384 1430 471 1513 ὅταν
489 1436 527 1512 ἐν
545 1441 620 1519 τοῖς
637 1431 911 1534 ἀποθνήσκουσι
930 1433 1087 1536 γε’νηται,
1107 1435 1165 1512 καὶ
1188 1430 1360 1537 ἐξίστησι
1385 1425 1454 1526 τὴν

247 1555 400 1662 φθορὰν,
424 1557 487 1637 τὸν
512 1556 577 1659 τὴν
603 1556 745 1665 φθορὰν
771 1557 989 1664 ἀφανίῷντα
1007 1554 1131 1658 Λόγον
1152 1554 1293 1638 τελείως
1322 1556 1454 1633 ὠδῖνον
1467 1579 1503 1624 10

247 1683 284 1760 ἐν
303 1682 427 1788 ἑαυτῷ.

302 1805 410 1884 Ἀλλ’
431 1807 504 1910 ἐρεῖ
517 1840 571 1890 τις
589 1804 710 1911 τυχόν,
726 1812 774 1890 εἷς
792 1806 857 1906 τὴν
875 1813 949 1886 τιῦν
967 1804 1227 1904 κεκοιμημένων
1245 1801 1453 1903 ἀναβίωσιν

247 1930 312 2014 τδν
336 1937 399 2033 τῆς
428 1935 583 2020 διανοίας
610 1933 804 2042 ὀφθαλμὸν
831 1935 1024 2037 ἀπερείσας
1052 1938 1102 2012 Οἱ
1131 1930 1202 2034 γὰρ
1229 1931 1359 2010 πίστιν
1387 1925 1453 2028 μὲν

247 2055 313 2157 τὴν
331 2062 379 2141 εἰς
397 2056 564 2162 Χριστὸν
582 2060 624 2137 ού
648 2057 943 2166 παραδεξάμενοι,
961 2057 1110 2162 με’τοχοί
1129 2089 1168 2135 τε
1193 2055 1235 2133 οῦ
1259 2052 1453 2157 γεγονότες

248 2181 368 2279 αὐτοῦ,
386 2180 478 2261 κατὰ
495 2180 559 2260 τὸν
577 2185 641 2280 τῆς
665 2180 901 2264 ἀναστάσεως
926 2182 989 2261 οῦκ
1015 2178 1281 2276 ἀναβιῶσονται
1299 2173 1449 2281 χρόνον.
1467 2210 1503 2273 15

248 2304 287 2384 τί
302 2303 363 2400 δέ;
394 2306 473 2409 οῦχὶ
491 2303 778 2409 παλινδρομήσει
799 2304 889 2407 πρὸς
908 2302 998 2408 ζωὴν
1016 2304 1167 2403 σύμπαν
1184 2300 1226 2383 τῦ
1244 2302 1387 2402 ποίημα
1410 2299 1453 2380 τὸ

214 2426 436 2513 ᾱπεπτωκῦς
454 2434 503 2512 εἰς
521 2427 699 2524 θάνατον;

304 2551 429 2632 Ἀλλὰ
448 2553 506 2632 ναὶ
523 2550 614 2655 πρὸς
631 2560 744 2633 ταῦτα
763 2554 920 2657 ἐροῦμεν,
939 2551 1181 2649 ἀναβιώσεται
1204 2557 1309 2631 πᾶσα
1331 2549 1450 2657 σάρξ·

247 2674 508 2777 ἐγερθήσεσθαι
536 2674 608 2780 γὰρ
636 2673 719 2760 τοῦς
747 2674 890 2781 νεκρούς
918 2677 937 2755 ὁ
965 2675 1186 2783 προφητικδς
1213 2673 1454 2779 προαγορεύει

248 2797 371 2901 λόγος.
411 2797 629 2901 λογιούμεθα
644 2797 718 2902 γάρ
736 2802 794 2881 ἐπὶ
809 2807 936 2880 πᾶσαν
954 2798 1086 2898 διήκειν
1105 2797 1170 2900 τὴν
1187 2796 1455 2900 ἀνθρωπότητα
1466 2833 1503 2875 ιο

247 2920 291 3003 τῦ
310 2920 368 3002 διά
385 2927 449 3022 τῆς
468 2921 704 3007 ἀναστάσεως
721 2933 786 3003 τοῦ
805 2928 970 3026 Χριστοῦ
988 2921 1198 3028 μυστήριον,
1219 2925 1277 3002 καὶ
1295 2923 1334 3002 ἐν
1353 2923 1455 3029 αὐτῷ

249 3049 307 3127 καὶ
326 3048 459 3157 πρώτῳ
476 3053 603 3129 πᾶσαν
621 3049 876 3128 ἀπολελῦσθαι
894 3048 1110 3148 πιστεύομεν
1128 3052 1193 3146 τῆς
1217 3051 1362 3152 φθορᾶς
1387 3044 1456 3145 τὴν

248 3169 420 3274 ἡμετέραν
439 3171 566 3278 φύσιν.
606 3169 737 3255 πάντες
756 3169 827 3274 γὰρ
847 3172 1131 3271 ἀναστήσονται,
1152 3171 1235 3251 καθ’
1256 3167 1457 3270 ὁμοιότητα

249 3303 314 3374 τοῦ
346 3297 388 3374 δι’
421 3296 513 3396 ἡμᾶς
547 3298 782 3401 ἐγηγερμένον
815 3298 875 3376 καὶ
904 3294 1043 3381 πάντας
1075 3296 1221 3401 ἔχοντος
1251 3297 1291 3375 ἐν
1318 3295 1455 3402 ἐαυτῷ,

220 3416 411 3522 οκαθάπερ
444 3417 489 3521 ἦν
517 3422 716 3524 ἅνθρωπος.
769 3424 829 3501 καὶ
860 3418 985 3525 ὥσπερ
1017 3422 1054 3500 ἐν
1085 3424 1137 3526 τῷ
1165 3416 1506 3527 προποπλάστῳιη

251 3545 508 3644 κατεκλίθημεν
536 3550 584 3628 εἰς
612 3543 776 3641 θάνατον,
800 3546 912 3630 οὕτως
939 3548 977 3625 ἐν
1003 3550 1056 3651 τῷ
1081 3540 1299 3650 πρωτοτόκῳ
1324 3543 1456 3640 πάλιν,

250 3672 302 3775 τῷ
327 3669 369 3746 δι’
390 3667 492 3766 ἡμᾶς,
511 3669 549 3747 ἐκ
569 3673 702 3772 νεκρῶν
726 3667 992 3763 ἀναβιώσανται
1017 3668 1236 3767 σύμπαντες·
1273 3668 1363 3746 ἀλλ’
1385 3672 1457 3746 “oi

251 3801 273 3838 “
290 3790 356 3888 μέν
376 3789 423 3869 τὰ
447 3790 568 3892 ἀγαθὰ
595 3789 811 3891 ποιήσαντες
837 3797 886 3876 εἰς
913 3790 1119 3872 ἀνάστασιν
1142 3791 1265 3895 ζωῆς,”
1286 3788 1459 3897 καθάπερ

250 3912 461 4017 γέγραπται,
491 3924 512 3963 “
531 3921 564 3994 οἱ
602 3918 640 3994 δέ
676 3914 722 3994 τά
760 3921 887 4021 φαῦλα
921 3915 1124 4022 πράξαντες
1158 3921 1207 4001 εἰς
1243 3911 1460 3997 ἀνάστασιν

250 4048 272 4085 “
290 4036 471 4139 κρίσεως.”
510 4039 608 4138 δοίην
633 4038 666 4116 δ’
697 4035 742 4117 ἂν
766 4039 879 4141 ἔγωγε
908 4042 967 4119 καὶ
995 4039 1036 4118 οὐ
1063 4043 1115 4146 τῷ
1141 4037 1286 4144 τυχόντι
1313 4041 1456 4150 μέτρῳ,
1471 4079 1510 4139 3ο

287 4272 311 4310 2.
330 4258 344 4309 δ
362 4265 530 4328 assumptum
543 4275 576 4312 ex
590 4257 623 4312 Β.
780 4279 806 4326 4.
825 4256 938 4332 ἐνῴκησε
951 4256 985 4342 Β
1145 4271 1171 4328 5.
1190 4257 1252 4314 ὅλος
1266 4257 1302 4313 D.
1315 4257 1389 4318 ὅλως
1402 4260 1458 4317 Ed.

250 4395 277 4450 9.
295 4377 341 4444 τὴν
353 4388 522 4449 assumptum
535 4397 567 4433 ex
582 4378 653 4434 ΒΧ).
762 4397 803 4449 19.
821 4342 1003 4449 πρωύάόόάι
1018 4378 1050 4433 Β.
1153 4378 1197 4433 26.
1216 4380 1409 4462 κοτεκλίρημεν
1422 4382 1459 4440 Β,

250 4449 466 4518 κατεκλείσθημεν
478 4448 529 4503 Ed.
620 4450 662 4504 28.
681 4450 826 4505 ἀνάστασιν
838 4452 937 4518 ζῶντες·
957 4452 1021 4521 ζωῆς
1033 4467 1082 4521 pro
1096 4467 1171 4506 more
1183 4467 1231 4521 per
1242 4449 1416 4509 addltlonem
1429 4472 1461 4511 se

250 4520 385 4589 corrigens
399 4520 432 4573 B.
479 4541 529 4589 περ
541 4530 709 4592 assumptum
722 4539 754 4575 ex
769 4521 801 4576 B.
