3038 5018
244 288 311 354 804
549 291 587 354 B.
613 288 821 356 OYRILLI
852 289 1141 354 ALEXANDR.
1327 310 1355 351 v.
1372 303 1446 365 1-4.

78 507 156 585 Κεφ.
173 500 207 568 ε’.
245 496 339 565 Μετὰ
366 502 468 565 ταῦτα
492 495 531 565 ἀν
554 501 573 564 ἀ
599 499 698 590 εορτιλ
723 500 789 566 τῶν
808 498 989 579 Ἰουδαίων,
1009 499 1061 563 καί
1086 499 1185 577 ἀνέβιι
1209 498 1372 564 ύἸιισούο
1397 492 1446 560 εἷε

215 651 231 690 2
292 625 517 712 Ἰεροσόλυμα.
564 625 632 692 ἔστι
668 625 704 691 δὲ
735 626 771 690 ἐν
800 620 870 691 τοῖο
895 625 1139 712 Ἰεροσολύμοιε
1174 625 1193 688 εί
1228 621 1445 697 επιλετομὲνιι

208 761 247 820 v3¹
292 746 461 838 Ἐβραϊστί
481 749 638 831 Βυθεσδά,
657 753 753 816 πέντε
778 751 876 817 στοάε
900 751 1029 836 ἔχουσα.
1064 749 1099 816 ὲν
1118 749 1249 814 ταύταις
1274 747 1447 813 κατέκειτο

296 877 422 940 πλῦθοε
449 874 533 940 πολύ
561 875 627 940 τῶν
654 876 891 956 ἀσθενούντων,
918 875 1063 964 τυφλῶν,
1090 874 1218 962 χωλῶν,
1246 872 1364 961 ξυρῶν,
1391 871 1446 936 ὲκ-

214 1017 231 1070 4
297 997 482 1085 δεχομένων
504 1000 563 1065 τάν
582 1005 638 1066 τοῦ
664 999 781 1067 ὕδατος
807 1000 939 1068 κίνιισιν.
976 1002 1111 1076 ἀττελοε
1136 1001 1195 1088 [ἀρ
1221 997 1335 1087 Κυρίου
1360 996 1479 1066 κατά5

215 1144 232 1187 ο
297 1125 410 1212 καιρὸν
436 1125 622 1204 κατέβαινεν
645 1126 680 1191 ἓν
704 1132 743 1217 τῇ
773 1127 979 1217 κολυμβήθρᾳ
1008 1127 1061 1192 καί
1090 1126 1252 1213 ἐτάρασσε
1279 1121 1315 1189 τύ
1343 1121 1443 1210 ὕδωρ·

294 1250 313 1315 ὁ
344 1244 401 1315 οῦν
432 1250 563 1339 πρῶτον
593 1251 694 1329 ἐμβάο
729 1251 810 1327 μετά
841 1251 900 1318 τείν
932 1251 1075 1340 ταραχιίν
1105 1253 1163 1316 τοῦ
1199 1248 1317 1315 ύδατοο
1353 1247 1445 1322 ὑτιιίε

295 1373 428 1456 ἐτίνετο,
455 1372 483 1462 ᾦ
506 1376 628 1443 διίποτε
656 1377 822 1465 κατείχετο
849 1377 1019 1453 νοσιίματι.

300 1539 360 1617 Οῦ
384 1536 502 1639 μάτην
523 1536 633 1624 εῦθῦς
653 1538 885 1621 ἐπισυνάπτει
911 1547 984 1624 τοῖς
1009 1539 1201 1641 εἰρημένοις
1226 1538 1246 1616 ὁ
1271 1533 1445 1640 μακάριος

246 1660 522 1764 Εῦαγγελιστὴς
558 1662 623 1762 τὴν
655 1666 814 1744 ἐντεῦθεν
848 1671 893 1748 είς
925 1663 1140 1770 Ἰεροσόλυμα
1175 1668 1239 1741 τοῦ
1276 1663 1446 1761 Σωτῆρος
1462 1699 1503 1741 10

244 1782 430 1864 ἐπάνοδον·
471 1786 558 1866 ἀλλ’
587 1785 631 1888 ἧν
658 1788 755 1895 αύτῷ
784 1786 875 1866 κατά
904 1784 946 1866 τδ
974 1784 1065 1870 εἰκὸς
1091 1785 1262 1892 ἐπιδεῖξαι
1289 1781 1443 1880 σκοπὸς,

245 1904 335 1987 ὅσον
352 1906 418 2008 μὲν
435 1911 598 2007 ἀμείνους
622 1916 671 1994 είς
694 1912 888 1991 εὐπείθειαν
904 1910 1087 1989 Ἰουδαίων
1105 1911 1324 2008 ἀλλογενεῖς,
1341 1903 1445 2006 πόση

244 2029 342 2111 δὲέν
360 2034 496 2138 ἀμφοῖν
514 2032 620 2140 ἕξειύς
643 2065 681 2113 τε
707 2040 765 2114 καί
790 2033 934 2136 τρόπων
952 2035 1076 2136 ὁρᾶται
1102 2030 1267 2138 διαφορά.
1307 2029 1353 2130 ἦν
1370 2028 1446 2132 γὰρ

210 2157 357 2241 ἀοῦτως
374 2157 478 2257 ἡμᾶς,
497 2159 556 2238 καὶ
582 2160 650 2263 οῦχ
674 2159 810 2261 ἑτέρως,
829 2160 992 2257 ἐκμαθεῖν
1011 2155 1066 2236 ὅτι
1093 2155 1211 2263 ψήφῳ
1236 2155 1355 2261 δικαίᾳ
1378 2162 1445 2233 τοῦ

243 2276 390 2359 πάντων
424 2290 637 2384 κρατοῦντος
675 2286 781 2378 θεοῦ,
819 2285 877 2361 καὶ
913 2280 1104 2383 ἀνθρώπου
1142 2276 1342 2381 πρόσωπον
1378 2277 1444 2356 οῦκ
1463 2304 1501 2365 15

244 2398 376 2486 εἰδότος
395 2411 532 2502 λαβεῖν,
542 2405 736 2485 ἀποπίπτει
753 2402 819 2504 μὲν
837 2402 978 2487 εἰκότως
995 2407 1060 2502 τῆς
1078 2403 1224 2486 ἐλπίδος
1243 2398 1445 2503 ὁἸσραὴλ,

244 2524 513 2633 ἀντεισφέρεται
532 2526 570 2607 δέ
587 2534 659 2608 τῶν
677 2529 789 2608 ἐθνῶν
807 2529 830 2628 ἡ
849 2527 1002 2626 πληθύς.
1039 2522 1202 2631 χαλεπὸν
1220 2522 1259 2605 δὲ
1277 2523 1379 2604 οῦδὲν
1397 2529 1447 2628 τῇ

244 2651 318 2725 τῶν
339 2649 547 2754 κεφαλαίων
570 2651 844 2754 ἀντιπαραθέσει
869 2651 1173 2753 προσβλέποντας
1197 2647 1263 2748 τὴν
1286 2648 1344 2728 ε’πί
1370 2653 1447 2731 τοῖς

245 2771 450 2872 λεγομένοις
475 2779 655 2853 ποιεῖσθαι
682 2774 860 2870 βάσανον.
909 2773 1018 2881 ἔδειξε
1045 2774 1165 2852 τοίνυν
1191 2768 1300 2852 αῦτδν
1328 2774 1366 2851 ἐν
1393 2771 1447 2850 ἑνί

244 2893 311 2991 μὲν
335 2896 473 3002 σημείῳ
500 2896 566 2996 τὴν
592 2903 823 3002 Σαμαρειτῶν
848 2897 1094 2979 ἀνασώσαντα
1120 2891 1240 2992 πόλιν,
1266 2898 1303 2975 ἓν
1327 2895 1377 2975 ἑνί
1406 2895 1448 2974 δὲ
1464 2927 1503 2966 20

215 3017 418 3104 οὼσαύτως
436 3022 473 3099 ἐν
491 3027 536 3125 τῇ
556 3023 736 3128 Γαλιλαίᾳ
752 3021 816 3101 τὸν
834 3018 1039 3120 βασιλικόν,
1059 3023 1118 3100 καὶ
1141 3018 1184 3100 δι’
1204 3019 1336 3099 ἐκείνου
1360 3018 1447 3104 τοῦς

244 3142 283 3220 ε’ν
300 3143 390 3246 αὐτῇ
407 3142 549 3227 πάντως
567 3143 682 3245 δήπου
700 3147 758 3224 καί
783 3147 867 3224 λίαν
886 3142 1113 3253 ὠφεληκότα.
1153 3140 1448 3245 ἐπιμαρτυρήσας

245 3262 283 3342 δὲ
302 3263 361 3343 διὰ
378 3266 513 3345 τούτων
530 3266 628 3346 πολῦ
645 3265 687 3347 τί)
705 3265 896 3372 πρόχειρον
915 3274 987 3352 τοῖς
1006 3265 1247 3367 ἀλλογενέσιν
1265 3269 1314 3350 είς
1330 3267 1447 3345 εῦπεί-

245 3391 354 3483 θειαν,
383 3388 553 3493 ἀναφέρει
583 3388 697 3470 πάλιν
730 3400 775 3476 είς
806 3392 1024 3498 Ἱεροσόλυμα
1058 3393 1122 3470 τὸν
1154 3386 1444 3491 θαυματουργόν,

242 3515 395 3612 πρᾶγμα
426 3509 464 3590 δέ
495 3511 685 3616 θεοπρεπὲς
721 3516 953 3595 ἐπιτελοῦντα
989 3512 1148 3594 δεικνύει.
1197 3510 1446 3612 παλαιοτάτης
1461 3549 1500 3608 ²5

243 3630 316 3735 γὰρ
351 3633 565 3741 παραδόξως
601 3639 784 3740 ε’λενθεροῖ
816 3638 880 3718 τὸν
915 3636 1126 3740 παράλντον
1162 3636 1284 3734 νόσου,
1317 3635 1445 3738 ὥσπερ

243 3758 308 3836 σύν
339 3753 465 3854 ἀμέλει
498 3765 722 3840 θανατοῦντα
751 3769 816 3841 τοῦ
847 3768 1044 3850 βασιλικοῦ
1073 3759 1137 3840 τὸν
1167 3756 1252 3840 υἱόν.
1301 3758 1388 3837 ἀλλ’
1424 3761 1446 3840 ὁ

242 3879 310 3980 μὲν
330 3883 522 3962 ἐπίστευσε
550 3887 703 3981 πανοικὶ,
726 3889 784 3964 καὶ
809 3882 904 3964 Θεὸν
927 3881 1106 3985 ὡμολόγει
1134 3880 1198 3962 τὸν
1219 3884 1380 3982 Ἰησοῦν·
1412 3888 1446 3962 οί

73 4027 190 4083 ΞΟΘΔ.
212 4004 281 4085 αδέ
329 4005 648 4106 καταπλήττεσθαι
693 4009 772 4088 δέον
815 4014 980 4113 φονῶσιν
1021 4004 1122 4091 εῦθῦς
1168 4010 1226 4087 καὶ
1273 4005 1446 4088 διώκουσι

278 4239 303 4279 2.
320 4221 524 4294 Ἱεροσολύμοις]
542 4229 571 4288 4
586 4222 671 4292 ίπίτῇ
685 4226 829 4295 προβατικῇ
842 4221 1011 4291 κολνμθῆθρα
1025 4222 1128 4292 Migne.
1271 4222 1297 4275 8.
1316 4220 1447 4292 κατὴχετο

242 4292 350 4418 1132.)
436 4312 462 4365 9.
481 4296 604 4384 μρκύριοε
615 4312 669 4349 om.
684 4294 717 4349 B.
803 4293 844 4349 16.
863 4293 1032 4382 εἰκότωνοαι.
1048 4292 1080 4345 Β.
1145 4309 1212 4383 '19·
1231 4293 1259 4346 ἐν
1270 4301 1447 4362 assumptum

240 4381 273 4418 ex
313 4405 320 4419 .
428 4381 470 4419 20.
490 4374 697 4435 transumptum
709 4383 741 4420 ex
756 4365 788 4421 B.
896 4380 938 4418 αι.
957 4385 1027 4430 εντη
1041 4365 1166 4432 Γαλιλαιη
1179 4373 1349 4432 assumptum
1361 4382 1396 4417 ex
1410 4364 1446 4418 Β.

241 4434 284 4489 26.
302 4436 451 4502 ποραλυτον
465 4435 496 4490 Β.
509 4436 659 4506 παραλύτην
671 4434 723 4491 Ed.
823 4451 865 4507 29.
885 4435 997 4489 διύκωσι
1011 4432 1044 4487 Β.
1089 4434 1163 4489 εύθύε
1176 4443 1275 4488 etanta
1287 4443 1389 4504 etpost
1402 4437 1448 4490 καί

239 4503 362 4558 διάκονσι
373 4505 480 4559 exhibet
493 4506 526 4560 B.
