3038 5018
56 279 166 348 ἰατά.
246 284 303 347 IN
335 285 367 347 S.
393 283 646 348 JOANNEM.
693 282 857 345 LIB.II.
904 283 1005 344 ΟΑΡ.
1022 282 1063 343 V.
1192 283 1251 381 28¹1

56 446 237 550 τυχούσης
256 450 432 545 ἀκοσμίας
451 448 538 526 εἴσω
557 446 712 547 γεγονὼς
732 445 945 550 ὀφθήσεται.
986 444 1076 552 δόξα
1100 443 1253 545 μὲνγὰρ

56 571 153 677 αὐτῷ
185 569 226 650 τδ
260 577 431 673 γεννῆσαι
466 579 637 667 τοιοῦτον,
667 571 787 654 ὁποῖός
814 604 882 671 περ
912 568 956 648 ἀν
985 568 1135 673 ὑπάρχοι
1163 567 1254 647 κατὰ
1355 664 1362 683 x

57 693 171 794 φύσιν
190 697 305 779 αὑτός·
333 697 372 773 ἐκ
390 695 427 773 δὲ
446 701 518 773 τῶν
535 693 701 772 ἐναντίων
719 690 848 797 αῖσχος
867 694 908 772 ού
926 689 1052 793 μικρὸν
1070 696 1253 794 ἑτερογενῆ

56 850 94 895 τε
121 823 179 896 καὶ
204 819 364 921 ἔκφυλον
381 818 473 923 ἔχειν
492 816 555 896 τὸν
573 819 617 924 ἐξ
638 819 774 906 ἑαυτοῦ,
797 820 853 895 καῖ
875 822 1002 896 παθεῖν
1021 851 1054 893 τι
1077 822 1288 907 τοιοῦτον,ι1

23 937 77 1023 5δ
102 945 160 1020 καὶ
187 940 276 1042 αὐτὴ
302 949 374 1021 τῶν
393 948 551 1042 γενητῶν
570 941 857 1042 ἀπενάρκησενὴ
884 939 1007 1043 φύσις.
1048 941 1155 1018 τίκτει
1182 937 1253 1040 γάρ

56 1065 191 1143 ἑαυτῶν
214 1067 277 1144 ούκ
305 1067 472 1170 αἰσχίονα
499 1064 545 1144 τὰ
572 1073 636 1144 τοῦ
662 1067 790 1143 τίκτειν
815 1065 976 1169 λαχόντα
1004 1062 1069 1162 τὴν
1095 1063 1253 1163 δύναμιν,

57 1184 130 1295 όριρ
151 1192 208 1267 καῖ
233 1188 411 1289 βουλήσει
433 1198 496 1268 τοῦ
521 1187 666 1268 πάντων
686 1195 927 1290 Δημιουργοῦ.
969 1199 989 1234 “
1007 1185 1252 1295 Ἐξενεγκάτω
1299 1197 1364 1313 (¹³10st
1374 1197 1389 1249 5·

57 1320 79 1357 “
97 1309 180 1412 γάρ,
209 1315 335 1419 φησὶν,
364 1314 385 1410 ἡ
417 1317 464 1414 γῆ
495 1311 651 1410 βοτάνην
681 1311 822 1416 χόρτου,
850 1315 909 1390 καὶ
937 1311 1050 1418 ξύλον
1077 1309 1254 1412 κάρπιμον
1336 1304 1339 1309 ’

57 1445 79 1480 “
98 1436 209 1541 φέρον
230 1436 377 1538 σπέρμα
403 1434 494 1515 κατὰ
519 1435 619 1537 γε’νος
644 1439 701 1513 καὶ
727 1438 808 1514 καθ’
830 1435 1037 1533 όμοίωσιν.”
1074 1437 1200 1514 οὐκοῦν
1217 1436 1255 1513 ε’ν

10 1591 44 1630 ιο
58 1559 231 1661 δευτέροις
249 1559 313 1656 μέυ
332 1568 403 1639 τῶν
422 1567 580 1662 γενητῶν
598 1559 699 1640 ἕσται
717 1556 760 1637 τὸ
777 1565 881 1655 θεῖον,
893 1559 989 1661 ε’ίπερ
1007 1561 1120 1639 ε’κεῖνα
1139 1558 1204 1656 μὲν
1219 1563 1255 1637 ἐν

57 1681 204 1780 τούτοις,
224 1684 265 1763 τὸ
285 1683 322 1763 δὲ
341 1687 516 1781 οὐδαμῶς·
548 1681 624 1762 δδέ
643 1681 790 1783 πρέπειν
809 1718 845 1761 τε
871 1684 960 1781 ὁμοῦ
986 1687 1042 1763 καῖ
1070 1685 1255 1785 διωρίσθαι

58 1813 178 1892 καλῶς
203 1811 259 1887 ε’πὶ
285 1815 361 1892 ταῖς
382 1810 421 1886 ἐκ
439 1814 511 1887 τῶν
530 1806 642 1885 ὄντων
661 1809 842 1910 διαδοχαῖς
859 1806 1109 1913 ε’πεφηφίζετο,
1128 1807 1285 1886 τούτουο

57 1927 101 2030 δὴ
120 1934 178 2011 καὶ
197 1930 305 2025 μόνος
323 1932 505 2011 ἁλώσεται
524 1930 739 2030 διαμαρτών.

113 2057 178 2138 Τίς
206 2056 250 2134 ἂν
278 2056 350 2151 οὖν,
380 2052 408 2134 ὦ
436 2053 637 2150 βέλτιστοι,
666 2053 846 2154 λεγόντων
874 2054 1081 2158 ἀνάσχοιτο,
1110 2056 1256 2155 πρέπειν

10 2197 42 2255 ¹5
56 2183 108 2284 τῷ
126 2177 202 2286 ἰδίῳ
220 2179 403 2279 γεννήτορι
421 2185 636 2279 προσκυνεῖν
658 2175 721 2256 τδν
739 2175 852 2270 Υῖόν;
881 2175 1002 2275 ἐπειδὴ
1023 2176 1060 2256 δὲ
1077 2185 1151 2261 τοῖς
1169 2181 1252 2279 παρ’

58 2302 156 2398 ὑμῶν
181 2300 431 2402 προστίθειτιιι
460 2300 593 2404 λόγοις,
618 2304 667 2383 ῶς
694 2299 773 2380 οὐδὲ
802 2301 1018 2400 ἀνεθέλητον
1046 2303 1096 2406 τῷ
1126 2307 1250 2379 Μονο·

57 2430 154 2524 γενεῖ
181 2422 223 2502 τδ
255 2423 407 2526 πρᾶγμά
439 2428 529 2521 ε’στι,
562 2428 620 2503 καὶ
658 2423 789 2523 ταύτην
821 2425 905 2523 ἡμῖν
938 2425 1155 2527 ἐπιτειχίζετε
1189 2424 1255 2523 τὴν

57 2544 311 2627 ἀναπόδεικτον
329 2548 497 2654 ἀφορμὴν
516 2545 588 2627 ἀπὸ
614 2548 725 2646 μόνον
752 2545 926 2643 λαβόντες
951 2556 1015 2627 τοῦ
1040 2549 1251 2649 πρέποντος,

57 2669 143 2776 φέρε
161 2669 275 2762 πάλιν
293 2674 331 2750 ἐκ
349 2678 422 2749 τῶν
442 2675 544 2773 ἱερῶν
562 2670 785 2772 γραμμάτων
805 2674 861 2749 καὶ
885 2681 990 2751 τοῦτο
1010 2672 1250 2776 κατασκεψό-

10 2822 44 2863 20
56 2798 160 2891 μεθα,
188 2793 268 2874 ὅθεν
297 2791 393 2893 οἶμαι
421 2793 583 2892 μάλιστα
611 2793 806 2895 προσήκειν
834 2800 1015 2895 θηρᾶσθαι
1043 2793 1255 2895 σπουδάζειν

56 2915 123 3015 τὴν
148 2917 204 3023 ἐφ’
231 2916 374 3025 ἑκάστῳ
401 2925 473 2997 τῶν
501 2916 721 3021 ζητουμένων
749 2915 944 3025 ἀπόδειξιν.
987 2919 1115 2996 οὐκοῦν
1143 2922 1162 2996 ὁ
1191 2919 1284 3015 μένκ
1309 2941 1423 2996 189Α.

57 3039 166 3140 νόμος
197 3046 450 3121 συντελεῖσθαι
483 3044 567 3142 παρ’
602 3041 757 3120 ἑκάστου
794 3048 866 3120 τῶν
897 3041 1078 3120 Ἰουδαίων
1110 3046 1161 3146 τῷ
1198 3044 1256 3120 ἐπὶ

57 3162 196 3248 πάντας
221 3163 297 3244 ὄντι
324 3170 407 3271 Θεῷ
426 3177 447 3211 “
461 3164 503 3244 τὸ
529 3167 642 3265 ἥμισυ
667 3172 731 3243 τοῦ
757 3163 976 3269 διδράχμου”
996 3165 1254 3264 προσέταττεν,
1301 3178 1380 3226 Em*-

58 3289 123 3367 ούκ
145 3291 407 3392 ἀργυρολογίας
430 3287 622 3388 ἐπινοήσας
645 3291 797 3389 εὕρεσιν,
819 3286 897 3366 ούδὲ
916 3286 1109 3392 χρημάτων
1128 3293 1257 3366 εἰκαῖον
1302 3256 1414 3302 xxx.13.

10 3433 44 3491 ²5
58 3409 262 3514 ε’ρσνισμῖιν,
297 3412 399 3490 ἀλλά
430 3413 617 3491 παίδευσίν
649 3444 728 3488 τινα
761 3412 804 3488 δι’
837 3410 1110 3513 ἐναργεστάτων
1143 3414 1254 3508 ὑπεμ-

59 3535 262 3639 φιιίυουσαν
284 3534 418 3614 τύπων·
454 3541 598 3637 πρῶτον
620 3539 694 3632 μὲν,
714 3535 768 3614 ὅτι
790 3533 909 3635 κύριός
936 3536 1036 3612 ε’στιυ
1062 3536 1174 3618 οὐδεὶς
1196 3539 1260 3633 τῆς

59 3660 149 3744 ῖδίας
173 3663 345 3764 κεφαλῆς,
368 3659 429 3737 ἕνα
458 3659 495 3737 δὲ
524 3664 557 3737 οῖ
584 3658 716 3742 πάντες
739 3658 936 3757 κεκτήμεθα
960 3665 1005 3763 τῇ
1031 3665 1103 3736 τῶν
1125 3668 1253 3737 τελεσ-

58 3782 182 3878 μάτων
200 3781 382 3886 καταθήκη
409 3781 501 3884 πρὸς
527 3785 691 3861 δουλείαν
710 3782 1032 3889 καταγραφόμεναι·
1072 3779 1145 3860 εἶτα
1168 3778 1259 3881 πρὸς

59 3904 196 3989 τούτοις
222 3905 287 3988 τὰς
312 3907 351 3984 ἐκ
377 3915 439 3986 νοῦ
467 3940 505 3986 τε
531 3909 588 3984 καὶ
613 3904 853 4004 πνευματικὰς
879 3906 1136 4009 καρτοφορίας,
1156 3908 1203 3986 ὡς
1221 3906 1259 3981 ἐν

10 4029 247 4137 δθπαχυτέρῳ
270 4027 383 4108 πάλιν
406 4029 670 4136 ζωγραφοῦσαν
695 4026 883 4132 γράμματί
907 4062 944 4107 τε
973 4031 1031 4108 καὶ
1058 4025 1290 4130 πράγματι.1)

97 4246 122 4283 2.
141 4229 172 4282 ὅν
183 4251 232 4299 περ
245 4229 350 4283 inverso
362 4228 455 4282 ordine
469 4229 501 4283 B.
594 4245 620 4298 3.
639 4227 743 4282 ὀαῦτός
756 4226 788 4281 B.
881 4245 907 4294 4.
925 4228 1017 4280 ἑαυτοῦ
1030 4224 1101 4281 BD.
1114 4224 1192 4278 αὐτοῦ
1206 4223 1256 4279 Ed.

60 4299 87 4353 8.
106 4299 176 4370 ἡγῇ,
185 4300 273 4423 φησὶν
284 4300 389 4353 inverso
402 4298 493 4352 ordine
508 4299 539 4352 B.
588 4297 681 4368 ξύλον]
694 4300 745 4350 πᾶν
757 4296 837 4365 ξύλον
850 4297 901 4351 Ed.
912 4297 996 4351 invito
1010 4296 1042 4350 Β.
1117 4295 1157 4348 16.
1173 4316 1256 4362 προσ·

60 4370 170 4424 τέθειται
210 4411 217 4424 .
232 4370 334 4437 Migne.
347 4370 542 4437 προστέθειντιιι
556 4369 607 4422 Ed.
656 4367 814 4435 ἀναθίλητον
827 4367 862 4420 D.
972 4382 1014 4420 20.
1033 4365 1161 4434 θηρᾶσθαι
1174 4386 1257 4418 σπου-

60 4441 145 4506 δάζειν
157 4449 217 4511 post
229 4440 360 4508 ἀπόδειξιν
373 4441 521 4510 transponit
535 4439 567 4493 B.
645 4450 648 4458 '
682 4437 724 4492 26.
744 4438 816 4492 ἐστὶν
828 4438 911 4493 οὐδεὶς
922 4438 967 4507 τῆς
979 4436 1044 4494 ἰδίας
1056 4436 1106 4489 hoc
1119 4435 1212 4491 ordine
1227 4434 1258 4494 B.

61 4511 134 4565 ἐστὶν
146 4521 206 4580 post
219 4510 283 4566 ἰδίας
296 4520 327 4564 tr.
342 4509 392 4566 Ed.

104 4610 175 4655 voh.
193 4612 214 4656 Ι.
631 4610 651 4655 0
667 4613 684 4654 0
