3038 5018
56 296 145 384 i.13.
242 301 299 365 ΙΝ
329 302 363 367 S.
386 302 642 369 JOANNEM.
689 305 785 369 LIB.
809 305 836 369 1.
883 305 984 370 CAP.
1009 305 1070 370 IX.
1193 307 1256 372 13⁷

76 466 85 489 ς
152 459 163 488 x
215 466 224 490 κ
261 463 270 494 ς
323 465 332 490 ‹
368 474 384 491 a
442 471 450 490 ι
548 468 560 492 t
717 469 726 496 ι
839 473 847 495 ι
902 474 911 497 ι
945 474 954 497 ε
1008 472 1026 498 ν
1130 472 1141 499 κ
1219 467 1230 495 Ν

56 495 105 545 εις
123 497 188 561 την
206 499 294 562 ιπερ
312 501 402 565 ημας
428 502 658 567 ανιπταμενοι
685 471 808 577 δοξαν,
826 482 902 586 αλλ
933 507 980 555 ως
998 476 1066 571 ηδη
1085 506 1143 550 και
1163 475 1257 548 Θεον

55 585 197 690 ἔχοντες
215 591 252 668 ἐν
271 593 406 675 ἑαυτοῖς
429 595 631 672 ἐνοικοῦντα
657 597 715 672 καὶ
740 593 1018 696 ἐναυλιζόμευον,
1038 594 1128 673 κατά
1152 593 1195 671 rb
1219 594 1257 671 ἐν

1299 728 1313 761 α
1327 713 1385 763 Cor.

1299 779 1332 827 vi.
1349 780 1416 837 16,e

56 844 77 879 “
96 833 281 934 πατήσω·”
316 840 390 916 ἐπεὶ
419 837 510 918 κατὰ
538 840 616 919 τίνα
644 838 779 941 τρόπον
808 838 991 940 λεγόντων
1019 841 1103 941 ἡμῖν
1131 844 1164 918 οί
1192 844 1255 938 τῆς
1300 845 1361 958 ξζζί
1385 921 1414 957 1,

24 956 236 1057 ὅτοσαθτης
261 963 413 1055 ἀμαθίας
440 961 621 1070 ἀνάπλεῳ,
641 967 718 1042 ναοὶ
743 969 839 1043 Θεοῦ
865 963 956 1042 κατὰ
980 962 1131 1042 Παῦλάν
1148 965 1258 1060 ἐσμεν
1304 983 1427 1032 reor-iii

55 714 107 816 τῷ
125 710 295 819 προφήτῃ
315 715 473 813 κείμενον
492 727 514 762 “
526 715 614 795 Ὅτι
633 713 808 816 ἐνοικήσω
827 721 864 796 ἐν
881 719 1000 801 αὐτοῖς
1026 720 1084 796 καὶ
1109 720 1250 819 ἐμπερι-
1268 754 1284 797 e

56 1079 100 1160 rb
136 1087 283 1180 Πνεῦμα
316 1084 457 1189 ἔχοντες
489 1095 675 1167 κατοικοῦν
708 1090 746 1166 ἐν
776 1088 869 1187 ἡμῖν,
901 1093 930 1166 εί
962 1085 1012 1186 μή
1045 1084 1139 1170 Θεὸς
1168 1085 1259 1165 κατὰ
1305 1047 1343 1098 ¹⁶⁸

59 1205 174 1310 φύσιν
201 1206 300 1287 ε’στίυ
312 1241 323 1305 ;
365 1215 394 1289 εί
421 1209 494 1313 γὰρ
522 1212 656 1307 κτίσμα
684 1212 764 1291 ἐστὶ
791 1213 850 1290 καὶ
877 1209 1037 1312 γενητὸν,
1067 1207 1125 1289 διά
1153 1212 1260 1289 ποίαν

58 1331 174 1408 αἰτίαν
205 1331 297 1428 ἡμᾶς
334 1334 563 1438 καταφθείρει
601 1333 704 1430 Θεὸς,
743 1337 791 1416 ὡς
824 1339 920 1413 Θεοῦ
957 1334 1260 1438 καταφθείροντας
1304 1359 1399 1424 1b.17.

60 1451 156 1549 ναὸν,
172 1454 258 1532 ὅταν
277 1452 318 1535 rb
338 1463 446 1556 σῶμα
466 1457 779 1556 καταμολύνωμεν,
793 1460 830 1536 ἐν
849 1454 878 1564 ᾧ
897 1455 939 1536 rb
959 1462 1108 1552 Πνεῦμα
1126 1458 1260 1550 ἐνοικεῖ,

10 1609 45 1648 ιο
59 1574 150 1674 ὅλην
173 1577 255 1681 ἐχον
280 1587 344 1657 τοῦ
370 1584 466 1659 Θεοῦ
490 1585 547 1660 καὶ
575 1580 720 1684 Πατρὸς
746 1580 810 1680 τὴν
834 1579 992 1686 φυσικήν
1016 1578 1183 1678 ἰδιότητα,
1203 1582 1261 1657 καὶ

59 1699 189 1795 ὁμοίως
227 1708 289 1780 τοῦ
329 1707 583 1804 Μονογενοῦς;
630 1706 705 1783 ἐπεὶ
741 1710 817 1787 πῶς
856 1703 1047 1803 ἀληθεύσει
1086 1702 1204 1805 λέγων
1240 1703 1291 1782 ὃς
1333 1721 1429 1776 9η

61 1822 190 1923 Σωτήρ
209 1835 230 1870 ιι
245 1825 335 1904 Ἐάν
357 1860 411 1912 τις
435 1831 561 1934 ἀγαπᾷ
586 1863 640 1923 με,
661 1827 855 1929 τὸνλόγον
877 1861 947 1926 μου
972 1825 1135 1927 τηρήσει,
1158 1829 1216 1904 καὶ
1241 1827 1261 1903 ὁ
1306 1823 1412 1950 {ssg'w

61 1956 83 1992 “
104 1944 234 2048 Πατήρ
258 1983 327 2043 μου
352 1948 534 2050 ἀγαπήσει
562 1948 682 2048 αὐτὸν,
706 1953 764 2028 καὶ
791 1950 881 2051 πρὸς
909 1949 1018 2028 αὐτὸν
1040 1946 1264 2047 ἐλευσόμεθα

63 2080 84 2117 “
102 2072 161 2148 καὶ
188 2070 302 2172 μονὴν
326 2071 409 2177 παρ’
433 2076 528 2181 αύτῷ
556 2071 813 2173 ποιησόμεθα,”
834 2076 892 2152 καὶ
916 2074 954 2152 ἐν
978 2073 1074 2179 αύτῷ
1101 2071 1259 2151 καταλύ·

11 2221 48 2280 ι5
62 2226 189 2291 σομεν.
232 2197 346 2275 καίτοι
363 2195 405 2276 τὸ
427 2197 574 2293 Πνεῦμά
599 2200 679 2276 ἐστι
703 2195 745 2276 rb
769 2205 955 2276 κατοικοῦν
973 2197 1011 2273 ἐν
1029 2195 1123 2294 ἡμῖν,
1143 2198 1200 2274 καὶ
1220 2197 1262 2274 δι’

63 2318 172 2396 αι’ποῦ
206 2319 420 2415 πιστεύομεν
456 2319 547 2425 ἐχειν
580 2319 656 2419 ἅμα
692 2322 756 2400 τὸν
787 2321 934 2421 Πατέρα
968 2322 1025 2397 καὶ
1064 2316 1128 2397 τὸν
1157 2316 1261 2414 Υὶὸν,

65 2438 226 2543 καθάπερ
263 2443 325 2521 οὖν
361 2443 431 2548 ἔφη
470 2448 526 2524 καὶ
565 2444 669 2527 αύτός
707 2480 777 2525 που
814 2444 926 2524 πάλιν
965 2445 984 2522 ὁ
1022 2440 1189 2541 Ἰωάννης
1226 2444 1264 2520 ἐν

63 2565 272 2649 ἐπιστολαῖς
288 2577 310 2614 “
323 2569 389 2646 Ἐν
407 2569 521 2675 τούτῳ
545 2567 770 2668 γινώσκομεν
788 2567 843 2647 ὅτι
866 2571 903 2647 ἐν
921 2569 1017 2672 αὐτῷ
1037 2566 1189 2665 με’νομεν
1205 2569 1263 2644 καὶ
1311 2580 1434 2660 ,1850211-

64 2697 87 2733 “
105 2687 211 2773 αὐτὸς
235 2692 273 2768 ἐν
294 2690 387 2788 ἡμῖν,
408 2691 462 2769 ὅτι
485 2695 523 2770 ἐκ
547 2701 611 2770 τοῦ
631 2690 840 2789 Πνεύματος
865 2693 973 2770 αύτοῦ
998 2691 1125 2768 ἔδωκεν
1143 2689 1262 2788 ήμῖν.”
1310 2663 1344 2697 η
1359 2661 1395 2708 ¹³⁵

12 2849 51 2890 20
65 2817 142 2893 πῶς
164 2809 202 2891 δέ
224 2811 318 2896 ὅλως
344 2818 400 2893 καὶ
423 2819 518 2894 Θεοῦ
546 2814 758 2915 κεκλήσεται
780 2822 937 2911 Πνεῦμα,
962 2817 989 2893 εί
1016 2811 1065 2910 μὴ
1090 2810 1134 2918 ἐξ
1157 2812 1299 2891 αι’ποῦί)

66 2939 124 3012 καὶ
149 2937 186 3013 ἐν
205 2938 300 3043 αύτῷ
324 2937 416 3016 κατὰ
442 2939 555 3044 φύσιν
580 2942 669 3037 ἐστὶ,
692 2942 750 3018 καὶ
777 2937 834 3017 διὰ
861 2947 967 3017 τοῦτο
986 2936 1101 3030 Θεός;
1138 2942 1167 3014 εί
1194 2934 1266 3039 γὰρ
1402 2924 1405 2931 ’

66 3057 238 3162 ὑπάρχου,
258 3062 305 3143 ὡς
329 3062 454 3141 ἐκεῖνοί
477 3069 583 3166 φασι,
606 3060 766 3164 γενητὸν,
788 3061 937 3157 Πνεῦμά
962 3061 1042 3138 ἐστι
1066 3066 1129 3137 τοῦ
1155 3063 1265 3152 Θεοῦ,

65 3182 107 3260 τὸ
143 3184 283 3262 κωλύον
312 3185 412 3263 ούδὲν
441 3185 625 3284 πνεύματα
655 3189 751 3264 Θεοῦ
782 3187 839 3263 καὶ
869 3182 914 3263 rb
943 3182 1044 3262 ἀλλα
1076 3185 1268 3261 καλεῖσθαι

65 3305 259 3405 ποιήματα·
292 3307 427 3416 φθάσει
445 3308 517 3410 γὰρ
536 3313 593 3387 καὶ
612 3310 665 3387 ἐπ’
686 3307 777 3387 αύτά
795 3305 939 3404 δυνάμει
957 3305 999 3385 rb
1018 3312 1180 3408 πρᾶγμα,
1198 3303 1268 3405 εἴγε

14 3454 51 3513 ²5
67 3427 161 3512 ὅλως
187 3429 364 3535 ἐνδέχεται
387 3432 539 3533 γενητὴν
557 3433 685 3511 ούσίαν
705 3436 853 3527 Πνεῦμα
880 3429 1051 3533 ύπάρχειν
1069 3437 1133 3508 τοῦ
1157 3434 1265 3508 Θεοῦ.

68 3555 126 3631 καὶ
152 3551 197 3653 ἧν
218 3554 283 3653 μέν
307 3554 417 3638 ὄντως
444 3553 643 3634 ἀκόλουθον
665 3554 802 3656 μακρὸν
823 3555 880 3633 ἐπὶ
906 3554 1042 3636 τούτοις
1067 3549 1268 3657 ἀναπτύξαι

69 3673 192 3775 λόγον,
226 3683 284 3757 καὶ
319 3678 377 3756 διὰ
407 3676 584 3758 πλειόνων
617 3681 878 3780 ἀδολεσχήσαι,
911 3674 974 3760 τάς
1007 3683 1079 3754 τῶν
1111 3676 1298 3752 ἀνοσίωνο

68 3805 251 3902 αἱρετικιῦν
270 3801 533 3903 ἀνατρέποντας
551 3802 735 3893 ἀβουλίας·
765 3799 966 3901 ἀρκούντως
987 3798 1023 3879 δέ
1041 3797 1109 3896 ήδη
1134 3800 1266 3894 διειλη-

69 3925 177 4030 φότες
203 3929 284 4029 περὶ
311 3934 375 4004 τοῦ
403 3925 531 4027 Ἀγίου
559 3925 780 4023 Πνεύματος,
807 3926 844 4003 ἐν
872 3929 923 4029 τῷ
954 3924 1035 4023 περὶ
1067 3924 1131 4020 τῆς
1163 3920 1269 4021 ἁγίας
1313 3935 1368 4050 31ῗῇ
1365 3934 1437 4050 &a

105 4114 130 4152 2.
150 4097 343 4166 ἐναυλιξόμενον
356 4097 389 4152 Β.
401 4098 568 4165 αὖλιζθμενον
580 4096 631 4150 Ed.
739 4114 765 4162 4.
783 4094 934 4167 λεγέτωσαν
948 4093 980 4147 Β.
1112 4131 1119 4146 .
1314 4133 1340 4181 ὥ
1357 4134 1365 4180 l

69 4171 176 4222 Παῦλόν
189 4170 268 4235 ἐσμεν
279 4171 325 4222 τοῦ
338 4171 405 4222 θεοῦ
420 4168 451 4222 Β.
465 4171 521 4222 ναοὶ
534 4171 601 4221 θεοῦ
613 4167 692 4235 ἐσμεν
704 4167 842 4233 (omittens
854 4165 917 4218 κατὰ
929 4166 977 4231 Π.)
990 4162 1095 4216 Veccus
1109 4161 1201 4231 Epigr.
1215 4161 1269 4215 viii.
1341 4148 1357 4180 ἢ
1364 4143 1410 4259 b3⁷1

69 4255 96 4310 9.
116 4240 207 4292 ἐνοικεῖ
221 4239 252 4294 Β.
266 4239 329 4293 atui
343 4239 393 4293 Ed.
537 4257 578 4292 11.
596 4235 716 4305 ἀληθεύει
731 4236 763 4290 Β.
909 4250 950 4304 13.
970 4234 1047 4287 αὐτὸν
1059 4229 1118 4303 αλλ]
1133 4232 1224 4286 ἑαυτὸν
1236 4230 1269 4286 Β.
1315 4213 1366 4327 {gq

73 4327 113 4376 14.
136 4309 210 4364 Haec
221 4311 263 4363 καὶ
274 4310 354 4380 μονήν
365 4308 424 4379 παρ’
437 4308 506 4380 αύτῷ
519 4307 681 4377 ποιησόμεθα
693 4317 831 4377 assumpta
843 4322 875 4358 ex
889 4303 922 4359 Β.
1052 4318 1093 4374 17.
1111 4300 1157 4356 οὖν
1169 4319 1224 4356 om.
1237 4300 1273 4357 Β.
1367 4299 1373 4310 “

71 4420 114 4458 20.
133 4403 272 4472 κίκλησται
285 4404 347 4472 (sic)
363 4403 396 4458 Β.
497 4419 541 4456 22.
560 4389 693 4473 ῦπαρχῦυν
706 4401 738 4455 Β.
854 4416 896 4469 23.
916 4395 1064 4468 καλεῖσθαι]
1078 4393 1271 4487 καλύεσὶθαιΒ.

71 4473 196 4599 ἰηδηέγὲ
198 4475 232 4598 (113
244 4474 316 4544 εἴπερ
329 4473 380 4529 Ed.
514 4472 557 4527 26.
575 4475 672 4542 μακρὸν
686 4471 757 4528 BD.
769 4471 869 4541 μακρὰν
884 4469 932 4524 Ed.
1065 4483 1107 4539 29.
1124 4487 1186 4537 περι
1197 4482 1272 4537 φησι

115 4647 185 4691 voh.
201 4647 224 4690 1.
667 4645 686 4687 Τ
