3038 5018
93 320 123 363 v.
139 299 190 379 28,
204 319 254 386 29.
291 300 344 365 IN
375 301 408 365 ς.
432 301 688 367 ιοΑΝΝυΜ.
734 302 828 366 τις.
853 251 899 366 ιἸ.
946 295 1166 365 estvm.
1227 300 1291 361 τιν

93 462 229 565 σαρκὸς
257 465 444 567 ὁρώμενος,
473 470 530 546 καὶ
558 474 631 551 τοῖς
652 468 835 550 Ἰουδαίοις
861 464 1098 569 πολυτρόπως
1127 462 1176 547 τὰ
1200 460 1291 562 πρὸς

94 587 276 689 σωτηρίαν
309 589 572 738 εἰσηγούμενος,
598 591 660 670 δύο
691 589 915 691 πραγμάτων
941 589 1195 692 θεοπρεπῶν
1179 590 1291 691 εαυτῷ

92 711 301 814 περιτέθεικε
333 711 400 812 τὴν
430 712 679 817 λαμπρότητα.
737 713 791 793 ὅτι
824 711 861 793 δί
893 716 951 792 καὶ
980 709 1179 862 ἀναστήσει
1209 706 1290 792 τοὺς

94 833 244 936 νεκροὺς,
273 839 332 915 καί
360 838 638 939 κριθησομένους
666 836 894 940 παραστήσει
922 840 973 943 τῷ
1002 832 1116 941 οἰκείῳ
1143 834 1289 933 βήματι,

60 960 333 1054 διεβεβωοῦτο5
350 966 492 1066 σαφῶς
523 957 650 1041 ἀλλ”
629 995 673 1058 ην
692 993 750 1039 και
736 959 965 1064 σφόδρα’
938 957 1029 1042 εικὸς
1047 957 1320 1113 δυσχεραίνεινο

91 1082 149 1159 ε’πί
176 1081 291 1190 τούτῳ
318 1083 401 1168 τοιίς
419 1085 681 1236 ἀκροωμένους,
701 1085 943 1186 ἐγκαλοῦντας
970 1084 1039 1182 ἤδη
1068 1115 1126 1161 και
1113 1080 1290 1161 διώκειν

93 1203 252 1306 εὐλόγως
276 1205 384 1286 αὐτὸν
411 1209 686 1306 ὑποπτεύοντας,
710 1207 765 1288 ὅτι
788 1219 809 1255 “
822 1206 960 1309 πατέρα
985 1206 1074 1287 ἰδιον
1099 1203 1202 1309 ἐ’λεγε
1227 1205 1292 1286 τὸν
1337 1222 1420 1286 θυαε

94 1337 115 1374 “
135 1327 285 1427 Θεὸν,”
270 1364 351 1410 ισον
378 1330 503 1411 εαυτδν
535 1338 647 1412 ποιῶν
676 1337 728 1440 τῷ
759 1332 876 1439 Θεῷῗ
917 1329 1143 1433 ἀνακεράσας
1172 1330 1291 1410 τοίνυν
1336 1304 1388 1336 ver
1403 1287 1438 1335 ¹8

93 1451 255 1560 ἐξουσίᾳ
272 1457 330 1533 καί
363 1453 589 1559 λαμπρότητι
622 1461 666 1558 τῇ
700 1408 890 1558 θεοπρέπεί
921 1454 984 1536 τὸν
1013 1452 1213 1557 ἁρμόζοντα
1245 1489 1291 1560 τη

45 1612 80 1651 ιο
93 1575 339 1676 ἀνθρωττότητι
367 1575 491 1678 λόγον,
514 1578 727 1657 ὑποκλέπτει
753 1575 797 1656 τὸ
823 1575 918 1680 βαρὺ
945 1581 1008 1676 τῆς
1036 1579 1156 1679 ἀργῆς,
1181 1580 1288 1657 ἐπιει-

94 1699 262 1801 κέστερόν
288 1734 365 1784 πως
393 1704 451 1780 καί
480 1701 683 1806 ὑφειμένως,
708 1698 731 1802 ἢ
759 1696 851 1804 ᾗπερ
873 1703 992 1804 ε’χρῆν,
1014 1701 1133 1802 λέγων
1153 1697 1292 1806 ’Ὥσπερ

93 1820 162 1927 γάρ
180 1829 194 1900 ἰ
215 1821 330 1929 Πατήρ
354 1824 423 1920 ἔχει
443 1823 522 1933 ζωίμ
541 1827 571 1904 ἐν
590 1823 696 1931 ἰαντῷ
724 1823 804 1904 οὕτω
829 1832 889 1904 καί
915 1833 962 1932 τῷ
979 1832 1045 1933 Tic}
1069 1819 1191 1905 δι’ἀωκε
1210 1825 1289 1933 ζωὴν

95 1945 179 2042 ἔχειν
204 1947 233 2026 ἑν
259 1946 374 2055 ἑαυτῷ.
414 1946 464 2048 μή
491 1945 684 2048 θαυμάζετε
710 1946 840 2054 τούτῳ,
871 1951 1000 2052 φησίν,
1030 1954 1059 2027 εἰ
1087 1947 1170 2027 καθ’
1201 1949 1324 2046 ὑμᾶςιί

95 2076 157 2146 νῦν
190 2069 370 2175 ὑπάρχων,
407 2075 464 2151 καί
503 2070 679 2173 ὁρώμενος
715 2071 912 2172 ἅνθρωπος,
949 2069 1170 2170 ἀναστήσειν
1207 2073 1287 2150 ὑπι·

45 2228 82 2290 ¹5
94 2201 273 2296 σχνοῦμαι
291 2193 374 2278 τοὺς
399 2193 552 2296 νεκροὺς,
570 2198 628 2273 καὶ
652 2200 701 2277 εἰς
725 2195 844 2294 κρίσιν
862 2192 962 2292 ἀγειν
980 2194 1132 2272 ἀπειλῶ·
1166 2192 1296 2273 δέδωκέ

93 2347 154 2412 μοι
181 2314 224 2395 τὸ
252 2317 426 2398 δύνασθαι
449 2316 634 2420 ζωογονεῖν
652 2318 673 2396 ό
693 2315 832 2418 Πατὴρ,
853 2316 986 2395 δέδωκέ
1006 2350 1067 2414 μοι
1094 2316 1137 2394 τὸ
1164 2318 1293 2419 κρίνειν
1401 2362 1410 2369 ·

94 2439 147 2518 ἐπ’
168 2439 342 2545 ἐξουσίας.
380 2440 499 2539 ἐπειδὴ
523 2439 561 2521 δί
580 2439 637 2519 διά
662 2439 797 2520 τούτων
815 2439 881 2539 τήν
900 2437 1089 2521 εὐόλισθον
1108 2447 1180 2521 τῶν
1198 2443 1291 2534 Ἰου·Ι

94 2561 203 2642 δαίων
232 2559 484 2665 τεθεράπευκεν
516 2562 637 2664 ἀκοήν,
669 2563 842 2669 φροντίδα
879 2571 1030 2643 ποιεῖται
1066 2564 1204 2666 γοργὴν
1235 2567 1294 2644 καί

95 2692 158 2785 τῆς
176 2693 250 2768 τών
267 2686 398 2794 ἐφεξῆς
416 2690 602 2793 ὠφελείας,
622 2686 742 2767 καί
703 2723 769 2787 την
791 2689 905 2766 αἰτίαν
928 2684 1030 2772 εὐθὺς
1048 2722 1112 2767 του
1094 2687 1293 2793 δεδέχθαι

45 2809 213 2912 ιολέγειυ
241 2810 366 2892 ἑαυτὸν
396 2810 645 2917 ἐξηγούμενος,
678 2809 744 2910 τήν
776 2807 931 2889 οὐδέν’
907 2845 1064 2914 εχουσαν
1095 2807 1184 2916 ἐξ
1167 2815 1292 2910 εαυτῆς

94 2933 352 3036 ἀνθρωπότητα
369 2933 582 3039 προίσχεται
601 2930 745 3036 λέγων’
745 2948 811 3013 Οτι
830 2935 906 3018 Τίἰς
925 2931 1122 3039 ἀνθρώπου
1109 2937 1203 3013 εστίν.
1305 2970 1323 3012 ο

144 3053 233 3136 Ὅτι
257 3057 329 3160 γάρ
357 3060 415 3138 καί
435 3057 504 3162 ζωὴ
527 3055 618 3137 κατά
642 3057 756 3163 φύσιν
774 3058 910 3136 ἐστίνὸ
931 3056 1153 3158 Μονογευής,
1175 3059 1233 3137 καί
1252 3058 1294 3139 οὐ

94 3178 183 3281 ζωῆς
210 3183 273 3277 τῆς
306 3180 391 3285 παρ’,
421 3179 540 3283 ἑτέρου
572 3181 732 3285 μέτοχος,
762 3177 929 3281 ζωογονεῖ
956 3213 994 3261 τε
1025 3182 1137 3262 οὕτως
1169 3176 1295 3284 ὥσπερ

94 3303 152 3381 καί
176 3302 197 3380 ό
223 3301 363 3406 Πατήρ,
389 3303 555 3404 περιττὸν
583 3300 680 3401 οἶμαι
708 3303 827 3404 λέγειν
853 3300 944 3406 πρὸς
970 3300 1013 3382 τὸ
1040 3302 1167 3404 παρὸν,
1196 3304 1290 3382 ε’πεί·

45 3458 160 3529 α5περ
178 3421 263 3523 ἡμῖν
288 3429 330 3507 οὐ
356 3427 537 3533 βραχῦς’
520 3463 557 3507 εν
584 3426 699 3508 τούτω
729 3423 964 3526 δεδαπάνηται
994 3422 1153 3575 λόγος
1135 3460 1172 3505 εν
1200 3427 1295 3530 ἀρχῇ

93 3581 157 3627 του
140 3550 334 3647 βιβλίου,
353 3551 583 3652 προκειμένου
600 3555 709 3655 ῥητοῦ
720 3548 940 3653 Ογέγονεν
957 3551 995 3630 ἐν
1014 3550 1109 3656 αιἰτιρ
1091 3545 1239 3651 ζωή’
1216 3584 1271 3648 ην.
1338 3572 1432 3703 ml

93 3731 150 3796 Μιί
181 3733 356 3821 θαυμάζετε
383 3738 485 3798 τοῦτο·
514 3735 603 3800 ὅτι
587 3757 716 3822 ερχεται
741 3737 812 3823 ὥρα
843 3758 878 3798 εν
907 3758 926 3822 η
957 3734 1077 3798 πάντες
1105 3730 1134 3796 οἰ
1162 3733 1196 3796 ὲν
1225 3753 1291 3796 τοις
1307 3732 1344 3787 28

145 3849 313 3927 μνιιμείοια
348 3851 513 3916 ἀκούσωσι
544 3860 600 3916 τῆς
636 3859 748 3938 φωνῆς
785 3853 883 3916 αὐτοῦ
918 3851 970 3915 καί
999 3849 1235 3927 ἐξελεύσονται,
1260 3844 1343 3927 0129

145 3968 183 4034 τά
213 3968 318 4044 άιυθά
351 3970 546 4033 ποιήσαντες
578 3966 624 4033 εἰς
655 3969 831 4033 ἀνάστασιν
864 3975 955 4056 ζωῆς,
985 3964 1015 4031 οἱ
1044 3965 1080 4030 δὲ
1111 3964 1150 4029 τά
1182 3968 1322 4050 φαῦλον
1344 3965 1459 4023 ΒΒΘΑ.

45 4124 83 4179 30
146 4088 329 4174 πράξαντες
357 4083 403 4150 εἰς
431 4085 608 4150 ἀνάστασιν
636 4083 782 4173 κρίσεως.

153 4236 321 4334 Σημαίνει
348 4236 413 4334 μὲν
438 4234 496 4315 διά
522 4236 659 4315 τούτων
684 4240 747 4334 τῆς
775 4233 943 4314 ἁπάντων
968 4230 1203 4314 ἀναστάσεως
1231 4228 1294 4308 τὸν
1377 4306 1382 4317 ,

132 4404 158 4457 3.
176 4386 293 4440 δέΒ.
246 4410 314 4457 ,γαρ
329 4386 379 4440 Ed.
452 4403 477 4458 5.
496 4386 711 4458 δυσχεράνεινΒ.
786 4401 826 4439 11.
845 4385 910 4454 ήηπ
910 4383 1078 4456 ε.]ήπερΒ
1154 4399 1194 4469 13.
1213 4380 1274 4436 τοιίτ

96 4466 266 4544 assumptum
278 4457 357 4510 exB
464 4474 507 4528 23.
527 4461 646 4528 ζωσγονιι
636 4456 731 4510 Βηί)
744 4407 939 4527 ζωογονεῑνίἰιί.
1054 4454 1096 4508 28.
1115 4399 1295 4509 ἀκονσωσιίἰί

96 4526 242 4583 ἀκονσουσι
256 4527 306 4582 Ed.
322 4525 488 4600 [ἀκούσονται
502 4525 550 4598 οη]
656 4543 700 4598 31.
718 4525 821 4597 τῆς]
790 4548 840 4581 των
851 4526 942 4596 τηςΒ

651 4628 743 4695 Yy2
