3038 5018
87 287 220 375 i.9,10.
276 294 334 360 IN
365 297 398 362 S.
423 297 676 364 JOANNEM.
721 299 818 364 LIB.
840 299 869 364 1.
913 299 1016 365 CAP.
1040 299 1101 364 IX.
1224 301 1283 364 121

148 491 193 535 ια.
226 490 327 538 Almo,
357 467 421 546 Είς
456 467 596 561 πλῆθος
634 462 726 563 μέγα
763 469 820 542 καὶ
857 464 1097 567 ἀναρίθμητον
1134 460 1176 542 τὸ
1213 469 1286 542 τῶν

93 575 331 680 Ἰσραηλιτῶν
365 586 554 691 ἐξετείνετο
591 587 705 687 γένος·
749 591 807 665 καὶ
842 585 886 687 δὴ
917 593 974 666 καὶ
1006 594 1113 666 τοῦτο
1145 588 1287 670 δικαίως

93 705 372 805 ὑπερθαυμάσας
390 710 410 788 ὁ
429 709 641 815 ἱεροφάντης
656 715 820 808 Μωυσῆς
837 711 1019 814 ἐπεύχεται
1038 710 1156 811 λε’γων
1170 710 1321 793 αύτοῖςλ)

93 838 116 875 “
136 833 208 908 Καὶ
236 832 311 910 ίδού
339 836 421 912 ε’στε
449 836 608 937 σήμερον
632 837 718 914 ὡσεὶ
746 832 793 913 τὰ
819 834 939 936 ἄστρα
966 841 1030 914 τοῦ
1058 835 1208 937 ούρανοῦ
1236 839 1288 940 τῷ
1333 825 1438 948 Q*

57 960 77 1021 5
93 961 115 998 “
133 951 272 1052 πλήθει·
310 955 442 1058 Κύριος
461 959 481 1035 ὁ
500 955 594 1040 Θεὸς
617 963 690 1035 τῶν
706 956 870 1060 πατέρων
888 959 985 1055 ὑμῶν
1002 957 1178 1059 προσθείη
1206 959 1289 1056 ύμῖν

92 1086 115 1122 “
134 1078 182 1158 ὡς
208 1077 290 1157 ἐστὲ
316 1080 613 1183 χιλιοπλασίως.”
653 1082 736 1159 ἀλλ’
758 1079 854 1184 είπερ
877 1076 921 1178 ἦν
941 1080 1093 1165 κόλασις
1117 1086 1194 1164 ταῖς
1220 1084 1286 1159 οἱν-

96 1200 251 1300 θριύτων
273 1207 409 1307 ψυχαῖς
435 1200 475 1282 τὸ
501 1200 588 1282 εἶναι
612 1202 703 1302 μετά
727 1202 909 1303 σωμάτων
931 1206 969 1282 ἐν
995 1201 1133 1312 κόσμῳ,
1158 1204 1224 1283 ἔδει
1250 1204 1288 1284 δὲ

90 1320 180 1402 εῖναι
208 1329 266 1404 καί
295 1328 337 1405 ού
365 1325 514 1427 γυμνὸς,
533 1325 603 1430 άρδι
628 1332 775 1426 μᾶλλον
798 1327 850 1425 εἴη
875 1362 944 1431 περ
970 1330 1123 1427 άληθῶς,
1147 1328 1210 1406 ούκ
1232 1329 1287 1408 ἐπ’

93 1448 181 1552 εὐχῇ
209 1452 267 1528 καὶ
296 1451 316 1528 ὁ
343 1459 407 1530 τοῦ
440 1451 628 1533 Μωυσέως
656 1451 856 1552 εὑρίσκεται
886 1451 1007 1552 λόγος.
1059 1448 1129 1555 ἔχει
1156 1449 1195 1529 δὲ
1222 1453 1289 1556 οὐχ

45 1600 78 1640 10
91 1575 215 1673 οὕτως,
234 1575 317 1652 ἀλλ’
339 1576 377 1652 ἐν
395 1576 562 1675 εὐλογίας
583 1573 682 1679 τάξει
705 1574 904 1673 πεποίηται·
935 1576 1000 1655 ούκ
1025 1575 1095 1678 ἄρα
1119 1575 1288 1678 τιμωρίας

89 1698 205 1802 ἐπίχει
224 1695 336 1797 λόγον
354 1694 376 1796 ἡ
395 1697 591 1799 σάρκωσις.
1299 1723 1317 1766 0

148 1829 197 1916 ιβ.
229 1851 329 1897 κΛΛο.
357 1824 444 1903 Τοῖς
473 1825 582 1899 αίτεῖν
609 1823 826 1924 ἐπιχειροῦσι
854 1829 969 1906 κακῶς
999 1821 1167 1902 ἐπινεύειν
1196 1819 1290 1905 Θεὸς

91 1947 156 2025 οὐκ
194 1945 372 2049 ἀνεχεταιῖ
422 1947 480 2022 καὶ
518 1943 645 2024 τούτου
683 1943 817 2046 μάρτυς
854 1944 938 2042 ἡμῖν
973 1943 1132 2051 ἀψευδὴς
1169 1947 1189 2024 ὁ
1226 1952 1289 2024 τοῦ

93 2073 261 2171 Σαυηρος
288 2066 479 2169 γενήσεται
506 2065 668 2167 μαθητής
688 2077 709 2114 “
723 2072 871 2163 Αίτεῖτε,
890 2066 1018 2168 λέγων,
1038 2071 1096 2146 καὶ
1120 2070 1162 2148 ού
1190 2079 1284 2165 λαμ·

45 2213 77 2273 15
92 2204 113 2240 “
131 2191 269 2290 βάνετε,
294 2190 347 2271 ὅτι
378 2197 498 2274 κακῶς
526 2188 713 2269 αίτεῖσθε.”
752 2190 848 2293 ε’ίπερ
875 2191 938 2269 οὖν
963 2192 1042 2270 ἐστι
1070 2188 1222 2273 κόλασις
1249 2188 1291 2269 τὸ

1336 2059 1362 2134 β.
1374 2056 1432 2108 Jao.

1336 2138 1369 2173 ιτ.
1385 2135 1408 2185 3.

92 2320 358 2412 σωματωθῆναι
381 2313 517 2420 ψυχὴν,
533 2309 651 2393 Ἀννα
676 2321 739 2394 τοῦ
759 2310 936 2393 Ἐλικανὰ
960 2314 982 2413 ἡ
1007 2312 1108 2413 γυνὴ,
1126 2319 1203 2397 πῶς
1227 2313 1292 2393 ούκ

93 2436 252 2539 εὐλόγως
277 2439 350 2540 ε’ρεῖ
372 2471 436 2536 τις,
456 2435 508 2516 ὅτι
534 2444 598 2516 τοῦ
622 2436 821 2540 πρέποντος
846 2433 1109 2544 άπεσφάλλετο
1132 2435 1288 2538 μακρὰν,

90 2562 184 2641 ούτω
227 2560 319 2663 πρὸς
364 2558 459 2640 Θεὸν
498 2561 736 2639 ἀνατείνουσα
777 2558 843 2660 τὴν
885 2556 1001 2664 εὐχὴν,
1038 2563 1097 2639 καὶ
1141 2565 1293 2640 αἰτοῦσα

91 2697 113 2733 “
131 2684 279 2786 σπέρμα
306 2683 434 2785 ἀνδρός
450 2684 484 2780 ;”
527 2687 650 2789 ψυχῆς
678 2681 748 2789 γὰρ
776 2681 851 2791 ᾔτει
880 2683 1114 2764 κατάπτωσιν
1141 2687 1200 2763 καὶ
1228 2682 1294 2782 τὴν
1340 2690 1457 2805 ζῐδθοὰ

45 2814 141 2893 νοεῖς
167 2815 274 2908 σῶμα
302 2806 466 2888 κάθοδον·
499 2813 575 2892 πῶς
602 2807 639 2887 δὲ
669 2807 763 2891 ὅλως
790 2812 847 2887 καὶ
867 2804 942 2886 υῖὸν
960 2809 1050 2912 αὐτῇ
1069 2809 1183 2887 ἐδίδου
1202 2806 1327 2889 Θεὸςᾶ
1372 2791 1379 2806 ’

92 2929 156 3011 τὸν
185 2930 286 3033 ἅγιον
313 2931 496 3030 Σαμουὴλ,
526 2931 622 3034 ε’ίπερ
650 2932 719 3011 ἔδει
745 2929 887 3014 πάντως
916 2931 1123 3030 άμαρτῆσαι
1151 2929 1290 3035 ψυχὴν,

93 3055 151 3134 ἵνα
180 3053 223 3152 δὴ
253 3056 311 3134 καί
341 3058 569 3153 ἐμπλακεῖσα
602 3054 744 3152 σώματι
775 3060 819 3158 τῇ
851 3055 989 3154 γυναικὶ
1019 3053 1200 3156 πληρώση
1228 3052 1296 3152 τὴν

93 3178 259 3276 αἵτησιν;
291 3177 393 3256 ἀλλὰ
417 3177 489 3276 μὴν
507 3182 563 3257 καὶ
590 3176 682 3260 Θεὸς
708 3180 844 3284 ε’δίδου,Ι
850 3176 942 3275 μόνα
967 3173 1134 3280 πεφυκὼς
1160 3173 1294 3255 διδόναι

94 3300 140 3379 τὰ
159 3298 288 3402 ἀγαθὰ,
307 3303 365 3379 καὶ
391 3301 589 3405 προχείρως
615 3300 802 3383 ἐπινεύσας
829 3301 919 3406 αὐτῇ
945 3301 1124 3400 λοιδορίας
1149 3297 1295 3400 ἁπάσης

45 3444 79 3505 25
93 3427 274 3525 ἐλευθεροῖ
295 3423 360 3524 τὴν
385 3424 540 3524 α’ίτησιν.
582 3425 645 3503 ούκ
675 3425 744 3527 α’ίρα
773 3423 816 3530 ἐξ
842 3423 1017 3526 ἁμαρτίας
1043 3421 1065 3520 ἡ
1091 3419 1291 3525 σάρκωσις,

94 3549 179 3626 ἀλλ’
200 3547 278 3626 οὐδὲ
297 3547 486 3630 κολάσεως
505 3546 636 3649 τρόπος
654 3545 746 3627 κατά
763 3581 871 3631 τινας.

150 3705 196 3772 ιγ.
226 3702 326 3747 κλλο.
357 3675 401 3749 Εἰ
421 3673 458 3748 ἐν
476 3669 576 3776 τάξει
600 3672 770 3773 τιμωρίας
794 3671 933 3750 δεδοται
958 3669 1000 3749 τὸ
1024 3675 1133 3766 σῶμα
1159 3674 1204 3771 τῇ
1229 3676 1320 3747 τοῦο

93 3793 284 3895 ἀνθρώπου
312 3798 427 3900 ψυχῇ,
456 3794 493 3872 τί
519 3792 560 3872 τὸ
595 3792 763 3878 πεπεικὸς
790 3794 953 3896 Ἑζεκίαν
979 3790 1043 3872 τὸν
1070 3795 1133 3890 τῆς
1160 3792 1290 3892 Ἱερου-

94 3915 222 4015 σαλὴμ
240 3916 411 4013 βασιλέα,
430 3917 543 3996 καίτοι
562 3913 685 4022 σοφὸν
703 3916 791 3997 ὅντα
817 3921 875 3996 καὶ
903 3914 1053 4016 άγαθὸν,
1074 3915 1235 4015 δακρύων
1253 3914 1294 3992 οὐ
1337 3922 1437 4038 {iffi

1338 4067 1361 4117 ³·

135 4160 160 4197 2.
181 4142 295 4236 δικαίως]
309 4147 324 4197 ὁ
337 4144 431 4199 δίκαιος
445 4143 478 4199 Β.
614 4163 639 4211 4.
657 4144 720 4198 ὡσεὶ
734 4143 766 4198 Β.
780 4143 814 4200 ὧς
826 4143 878 4198 Ed.
1020 4139 1046 4194 6.
1065 4141 1125 4197 ε’στί
1139 4140 1172 4194 Β.
1185 4138 1229 4208 ἤτε
1242 4140 1294 4195 Ed.

102 4214 136 4295 8..
148 4212 249 4304 ε’ίηπερ]
263 4236 334 4283 ειπερ
348 4214 381 4268 Β.
430 4213 525 4285 ε’πευχδ
538 4214 649 4286 conjecit
662 4214 761 4285 Heyse.
880 4231 917 4336 (ρ.
937 4211 1080 4281 εὑρίσκεται
1094 4211 1126 4267 Β.
1138 4212 1296 4282 εὖρίσκοιται

103 4285 165 4351 (sle)
179 4284 210 4338 E.
223 4285 369 4353 ευρίσκοιτο
382 4283 432 4338 Ed.
585 4301 626 4340 11.
644 4284 731 4354 ε’πίχει
744 4283 777 4338 Β.
789 4283 879 4354 ἔχειΕ
899 4323 906 4338 .
1057 4299 1097 4337 12.
1117 4282 1247 4337 ε’πίνευσιν
1261 4282 1294 4335 Β.

92 4396 147 4445 .14.
165 4377 261 4450 λέγων]
274 4383 339 4450 γοῦν
352 4379 384 4433 Β.
433 4380 654 4504 λαχιβιίνεταιιί).ι
711 4449 717 4461 ⁴
772 4378 812 4432 16.
830 4379 951 4461 Ἐλικονδ
965 4366 1175 4450 [Ἐλῆκανᾶοοά.
1205 4374 1295 4447 ηγυνὴ

94 4448 138 4503 .Β.
151 4449 268 4518 Φανουὴλ
280 4448 296 4518 ἡ
309 4450 423 4521 θυγάτηρ
436 4449 459 4503 E
481 4491 487 4504 .
500 4456 518 4480 “
527 4449 670 4504 Phanuehs
682 4448 755 4503 ἦλθ’
768 4448 900 4520 Georgmn
911 4448 1022 4519 Trapez.
1114 4461 1155 4516 ιη.
1210 4446 1295 4517 σοφά·

103 4522 166 4572 λετο
178 4518 212 4575 B.
321 4536 364 4576 20.
383 4518 463 4590 ὅλως]
477 4520 542 4576 όδῶς
555 4518 588 4574 Β.
695 4532 737 4589 27.
756 4523 802 4574 τοῦ
814 4527 982 4590 assumptum
993 4537 1025 4574 ex
1039 4517 1072 4573 B.

143 4619 214 4665 voh.
232 4621 253 4665 1.
698 4620 720 4662 R
