3038 5018
107 280 153 346 iii.
167 301 220 367 31.
295 282 353 347 IN
383 283 417 347 S.
442 281 697 348 JOANNEM.
742 282 840 349 LIB.
861 281 909 347 11.
954 282 1129 348 CARII.
1242 283 1306 346 245

146 533 189 599 Ὀ
215 531 264 599 ὢν
291 533 328 599 ὲκ
355 541 412 601 τῆς
440 537 495 610 r'ssc
522 536 558 602 ὲκ
586 543 643 602 τῆς
670 543 725 611 sne
752 535 821 603 ἑστι
849 535 901 602 καί
928 536 964 600 ὲκ
992 542 1048 602 τῆς
1076 541 1132 611 τῆς
1159 528 1264 599 λαλεῖ.

166 714 247 794 Ούκ
266 714 463 819 ίσομέτρως
477 713 671 820 ἐνεργήσει,
682 720 808 822 φησὶν,
819 721 868 800 είς
886 716 928 796 τὸ
946 717 1122 796 δύνασθαι
1139 713 1273 796 πείθειν
1287 716 1307 794 ὁ

108 833 263 939 γηγενὴς
295 843 347 946 τῷ
373 841 431 919 ἐπὶ
459 837 597 922 πάντας
626 837 701 919 ὅντι
731 844 826 947 θεῷ.
875 837 1032 938 λαλήσει
1061 838 1127 938 μὲν
1154 836 1228 941 γὰρ
1259 840 1308 922 ὡς
1338 903 1340 906 -
1371 889 1385 916 .-

109 960 299 1064 άνθραατος
326 971 341 1044 ὃ
369 963 441 1044 ιἰπδ
470 960 526 1056 τῆς
554 962 633 1067 γῆς,
656 965 715 1042 καὶ
740 965 777 1043 ἐν
797 960 890 1069 μόνη
914 961 1128 1058 συμβούλου
1153 964 1307 1041 κείσεται
1333 953 1336 958 ’

76 1117 95 1175 5
109 1083 220 1191 τάξει,
238 1084 328 1171 ὅλας
345 1086 542 1193 ἐπιτρόίιας
560 1095 634 1171 τοῖς
651 1087 914 1185 παιδευομείιοις
932 1083 997 1169 τὰς
1019 1093 1083 1166 τοῦ
1104 1085 1306 1181 βούλεσθαι

108 1207 291 1289 πιστεύειν
310 1209 419 1310 ἡνίας·
457 1213 478 1290 ὁ
503 1208 542 1291 δέ
566 1209 703 1291 α’ίνωθεν
721 1207 921 1315 ἐρχόμενος,
942 1211 991 1293 ὡς
1016 1206 1120 1305 Θεὸς,
1138 1209 1215 1315 θείη
1237 1211 1307 1288 τινὶ

111 1332 169 1410 καὶ
197 1329 339 1440 άρῤἦτιρ
366 1333 485 1437 χάριτι
512 1332 745 1439 καταχρήσας
768 1330 832 1413 τὸν
854 1329 967 1434 λόγον
988 1338 1065 1416 ταῖς
1088 1336 1162 1411 τῶν
1181 1341 1341 1434 προσ··<1

111 1453 237 1535 ιόντων
263 1457 399 1555 ἐνίησιν
426 1459 558 1570 άκοαῖς.
601 1455 680 1564 ὅσῳ
707 1455 746 1536 δέ
773 1455 924 1555 ἀμείνων
951 1457 1031 1535 ἐστὶ
1058 1454 1304 1563 κατὰφύσιν,

110 1578 274 1686 τοσούτῳ
305 1578 350 1678 δὴ
382 1577 525 1693 πάντως
552 1579 740 1687 ’ἐνεργήσει
772 1579 998 1684 γοργότερον.
1046 1582 1233 1684 χρησίμως
1270 1580 1308 1661 δέ

58 1741 97 1782 ιο
111 1704 195 1783 λίαν
219 1704 240 1784 ὁ
267 1702 439 1808 μακάριος
463 1702 669 1803 βαπτιστὴς
692 1702 782 1806 πρὸς
809 1700 892 1788 τοδς
919 1706 1044 1784 ἑαυτοῦ
1072 1703 1234 1804 μαθητὰς
1261 1704 1308 1786 τὰ

109 1825 257 1907 τοιαῦτά
281 1835 409 1935 φησιν.
457 1824 576 1925 ἐπειδὴ
600 1823 671 1930 γάρ
696 1826 805 1906 αὐτὸν
826 1831 890 1926 τῆς
915 1835 979 1907 τοῦ
1004 1832 1171 1930 Σωτῆρος
1200 1827 1308 1936 δόξης

110 1951 283 2055 ἐθεώρουν
301 1951 514 2052 ἡττώμενον,
532 1951 593 2031 ε’πί
608 1986 646 2031 τε
665 1950 780 2061 τούτῳ
799 1950 928 2031 λοιπὸν
947 1952 989 2031 ού
1007 1952 1156 2054 μετρίως
1174 1953 1304 2032 ἐσκαν·

111 2072 307 2178 δαλίζοντο,
329 2073 383 2154 διὸ
411 2073 455 2173 δὴ
483 2076 540 2153 καί
567 2071 781 2179 προσῄεσαν
802 2073 970 2177 λε’γοντες
993 2085 1014 2121 “
1028 2076 1172 2172 Ῥαββὶ,
1197 2074 1236 2159 δς
1261 2074 1306 2176 ἦν
1350 2077 1451 2193 ξξξζῦ

111 2208 133 2246 “
151 2196 242 2295 μετὰ
268 2206 340 2278 σοῦ
366 2197 480 2301 πέρον
504 2204 569 2278 τοῦ
593 2195 785 2301 Ἰορδάνου,
810 2195 840 2306 ᾧ
867 2195 916 2278 σὺ
943 2197 1226 2300 μεμαρτύρηκας,
1254 2199 1336 2279 ’ίδεο

60 2359 97 2419 15
110 2331 133 2372 “
151 2321 254 2407 οὗτος
278 2319 449 2423 βαπτίζει,
473 2323 531 2401 καὶ
556 2323 687 2407 πάντες
713 2322 876 2427 ἔρχονται
900 2319 991 2424 πρὸς
1016 2320 1156 2400 αύτόν·”
1189 2325 1304 2424 ἀναγ-

110 2447 217 2531 καίως
236 2449 256 2525 ὁ
278 2445 573 2552 πνευματοφόρος
598 2445 640 2526 τὸ
665 2454 730 2526 τοῦ
754 2443 964 2526 σκανδάλου
980 2445 1095 2530 πάθος
1114 2443 1307 2546 ὑποτεμνό-

110 2604 225 2667 μενος,
245 2572 328 2672 ima
353 2602 392 2648 τε
416 2577 489 2653 τοῖς
515 2571 640 2650 ἑαυτοῦ
664 2575 840 2671 μαθηταῖς
866 2569 932 2670 τὴν
950 2573 1008 2650 ἐπὶ
1025 2577 1099 2654 τοῖς
1116 2560 1307 2672 ἀναγκαια

110 2694 229 2777 τάτοις
263 2692 438 2799 διάληψιν
466 2695 619 2790 ἐντιθεὶς,
648 2693 824 2801 ἐξηγεῖται
854 2692 919 2791 μέν
946 2703 1009 2774 τοῦ
1043 2698 1209 2798 Σωτῆρος
1241 2692 1307 2794 τὴν

110 2815 203 2897 κατὰ
226 2815 373 2897 πάντων
392 2816 579 2921 ὑπεροχὴν,
600 2815 759 2897 διδάσκει
785 2816 823 2898 δέ
848 2815 947 2897 ούδέν
965 2815 1072 2918 ἧττον
1089 2815 1155 2910 τὴν
1174 2799 1303 2916 αἰτίαν,
1336 2846 1339 2851 ·

59 2983 98 3023 ιο
133 2939 155 3020 ι’
184 2939 229 3041 ἣν
256 2940 325 3040 ἤδη
352 2938 483 3024 πάντες
510 2943 563 3021 ἐπ’
592 2943 722 3022 ἐκεῖνον
749 2938 920 3044 ἐβάδιζον,
949 2945 1006 3021 καὶ
1034 2940 1076 3021 τδ
1106 2941 1148 3020 δι’
1180 2943 1306 3024 ὕδατος

109 3064 221 3164 μόνον
238 3063 521 3168 παρατρέχοντες
539 3061 744 3162 βάπτισμα,
764 3069 815 3171 τῷ
834 3064 996 3170 θειοτεριρ
1020 3067 1077 3143 καὶ
1100 3062 1306 3172 τελειοτέρερ
1341 3131 1345 3153 ,

109 3188 333 3295 προσῄεσαν,
352 3193 403 3295 τῷ
420 3186 478 3269 διὰ
499 3188 709 3287 Πνεύματος
727 3189 854 3289 Ἀγίου
872 3187 1022 3287 δηλαδή.
1181 3200 1184 3208 ’

1318 3347 1473 3403 ο165Δ.

210 3452 253 3518 ‘0
280 3451 316 3517 ὲκ
344 3456 401 3518 τοῦ
430 3452 569 3540 οὐρανοῦ
596 3451 772 3539 ἐρχόμενοι
800 3450 914 3516 ἐπάνω
940 3449 1074 3515 πάντων
1101 3447 1198 3514 ἐστίν.

108 3691 113 3702 ·
166 3638 284 3711 Τοῦτο
315 3637 489 3734 μαρτυρεῖ
513 3630 567 3711 ότι
599 3632 767 3730 πλείστη,
795 3634 921 3738 φησὶν,
950 3631 1008 3709 καὶ
1037 3626 1253 3730 ἀσύγκριτος
1283 3628 1305 3727 ἡ

52 3791 95 3852 25
109 3753 265 3861 διαφορά
290 3761 364 3838 τοῖς
389 3750 462 3834 αἰπδ
487 3757 550 3852 τῆς
575 3758 642 3854 γῆς
668 3753 760 3857 πρὸς
783 3755 847 3834 τὸν
865 3754 1002 3833 ἄνωθεν
1020 3750 1077 3831 καὶ
1096 3750 1140 3857 ἐξ
1154 3751 1306 3854 ούρανοῦ

107 3879 371 3976 καταβαίνοντα
389 3875 484 3957 Θεὸν
503 3875 634 3980 Λόγον.
669 3883 698 3957 εί
724 3876 774 3977 μὴ
802 3875 983 3958 διδάσκειν
1004 3874 1198 3982 ἀξιόχρεως
1224 3874 1304 3976 ἐγὼ,

147 4125 172 4165 2.
184 4104 338 4177 ἰσομέτροις]
351 4112 380 4170 4
391 4104 436 4160 οὖν
447 4123 471 4159 a.
508 4103 604 4158 statim
616 4104 749 4176 ἐνεργήσει
763 4104 821 4161 Ba.
832 4103 914 4159 Cord.
925 4103 970 4160 Cr.
982 4103 1120 4174 ἐνεργῆσαι
1131 4101 1183 4157 Ed.
1251 4120 1277 4168 4.
1289 4103 1305 4156 δ

104 4188 279 4249 asumptum
292 4195 324 4231 ex
338 4177 372 4230 B.
385 4175 459 4230 deest
470 4175 498 4229 in
511 4174 630 4231 Catenis.
673 4178 814 4244 ,συμβόλου
828 4177 864 4231 Ι).
876 4176 966 4230 invitis
981 4174 1097 4228 Catenis.
1203 4187 1229 4243 5.
1248 4173 1304 4227 ἐπι·

108 4250 211 4321 τρίψας
237 4247 401 4316 ἐπιστρέψας
414 4243 509 4316 Cord.]
524 4249 577 4301 τοῖς
588 4246 778 4316 παιδευομένοις
789 4245 841 4300 hoc
852 4245 945 4300 ordine
960 4244 1016 4299 B.a.
1030 4242 1111 4298 Cord.
1219 4242 1244 4296 6.
1261 4264 1304 4296 πι-

108 4319 213 4376 στεύειν
251 4336 283 4372 .a.
298 4317 379 4372 Cord.
391 4316 544 4372 πιστεύσειν
556 4316 607 4372 Ed.
759 4330 783 4387 7.
802 4315 967 4388 καταχρὴσας
979 4313 1060 4369 Cord.
1073 4335 1136 4368 κατα
1153 4315 1241 4382 ρόαας
1254 4311 1305 4367 Ed.

111 4391 265 4446 Lectionem
277 4406 332 4443 var.
345 4388 373 4442 in
385 4406 410 4442 a.
422 4388 523 4441 nullam
536 4387 658 4443 indicavi.
699 4439 703 4446 ,
733 4404 773 4497 1ηὲ
792 4386 873 4458 πέραν
886 4386 918 4441 Β.
932 4387 959 4442 ἐν
971 4388 1006 4460 τῷ
1018 4384 1099 4454 πέραν
1111 4336 1162 4438 Εδ.
1208 4383 1306 4467 &spru

110 4509 131 4585 ᾧ
145 4512 177 4566 Β.
292 4528 337 4584 ιη.
357 4511 398 4565 ἐπὶ
411 4509 509 4566 τούτοις
523 4509 556 4566 Β.
674 4510 714 4564 18.
734 4472 793 4578 ⁷)va
806 4507 839 4563 Β.
