3038 5018
253 285 318 347 208
557 285 596 350 B.
620 283 827 349 CYRILLI
857 280 1143 348 ALEXANDR.
1353 278 1388 343 ii.
1405 298 1456 359 14.

253 446 356 528 αὐτά·
388 450 634 530 συνανέκειντο
660 448 731 552 γάρ
755 456 828 533 τοῖς
853 449 1078 547 ἑστιωμένοις
1104 452 1136 526 οἱ
1161 443 1258 547 άγιοι
1282 442 1452 542 μαθηταί·

254 574 312 650 καῖ
338 577 401 672 τῆς
427 574 522 657 θείας
548 578 606 652 καὶ
630 577 867 672 πνευματικῆς
889 570 1180 677 συμμεθέξουσιν
1205 571 1338 671 ἑορτῆς,
1361 565 1457 646 καθά

254 700 312 775 καῖ
350 695 455 781 αὐτάς
492 732 564 777 που
602 699 717 804 φησίν
749 709 771 744 “
784 697 873 777 Ὅτι
904 699 1040 777 πολλοὶ
1072 692 1144 775 ἀπὸ
1178 697 1364 772 ἀνατολῶν
1397 697 1457 772 καὶ

255 830 276 866 “
296 825 444 917 δυσμῶν
476 815 607 928 ἥξουσι
640 824 698 901 καῖ
729 819 1034 920 ἀνακλιθήσονται
1066 817 1156 918 μετά
1187 814 1357 917 Ἀβραάμ
1396 820 1457 894 καὶ

256 954 278 991 “
294 943 422 1024 Ἰσαάκ
454 949 512 1025 καὶ
538 944 705 1041 Ἰακάιβ,”
737 943 877 1028 οὐδενὸς
906 945 1024 1028 αὐτοῖς
1056 948 1103 1025 είς
1130 942 1305 1041 θυμηδίαν
1331 941 1491 1019 ε’λλεί·5

88 1071 397 1187 ξέ;’**”·ὶιποντος·
441 1079 462 1115 “
481 1067 702 1174 Εὐφροσύνα)
731 1067 802 1170 γάρ
831 1067 968 1150 αίιὸνιος
998 1065 1085 1169 ὑπέρ
1114 1068 1275 1171 κεφαλῆς
1304 1062 1455 1145 οὐτῶν.”

255 1190 337 1276 τοὺς
375 1192 411 1272 δὲ
448 1191 713 1291 ἀπειθήσαντας
748 1191 939 1274 Ἰουδαίους
976 1188 1097 1270 τόπων
1133 1187 1198 1287 μὲν
1235 1195 1306 1267 τῶν
1343 1189 1458 1289 ἁγίων

255 1320 410 1414 ἐκβαλεῖ
429 1317 499 1422 ἔξω
518 1316 555 1396 δὲ
575 1315 679 1415 θήσει
697 1319 760 1414 τῆς
784 1322 877 1418 ἱεραῖς
895 1321 968 1393 τῶν
987 1316 1098 1416 ἁγίων
1115 1316 1322 1415 περιβολῆς·
1353 1310 1474 1393 ἀλλὰ·

256 1444 314 1518 καὶ
337 1439 592 1541 προσάγοντας
616 1438 663 1518 τά
687 1444 735 1522 είς
759 1438 889 1535 θυσίαν
908 1440 949 1517 οὐ
967 1437 1216 1543 προσδεξεται·
1248 1433 1398 1515 κολάσει
1417 1435 1458 1514 δὲ

86 691 209 772 ὃφὸαὸὼ.

86 775 139 808 vm.
149 771 186 808 11.

257 1570 403 1662 μᾶλλον
430 1566 488 1642 καὶ
515 1563 667 1664 μάστιγι
696 1561 880 1661 ὑποθήσει,
906 1568 1042 1664 σειραῖς
1069 1567 1141 1639 τῶν
1167 1559 1300 1639 οἰκείων
1325 1568 1453 1658 πλημ-
1475 1589 1515 1630 10

258 1683 474 1785 μελημάτων
502 1685 816 1790 κατεσφιγμένους.
855 1685 959 1765 ἀκουε
986 1682 1058 1786 γάρ
1086 1683 1255 1784 λέγοντος
1283 1679 1458 1786 “”Αρατε

258 1819 281 1856 “
300 1818 412 1889 ταῦτα
438 1808 628 1906 ε’ντεῦθεν,”
651 1809 709 1888 ἵνα
736 1807 848 1889 πάλιν
872 1811 984 1887 ε’κεῖνα
1013 1813 1105 1912 νοῆς,
1129 1803 1153 1886 ά
1181 1805 1224 1906 δή
1253 1810 1311 1886 καὶ
1338 1805 1458 1887 πάλαι

92 1935 181 2062 ἓξὲξ-4·
260 1932 318 2012 διά
337 1938 459 2039 φωνῆς
477 1941 541 2013 τοῦ
560 1931 749 2039 προφήτου
774 1935 889 2039 φησὶν
906 1930 1065 2011 Ἡσαΐου
1084 1941 1106 1979 “
1118 1928 1459 2029 Ὀλοκαυτωμάτων

200 2099 204 2103 ·
230 2068 282 2129 0“
301 2064 418 2160 κριῶν,
441 2061 499 2136 καὶ
525 2056 636 2160 στέαρ
664 2060 782 2159 ἀρνῶν
807 2060 864 2136 καὶ
889 2055 977 2155 αἷμα
1000 2055 1140 2158 ταύρων
1165 2058 1223 2133 καῖ
1248 2053 1391 2158 τράγων
1413 2057 1458 2136 οὐ

260 2193 281 2230 “
298 2181 489 2280 βούλομαι,
503 2179 578 2261 οὐδ’
599 2180 643 2260 άν
659 2181 814 2285 έρχησθε
832 2182 991 2285 ὀφθῆναί
1004 2214 1077 2278 μοι.
1107 2181 1159 2262 τίς
1177 2178 1248 2281 γάρ
1266 2178 1457 2285 ἐξεζήτησε
1476 2209 1513 2269 15

259 2317 280 2352 ‘⁶
299 2313 412 2384 ταῦτα
439 2308 478 2384 ἐκ
505 2311 577 2384 τῶν
603 2311 731 2409 χειρῶν
760 2306 880 2402 ὑμῶν;
921 2312 1045 2385 πατεῖν
1074 2299 1141 2401 τὴν
1171 2302 1286 2403 αὐλήν
1314 2337 1384 2402 μου
1415 2306 1459 2383 οὐ

258 2440 280 2476 “
298 2427 571 2529 προσθήσεσθε·
614 2428 676 2507 ε’ῖιν
704 2427 833 2533 φέρητε
861 2428 1063 2527 σεμίδαλιν,
1089 2427 1251 2526 μάταιον·
1286 2429 1458 2525 θυμίαμα,

259 2564 280 2600 “
298 2550 488 2652 βδέλυγμά
512 2584 571 2648 μοι
597 2551 684 2630 έστί·
713 2551 778 2635 τάς
805 2550 989 2652 νεομηνίας
1015 2553 1113 2650 ὑμῶν
1131 2554 1189 2630 καὶ
1211 2550 1257 2630 τά
1282 2550 1460 2646 σάββατα

261 2686 282 2722 “
302 2677 361 2753 καὶ
390 2674 523 2776 ἡμέραν
550 2672 715 2775 μεγάλην
744 2677 807 2754 οὐκ
834 2676 1013 2781 ἀνέχομαι·
1048 2676 1215 2774 νηστείαν
1243 2673 1300 2754 καῖ
1328 2677 1461 2775 ἀργίαν

260 2810 282 2846 “
300 2801 357 2876 καὶ
377 2796 441 2879 τάς
460 2797 583 2897 εὀρτάς
609 2799 706 2896 ὑμῶν
724 2800 862 2899 μισεῖῆ
883 2798 987 2905 φυχή
1005 2827 1086 2896 μου·
1126 2795 1321 2899 ε’γενήθητέ
1330 2831 1390 2895 μοι
1412 2804 1460 2881 είς
1477 2835 1517 2875 20

261 2932 284 2969 “
301 2919 530 3021 πλησμονήν,
564 2921 678 3000 οὐκέτι
715 2921 841 3021 ἀνήσω
878 2921 942 3007 τοῖς
980 2924 1153 3025 ἁμαρτίας
1187 2919 1318 3022 ὑμῶν.”
1370 2921 1462 3024 ὅπερ

228 3044 394 3147 ὁάριστα
419 3044 476 3124 διά
500 3044 612 3126 τύπου
637 3046 802 3146 σημαίνει
821 3045 863 3125 τὸ
883 3049 922 3125 ἐκ
940 3047 1110 3151 σχοινίων
1128 3047 1246 3128 αὐτοῖς
1264 3043 1462 3145 ἐπινοήσας

261 3167 499 3276 φραγέλλιον·
540 3167 725 3252 κολάσεως
743 3167 814 3271 γάρ
832 3177 983 3268 σημεῖον
1001 3175 1036 3248 αἱ
1055 3167 1241 3270 μάστιγες.

301 3446 323 3480 1.
342 3427 371 3479 δὲ
401 3444 431 3480 ro
442 3428 493 3498 γὰρ
507 3425 539 3479 Β.
699 3448 725 3493 4.
744 3427 965 3496 άνακληθήσονται
979 3427 1050 3482 B.D.
1212 3446 1237 3498 9.
1256 3426 1300 3499 οὐ]
1317 3428 1414 3509 -1-γάρ
1430 3429 1464 3483 Β.

266 3514 307 3552 10.
324 3497 375 3550 imo
396 3496 450 3551 ’σει
463 3497 503 3550 καὶ
515 3497 621 3567 μάστιγι
634 3497 740 3552 inverso
753 3498 845 3551 ordine
859 3497 892 3551 B.
1014 3516 1055 3567 13.
1074 3499 1292 3566 ὁλοκαυτωμάτων
1303 3497 1383 3552 edidi.
1397 3501 1464 3553 ὁλο-

262 3567 381 3635 καύτωμα
392 3571 443 3620 τῶν
455 3566 506 3621 Ed.
545 3565 629 3637 [Alibi
643 3568 678 3620 D.
693 3567 784 3638 Cyrilli
797 3567 901 3622 codices
913 3568 982 3622 inter
993 3570 1210 3636 ὁλοκαυτωμάτων
1222 3578 1248 3622 et
1260 3570 1464 3637 ὁλοκαυτώματα

262 3639 373 3693 oscitare
386 3636 524 3691 videntur:
543 3637 602 3691 vide
614 3639 642 3690 in
655 3638 690 3691 xii
702 3638 799 3708 Proph.
810 3653 860 3709 307
869 3657 894 3702 a,
905 3640 956 3710 829
965 3657 987 3701 c,
998 3639 1044 3692 ubi
1057 3639 1116 3693 cod.
1128 3639 1159 3692 B.
1173 3642 1372 3706 ὁλοκαυτώματα
1384 3649 1465 3694 utro·

262 3727 314 3781 quo
327 3709 354 3761 in
368 3710 425 3762 loco
437 3707 560 3762 exhibet:
579 3709 606 3761 in
621 3707 717 3778 Glaph.
731 3725 762 3779 19
772 3727 795 3771 α,
810 3727 879 3762 onus
892 3728 907 3762 e
919 3708 996 3762 codd.
1010 3710 1111 3762 collatis
1124 3712 1322 3777 ὁλοκαυτώματα
1335 3708 1463 3764 exhibet:

262 3788 364 3841 contra,
379 3778 421 3832 Dc
433 3777 486 3832 Ad.
499 3795 532 3849 57
541 3777 568 3841 b,
582 3797 596 3832 o
608 3778 745 3833 codicibus
759 3779 926 3833 aThcodoro
941 3780 1030 3850 Heyse
1042 3780 1153 3844 collatis,
1166 3797 1237 3834 unus
1251 3778 1310 3833 cod.
1323 3778 1385 3833 Vat.
1398 3795 1465 3851 599.

263 3867 315 3903 sec.
328 3849 381 3902 xiv.
394 3847 562 3917 ὁλοκαύτωμα
573 3855 624 3903 τῶν
635 3847 722 3919 legio]
856 3851 897 3903 18.
917 3850 1047 3918 νεομηνίας
1061 3850 1092 3902 B.
1107 3850 1153 3919 (ci.
1167 3850 1194 3903 in
1208 3849 1244 3903 xii
1258 3849 1356 3919 Proph.
1369 3864 1424 3921 307
1438 3869 1465 3915 a,

262 3920 331 3973 inter
342 3937 411 3973 ναις.
423 3919 569 4044 lectioncsg
583 3919 716 3988 νουμηνίας
730 3919 779 3973 Εά.
837 3919 972 3991 σάββατα]
989 3926 1018 3983 ÷
1033 3921 1103 3988 ὑμῶν
1116 3920 1148 3973 Β.
1163 3920 1236 3990 (304,
1250 3935 1311 3990 305.
1324 3934 1377 3990 307
1392 3939 1465 3993 quo·

262 4008 323 4044 rum
335 4006 388 4060 304
399 4000 426 4044 et
437 4006 488 4062 307
503 3990 531 4045 S.
570 3990 636 4044 asilii
648 3989 882 4045 commentationes
895 3990 1002 4053 habent,
1015 4004 1068 4061 305
1080 3990 1222 4059 catenam).
