3038 5018
92 294 211 375 v.7,8.
278 296 335 360 IN
365 298 398 363 S.
422 298 675 364 JOANNEM.
721 299 815 363 LIB.
840 298 887 364 11.
932 297 1033 363 CAP.
1051 299 1091 361 V.
1227 298 1291 362 307

92 465 168 548 Τθῦ,
188 459 230 539 τὸ
254 459 305 560 μὴ
332 460 476 548 πάντως
502 461 566 548 τὰς
593 462 666 544 ἀπὸ
694 470 766 543 τῶν
791 462 998 562 καμνόντων
1019 463 1162 546 ἱκετείας
1189 462 1287 541 ε’κδέ-

92 587 234 685 χεσθαι,
267 585 416 691 φθάνειν
447 584 484 665 δὲ
521 587 639 666 αι’ντῶν
670 593 716 692 τῇ
749 587 1006 694 φιλανθρωπίᾳ
1034 584 1101 685 τὴν
1132 586 1287 687 αἴτησιν.

92 705 265 812 ἐπιτρέχει
297 708 371 814 γὰρ
403 715 450 794 ὡς
482 711 569 818 ὁρᾷς
599 717 651 819 τῷ
683 711 840 819 κειμένῳ,
873 714 931 791 καὶ
968 710 1193 813 κατοικτείρει
1225 709 1290 789 τὸν

93 827 274 928 κάμνοντα
292 834 556 936 παρακλήσεως
575 835 668 939 δίχα.
706 833 747 915 τὸ
775 835 812 915 δὲ
837 841 867 914 εί
891 833 1062 929 βούλοιτο
1087 838 1150 931 τῆς
1168 836 1287 937 ἀῤῥω·

60 956 198 1039 5στίας
226 956 526 1039 ἀπαλλάττεσθαι
555 965 825 1063 φιλοπευστεῖν,
849 962 891 1038 οὐ
920 962 1155 1061 διερωτῶντος
1182 957 1227 1058 ἦν
1249 958 1293 1064 ἐξ

93 1079 239 1179 ἀγνοίας
258 1079 299 1161 τὸ
316 1087 431 1161 πᾶσιν
449 1083 745 1184 ὁμολογουμένως
764 1081 978 1187 καταφανὲς,
992 1084 1076 1161 ἀλλ’
1097 1087 1145 1165 εἱς
1163 1087 1290 1183 θερμο-

92 1200 200 1304 τέραν
223 1205 471 1290 διανιστάντος
497 1208 685 1305 ἐπιθυμίαν
709 1215 773 1287 τοῦ
799 1207 1022 1310 πράγματος,
1045 1208 1103 1283 καὶ
1130 1203 1221 1308 πρὸς
1248 1205 1325 1285 τὸθ

93 1326 178 1404 λίαν
195 1329 495 1428 ἐσπουδασμένως
514 1337 622 1410 αἰτεῖν
634 1331 928 1434 παροτρύνοντος.
957 1328 999 1408 τὸ
1018 1326 1055 1408 δὲ
1073 1333 1102 1406 εί
1117 1327 1291 1422 βούλοιτο

92 1455 166 1529 τῶν
194 1452 425 1549 ποθουμένων
456 1461 575 1557 τυχεῖν
607 1456 754 1554 ἐρωτᾶν,
783 1454 943 1556 ε”μφασίν
976 1486 1055 1531 τινα
1088 1453 1146 1531 καὶ
1179 1451 1292 1553 λόγον

45 1607 81 1647 ιο
93 1575 208 1654 ὠδίυει
227 1583 290 1654 τοῦ
309 1574 484 1657 δυ’νασθαι
508 1584 721 1681 παρασχεῖν,
741 1579 891 1678 εὐτρεπῆ
916 1612 954 1657 τε
980 1575 1050 1676 ἤδη
1072 1574 1163 1678 πρὸς
1188 1584 1292 1655 τοῦτο

93 1698 272 1799 γενέσθαι,
295 1699 409 1798 μόνην
431 1700 481 1781 έτι
505 1697 739 1804 περιμένοντα
764 1709 827 1780 τοῦ
850 1701 917 1800 τὴν
940 1700 1046 1806 χάριν
1066 1698 1293 1801 κομιᾷνμένου

92 1818 160 1920 τὴν
177 1822 332 1923 αἴτησιν.

97 2054 201 2143 Κύριε,
228 2057 404 2147 ἄνθρωπον
426 2059 485 2124 οὐκ
511 2061 586 2147 ἔχω,
608 2061 660 2125 ἵνα
687 2063 767 2127 ὅταν
789 2066 933 2151 ταραχθῇ
961 2062 998 2128 τὸ
1026 2061 1125 2149 ὕδωρ,
1145 2061 1227 2148 βάλη
1252 2083 1291 2136 με

145 2178 192 2246 εἷο
214 2181 273 2248 τιὶν
294 2185 530 2273 κολυμβήθραν·
558 2185 593 2251 ἐν
613 2182 642 2271 ᾧ
661 2185 720 2274 τὰρ
744 2185 880 2274 ἔρχομαι
904 2186 978 2266 ὲςώ,
997 2187 1098 2252 ἄλλος
1123 2185 1187 2273 πρὸ
1210 2183 1322 2259 ὲμοῡα

45 2320 79 2380 ¹5
146 2309 345 2388 καταβαίνει.
390 2314 476 2387 λὲτει
499 2313 589 2397 αὐτῷ
612 2314 630 2379 ὁ
650 2313 777 2378 Ἰιιοοῦα
794 2311 950 2402 Ἔτειραι.
1306 2323 1324 2379 8

154 2471 258 2553 Κατά
276 2472 343 2574 τὴν
361 2475 494 2576 ἡμέραν
512 2480 575 2574 τῆς
594 2476 699 2577 ἁγίας
720 2480 985 2575 Πεντηκοστῆς,
1004 2475 1156 2576 ἄγγελοι
1180 2510 1289 2556 κατα-

95 2602 288 2698 φοιτῶντες
320 2601 364 2707 ἐξ
399 2602 550 2704 οὐρανοῦ
586 2599 628 2680 τὸ
666 2603 729 2700 τῆς
768 2596 1025 2700 κολυμβήθρας
1062 2597 1295 2705 ε’ξετάραττον

98 2720 202 2821 ὕδωρ,
226 2718 300 2801 εἶτα
328 2722 390 2803 τὸν
414 2727 573 2803 ἐντεῦθεν
597 2727 782 2803 ε’ποιοῦντο
810 2722 945 2802 κτύπον
970 2727 1035 2820 τῆς
1063 2724 1198 2801 ἑαυτῶν
1221 2724 1296 2801 ε’πι-

95 2845 253 2929 στασίας
280 2844 344 2926 τὸν
367 2846 516 2948 κήρυκα.
555 2847 679 2926 καὶτὸ
705 2845 770 2946 μὲν
795 2847 889 2945 ὕδωρ
914 2848 962 2929 ὡς
988 2846 1033 2952 ἐξ
1055 2847 1167 2946 ἁγίων
1189 2877 1296 2924 πνευ-

45 2999 83 3041 20
96 2967 220 3066 μάτων
255 2970 428 3073 ἡγιάζετο·
473 2977 503 3049 εί
539 2970 580 3048 δέ
610 3004 663 3053 τις
700 2969 792 3076 έφθη
828 2967 1087 3070 προκατελθὼν
1122 2972 1185 3065 τῆς
1222 2973 1296 3047 τῶν

97 3091 302 3174 νοσούντων
325 3095 499 3195 πληθύος,
524 3092 566 3174 τὸ
595 3097 797 3188 συνθλίβον
822 3090 930 3171 αὐτὸν
958 3091 1323 3199 ἀποφορτισάμενοςο
1343 3114 1461 3174 2οη

95 3215 259 3310 ἀνέβαινε
277 3216 403 3315 πάθος,
423 3225 471 3302 είς
494 3218 555 3298 ἕνα
577 3218 615 3298 δέ
636 3217 746 3316 μόνον
764 3216 828 3295 τὸν
845 3216 1122 3320 προαρπάζειντα
1140 3249 1291 3312 συνεμε-

96 3347 213 3442 τρεῖτο
232 3345 294 3439 τῆς
315 3344 503 3445 θεραπείας
525 3343 547 3441 ἡ
570 3345 728 3440 δύναμις.
769 3343 853 3420 ἀλλ’
874 3339 995 3441 ἦνκαὶ
1019 3347 1125 3420 τοῦτο
1147 3346 1296 3438 σημεῖον

97 3468 161 3562 τῆς
187 3467 228 3544 δι’
249 3465 417 3567 ἀγγέλων
440 3471 584 3566 νομικῆς
609 3466 783 3571 ὠφελείας
808 3467 863 3571 ἐφ’
884 3465 999 3544 ἓνκαὶ
1025 3463 1136 3561 μόνον
1157 3462 1199 3541 τὸ
1224 3470 1297 3541 τῶν

45 3609 83 3667 25
96 3589 278 3668 Ἰουδαίων
300 3588 404 3689 γένος
427 3589 675 3687 ε’κτεινομένης,
701 3588 819 3690 ἕτερον
842 3587 879 3667 δέ
903 3589 955 3668 ἐπ’
976 3588 1096 3671 αὐτοῖς
1122 3592 1293 3689 θεραπευ·

98 3711 211 3805 ου’σης
236 3711 373 3792 οὐδένα.
415 3711 486 3793 ἀπὸ
510 3712 582 3815 γὰρ
601 3710 682 3791 Δάν
700 3715 763 3810 τῆς
789 3712 1010 3811 καλουμένης
1036 3714 1093 3790 καὶ
1112 3709 1177 3793 ἕως
1196 3716 1293 3812 Βηρ·

98 3834 211 3930 σαβεέ
230 3833 277 3916 τά
294 3835 352 3916 διά
368 3837 556 3920 Μωυσέως
573 3838 738 3917 έλαλεῖτο
756 3833 1033 3938 προστάγματα,
1046 3834 1297 3933 διακονηθέυτα

97 3961 142 4039 δι’
175 3959 344 4062 ἀγγέλων
373 3962 410 4038 έν
440 3958 512 4060 ὄρει
547 3964 638 4066 Σινᾷ
668 3957 759 4039 κατὰ
791 3956 855 4043 τάς
887 3958 1018 4060 ἡμέρας
1050 3962 1115 4054 τῆς
1148 3957 1298 4057 ὕστερον

99 4084 307 4187 ὁρισθείσης
330 4083 433 4187 ἀγίας
453 4087 717 4183 Πεντηκοστῆς.
756 4080 813 4162 διὰ
838 4082 910 4185 γάρ
934 4115 989 4161 τοι
1015 4085 1210 4178 ταῦτακαὶ
1234 4082 1298 4178 τῆς

135 4322 161 4376 6.
180 4321 386 4393 ὁμολογουμένου
400 4322 431 4377 Β.
541 4336 565 4393 7.
585 4322 629 4376 τὸν
641 4339 689 4392 pro
701 4324 730 4374 τὸ
744 4321 802 4375 λίαν
817 4320 848 4375 Β.
969 4337 1009 4390 13.
1027 4317 1296 4387 βόληΒ.Ι).ε’μβάλη

100 4393 128 4446 D
142 4410 197 4461 mg.
211 4391 261 4447 Ed.
394 4411 433 4463 19.
455 4395 489 4450 ὡς
501 4403 669 4463 assumptum
681 4411 713 4449 ex
728 4391 760 4446 Β.
887 4409 929 4446 20.
947 4390 1129 4461 προκατελθὼν
1143 4389 1175 4445 Β.
1187 4408 1298 4458 προκατ-

99 4463 187 4518 ιλθεῐν
199 4462 249 4517 Ed.
335 4479 377 4519 αι.
396 4465 540 4529 σννθλίβον
553 4463 586 4520 Β.
599 4463 739 4534 συντρῖβον
752 4461 803 4518 Ed.
885 4461 927 4518 26.
947 4462 1078 4532 Βηρσεβεί
1090 4460 1125 4516 Β.
1210 4460 1253 4514 28.
1272 4457 1300 4512 έν

100 4534 155 4604 ὄρει
167 4532 241 4607 Σινᾷ]
255 4534 282 4588 ἐν
294 4533 384 4605 ὄρεσιν
397 4534 430 4590 Β.

656 4635 743 4683 nr2
