3038 5018
103 287 171 368 i.4.
283 287 343 354 IN
372 288 407 353 S.
430 288 687 355 JOANNEM.
732 289 828 355 LIB.
852 291 880 356 Ι.
925 290 1131 359 CARVII.
1261 296 1304 358 83

110 601 296 686 Ἀποδείξεις
318 607 368 673 διὸ
389 611 614 689 συλλογισμῶν,
635 608 682 672 ὅτι
705 611 778 673 κατὰ
799 610 893 691 φῦσιν
915 608 1014 693 ἔτερος
1034 612 1052 674 5
1073 609 1207 694 φωτίζων
1225 607 1297 676 ‘rme

451 718 534 800 παρᾶ
554 717 610 798 τὴν
631 718 832 801 φωτιζομένην
853 721 957 785 κτίσιν.

163 907 209 981 Ei
227 903 266 981 ἐν
281 910 357 987 τοῖς
374 904 580 1006 λεγομένοις
600 907 620 985 5
639 904 760 1008 Λόγος
777 904 822 1007 ἦν
841 909 889 991 ὡς
908 913 987 1013 φῶς
1004 905 1096 987 κατὰ
1115 905 1229 1013 φύσιν
1247 904 1307 986 διὰ

102 1029 260 1130 μετοχῆς
277 1033 351 1112 τοῖς
369 1029 473 1108 οῦσιν
490 1028 615 1109 ἑαυτὸν
633 1026 839 1132 ἀναμιγνὺς,
855 1031 972 1135 ἕτερος
994 1030 1065 1135 όίρα
1082 1033 1161 1111 ἐστὶ
1178 1037 1251 1110 τῶν
1268 1033 1341 1113 ἐνᾶ

70 1146 159 1233 δαίς
176 1144 264 1229 εῖναι
281 1150 497 1233 πιστεύεται.
531 1154 551 1233 5
571 1151 694 1253 δὲτὴν
712 1152 827 1260 φῦσιν
845 1151 962 1257 ἕτερος
980 1151 1042 1253 ὢν,
1059 1152 1083 1255 ἢ
1101 1152 1189 1258 ὅπερ
1206 1156 1307 1234 ἐστὶν

103 1271 129 1371 ἡ
153 1269 356 1376 μετέχουσα
380 1275 489 1355 αὑτοῦ
515 1277 574 1354 καὶ
599 1275 820 1382 φωτιζομείη
849 1277 975 1375 κτίσις,
999 1282 1077 1362 πῶς
1102 1277 1165 1357 οῦκ
1187 1273 1233 1356 ἂν
1255 1276 1308 1377 εἴη

105 1394 238 1475 λοιπὸν
256 1396 277 1474 5
297 1396 385 1501 ὑπὲρ
402 1394 522 1479 πάντα
541 1395 657 1497 Θεόςς

162 1549 264 1596 mo.
293 1525 339 1601 Εῖ
357 1527 437 1628 φῶς
456 1520 548 1602 κατὰ
566 1521 680 1629 φῦσιν
698 1521 786 1602 ὄντα
807 1522 871 1602 τὸν
889 1523 979 1603 Υῖὸν
996 1525 1035 1603 ἐν
1053 1530 1127 1606 τοῖς
1150 1529 1309 1626 γενητοῖς

106 1645 157 1729 ὧς
186 1643 336 1749 γενητὸν
369 1644 389 1723 5
422 1643 598 1751 θεομάχος
630 1641 723 1723 εἷναί
752 1651 858 1753 φησι,
888 1644 935 1726 τὰ
966 1643 1089 1753 φωτὸς
1120 1645 1310 1746 δεδεημένα

55 1805 94 1846 ιο
107 1765 319 1874 φωτίζοντα·
361 1773 505 1870 πρῶτον
534 1766 600 1866 μὲν
629 1765 734 1852 αὑτὸς
766 1767 936 1875 ὑπάρχων
966 1771 1004 1849 ἐν
1032 1770 1146 1878 ἐαυτῷ
1178 1764 1309 1870 νοηθῆ·

107 1924 222 1988 σεται,
240 1886 315 1970 εἶτα
333 1887 425 1991 πρὸς
444 1891 568 1999 τούτῳ,
586 1893 645 1970 καὶ
663 1889 769 1976 αὑτὸς
793 1894 919 1972 ἑαυτοῦ
943 1893 1095 1997 μέτοχος
1120 1891 1233 1990 ἐσται,
1252 1893 1311 1972 καὶ

108 2020 198 2120 φῶς,
223 2012 321 2118 ε’ίπερ
349 2011 399 2093 οῦν
422 2016 460 2094 ἐν
486 2021 560 2098 τοῖς
586 2021 756 2116 γενητοῖς,
781 2013 830 2098 εἷς
857 2018 916 2095 καὶ
944 2016 964 2094 5
991 2012 1097 2099 αὑτὸς
1124 2015 1169 2122 ἐξ
1193 2016 1311 2095 αὐτῶν

108 2135 281 2242 ὑπάρχειν
306 2135 616 2244 ὑποληφθήσεται.
656 2139 740 2216 ἀλλ’
768 2141 834 2245 ὁρᾷ
860 2173 932 2219 πον
959 2135 1102 2223 πάντως
1129 2140 1150 2218 5
1178 2172 1339 2221 πεπτω-ο

108 2260 274 2360 δενμεῦος
292 2269 314 2308 ‘⁴
324 2257 390 2360 τὴν
408 2261 556 2363 καρδίαν
575 2263 612 2340 ἐν
629 2260 777 2367 σοφίρ,”
790 2259 884 2342 καθὰ
902 2261 1113 2366 γέγραπται,
1129 2259 1222 2362 ὅσην
1238 2259 1310 2366 ἔχει
1354 2258 1451 2374 {jum

56 2380 175 2483 ῐὸτὴν
204 2382 357 2463 ἀτοπίαν
385 2383 428 2463 τὸ
461 2386 554 2464 οὑτω
585 2390 688 2463 νοεῖν.
741 2384 868 2464 οὑκοῦν
897 2389 927 2464 εί
960 2390 1138 2485 μεθεκτῶς
1169 2386 1208 2463 ἐν
1236 2390 1310 2469 τοῖς
1358 2402 1396 2439 ¹²·

107 2513 268 2607 γενητοῖς
295 2507 396 2588 ἐστιν
424 2507 444 2586 5
473 2503 636 2613 φωτίζων
663 2505 753 2586 αὐτὰ
783 2504 913 2610 Λόγος,
942 2509 1006 2589 οῦκ
1034 2510 1174 2592 ἐντοῖς
1203 2505 1306 2607 μετέ-

108 2661 218 2734 χονσι
252 2630 312 2709 καὶ
344 2629 594 2738 φωτιζομένοις
622 2629 725 2709 ἐσται
753 2634 812 2709 καὶ
840 2630 955 2731 αὑτὸς,
983 2632 1069 2712 ἀλλ’
1098 2631 1215 2734 ἕτερος
1243 2633 1308 2731 δη·

108 2749 233 2831 λονότι
256 2753 340 2856 παρ’
366 2755 490 2834 ἐκεῖνα.
530 2759 560 2832 εί
586 2753 624 2832 δέ
650 2759 766 2851 τοῦτο,
786 2754 849 2833 οῦκ
874 2754 945 2859 ἄρα
970 2752 1129 2858 γενητὸς,
1152 2756 1237 2836 ἀλλ’
1262 2756 1311 2840 ὡς

109 2879 190 2981 φοῦς
209 2874 300 2955 κατὰ
318 2874 445 2982 φύσιν,
465 2880 523 2955 καὶ
543 2875 635 2960 Θεὸς
652 2877 691 2955 ἐν
708 2883 783 2960 τοῖς
801 2875 922 2984 φωτὸς
940 2879 1129 2977 δεομένοις.

55 3040 96 3083 20
165 3029 267 3077 κιικο.
296 3004 342 3078 Εἰ
359 2997 410 3098 μὴ
429 2999 468 3078 ἐκ
486 3002 550 3099 τῆς
572 2999 696 3082 οὐσίαις
722 3007 787 3078 τοῦ
806 3003 902 3079 Θεοῦ
926 3000 986 3079 καὶ
1005 2998 1150 3103 Πατρός
1172 3002 1272 3080 ἐστιν
1290 3001 1311 3080 5

108 3121 208 3222 Υἱὸς,
226 3121 360 3229 ἔξωθεν
380 3121 419 3202 δέ
443 3119 551 3201 αὑτὸν
576 3124 651 3201 κατ’
676 3120 826 3204 ἐκείνους
853 3120 1048 3223 ὑπέστησε,
1069 3120 1217 3225 γεννητὸς
1242 3122 1343 3227 ἆραιι
1382 3150 1426 3206 ⁵0
1437 3149 1479 3205 A.

109 3246 190 3325 ἐστὶ
227 3249 286 3326 καὶ
321 3243 568 3345 πεποιημένος·
616 3250 694 3328 ποῦς
731 3244 794 3325 οῦν
826 3245 865 3324 ἐν
900 3250 975 3330 τοῖς
1011 3244 1202 3349 γεγονόσιν
1234 3247 1313 3326 ἐστὶ

111 3368 277 3476 φωτίζων
295 3365 412 3465 αὑτοῖς
445 3370 483 3448 τί
498 3367 536 3448 δέ
553 3367 596 3447 τὸ
619 3367 800 3474 ἐξαίρετον
819 3368 857 3447 ἐν
876 3373 921 3474 τῇ
947 3370 1023 3475 θείᾳ
1049 3367 1158 3476 φύσει
1183 3365 1314 3450 λοιπὸν

110 3490 334 3595 εῦρήσομενς
363 3489 386 3592 ἢ
403 3498 481 3576 πῶς
507 3493 527 3570 5
553 3489 769 3598 σοφώτατος
786 3490 1001 3599 ψαλμιρδὸς,
1020 3495 1068 3575 ὡς
1087 3489 1314 3599 ἇξιοίγαστόν

57 3641 99 3703 25
112 3647 148 3695 τι
166 3619 282 3721 φησὶν
300 3617 358 3696 ἐπὶ
376 3624 440 3695 τοῦ
459 3611 551 3695 κατὰ
570 3614 685 3720 φύσιν
703 3612 805 3698 ὄντος
825 3619 921 3695 Θεοῦ
940 3626 962 3662 “
977 3618 1043 3695 Ἐν
1061 3623 1112 3724 τῷ
1131 3619 1229 3724 φωτί
1243 3650 1314 3696 σου
1358 3620 1480 3738 {am

113 3748 136 3786 ‘⁴
155 3735 322 3845 ὀψόμεθα
348 3744 426 3844 φιῦς
440 3740 471 3834 ;”
507 3741 537 3817 εῖ
562 3735 633 3841 γὰρ
658 3735 807 3840 γενητὸς
832 3736 1002 3845 ὑπάρχων
1022 3741 1042 3818 5
1059 3738 1147 3823 Υἱὸς
1173 3738 1315 3844 φωτίζει

111 3859 160 3944 τὰ
184 3860 313 3959 πάντα,
332 3858 500 3960 ἐαυτὴνὴ
526 3862 641 3946 κτίσις
667 3867 802 3967 φωτιεῖ,
820 3859 1005 3967 χρῄζουσα
1028 3865 1200 3961 μηδαμῶς
1224 3858 1316 3963 πρὸς

112 3993 219 4065 τοῦτο
248 3994 313 4064 τοῦ
341 3982 562 4085 ποιήσαντος
590 3990 700 4064 Θεοῦ.
750 3983 851 4064 οὑδέν
880 3985 942 4064 οῦν
970 3987 1040 4089 ἄρα
1067 3982 1110 4064 τὸ
1137 3983 1250 4065 πλέον
1276 3986 1316 4064 ἐν

113 4112 198 4216 Θεηῖ
215 4105 314 4212 παρὰ
331 4106 397 4208 τὴν
416 4107 545 4205 κτίσιν,
563 4109 699 4211 ἐνεργεῖ
721 4106 759 4187 δέ
784 4109 852 4213 οὑχ
869 4105 1017 4208 ἦττονῆ
1039 4110 1087 4192 ὡς
1105 4103 1150 4187 ἂν
1169 4106 1315 4207 δύνηται

150 4372 178 4427 8.
196 4371 259 4427 ὄντα
271 4370 335 4424 κατὰ
346 4369 430 4442 φῦσιν
441 4371 547 4426 inverso
559 4369 652 4425 ordine
665 4368 698 4423 B.
870 4383 911 4421 12.
930 4367 1045 4437 γενητοῖς
1058 4366 1091 4421 Β.
1103 4366 1249 4437 γενομένοις
1262 4364 1315 4421 Ed.

114 4445 130 4497 ὁ
143 4450 313 4512 assumptum
325 4459 358 4495 ex
370 4441 404 4497 B.
578 4458 620 4507 ιη.
638 4439 702 4493 καθὰ
715 4438 748 4493 Β.
762 4437 844 4494 καθὼς
857 4435 909 4490 Ed.
1089 4450 1129 4505 15.
1147 4437 1269 4507 μεθεκτὸς
1281 4435 1315 4492 Ε.

116 4529 160 4583 ²3·
178 4513 324 4584 φωτίζοντα
337 4511 371 4567 Β.
516 4529 558 4578 24.
577 4514 592 4565 ό
604 4517 772 4580 assumptum
785 4526 817 4563 ex
831 4506 935 4563 B.D.E.

692 4610 754 4660 M
