3038 5018
243 271 307 333 488
545 271 1137 339 B.0YR1LL1ALEXANDR.
1265 268 1310 333 vi.
1323 267 1380 354 38,
1392 286 1449 353 39.

245 432 353 513 αὐτοῦ
381 435 512 520 δειλίας
536 435 785 535 αἰσθάνεσθαι·
818 438 877 518 διά
895 447 1000 519 τοῦτο
1019 435 1239 541 θερμοτάτην
1257 440 1331 516 τοῖς
1351 436 1448 534 εἰρη-

243 555 362 656 μένοις
388 556 558 663 ἐπήνεγκε
586 557 653 660 τὴν
679 562 890 666 ἀπολογίαν·
924 560 1155 662 ἠσθενηκέναι
1183 557 1247 657 μέν
1276 554 1351 660 γὰρ
1379 553 1450 654 τὴν

243 678 364 784 σάρκα
392 682 451 762 διά
477 684 519 766 τό
548 687 638 792 αὐτῇ
666 685 804 790 πρέπον
822 690 880 767 καὶ
906 684 1017 793 φύσει
1041 681 1183 788 προσὸν
1204 681 1323 762 εἶπόν·
1355 677 1449 781 πρό-

243 809 358 904 θυμον
377 807 410 887 δ’
431 808 494 887 οὐν
512 806 609 908 ὅμως
628 811 799 916 ὑπάρχειν
817 809 859 892 τὸ
878 819 1027 909 πνεῦμα,
1045 807 1088 889 τό
1106 812 1233 888 ποθεῖν
1250 803 1353 884 οὐδέν
1372 807 1451 881 τῶν

213 928 460 1011 θάδικοόντων
478 930 577 1017 εἶδός·
606 935 691 1041 ὁρᾷς
719 933 815 1020 ὅπως
840 933 1043 1034 ἀβοόλητος
1068 937 1120 1039 τῷ
1141 933 1294 1036 Χριστῷ
1319 926 1382 1006 διά
1406 955 1485 1015 res

242 1050 309 1153 τὴν
331 1052 452 1159 σάρκα
480 1060 538 1137 καὶ
565 1055 631 1156 τὴν
655 1061 693 1139 ἐκ
721 1066 785 1138 τού
812 1055 950 1143 πάθους
977 1056 1126 1163 ἀδοξίαν
1154 1057 1174 1135 ό
1202 1050 1355 1135 θάνατος
1382 1047 1446 1148 ἦν·

243 1176 393 1277 θελητύς
421 1181 455 1257 δ’
475 1180 538 1260 οὐν
562 1180 668 1279 ὅμως,
687 1181 791 1287 ἀχρις
815 1181 860 1261 ἀν
882 1188 931 1265 εὶς
955 1180 1076 1260 α’ίσιον
1100 1175 1306 1285 διεξάγηται
1331 1174 1450 1276 πέρας

242 1305 294 1410 τῷ
322 1297 450 1411 κόσμιρ
476 1306 585 1384 παντὶ
612 1304 654 1385 τύ
682 1307 719 1385 έν
747 1307 888 1412 εὐδοκία
913 1313 978 1386 τοῦ
1008 1301 1165 1408 Πατρός,
1192 1300 1394 1395 τουτέστιν,
1425 1297 1450 1396 ἡ

242 1420 389 1505 πάντων
409 1429 572 1531 σωτηρία
599 1431 657 1508 καὶ
685 1428 780 1533 ζωή;
811 1425 835 1529 ἢ
863 1427 936 1533 γάρ
965 1429 1044 1533 οὐχὶ
1069 1424 1212 1508 πάντως
1240 1422 1359 1524 δήπου
1385 1424 1450 1501 καὶ

243 1550 388 1648 ἀληθῶς
412 1549 454 1630 τὸ
477 1560 637 1632 τοιοῦτον
654 1553 739 1653 ἡμῖν
757 1552 1036 1652 κατασημαίνων
1055 1553 1190 1654 ὁρᾶται,
1209 1549 1299 1628 τιύτο
1323 1545 1450 1647 λέγων
1465 1579 1500 1622 ιο

243 1669 331 1753 εἶναι
356 1673 393 1754 τύ
417 1671 549 1777 θέλημα
571 1680 626 1758 τιύ
646 1675 789 1785 Πατρὶς,
805 1678 862 1757 ‘im
886 1683 959 1756 τῶν
976 1672 1262 1777 προσαγομένων
1280 1667 1450 1774 ἀπολέσῃ

242 1798 364 1900 μηδὲν,
382 1807 467 1882 ἀλλ’
487 1805 661 1910 ἀναστόση
681 1804 761 1885 αὐτδ
785 1807 869 1918 ἑντῇ
893 1800 1023 1916 ἐσχάτη
1048 1799 1173 1910 ἡμέρας
1203 1802 1252 1884 ὡς
1276 1794 1350 1899 γὰρ
1374 1795 1449 1895 ἤδη

73 1910 157 2037 ξξξῗ,
209 1922 453 2029 medam
473 1927 765 2035 πραοοάξρρρ,
786 1931 834 2012 ὡς
860 1925 931 2032 ζωῇ
956 1929 1016 2005 καὶ
1035 1928 1176 2027 Σωτῆρι
1201 1927 1253 2030 ρρ
1271 1924 1445 2028 Χριστῷ,

242 2045 307 2129 τύν
325 2048 414 2153 ζωῆς
439 2052 498 2130 καὶ
522 2051 702 2154 σωτηρίας
726 2053 847 2132 ἐπιδεᾶ
864 2046 1096 2152 προσκομίζει
1116 2046 1375 2153 φιλάνθρωπος
1396 2040 1450 2123 ἀν

243 2172 266 2253 ό
283 2171 377 2258 Θεὸς
395 2176 453 2253 καὶ
473 2173 614 2279 Πατήρ.
1464 2210 1497 2271 15

297 2297 405 2376 Ἀλλ’
435 2297 651 2398 αἰσθάνομαι
678 2298 791 2380 πάλιν
820 2299 1006 2408 ἀπᾴδοντα
1033 2299 1152 2400 λέγων
1179 2299 1231 2403 τῷ
1258 2296 1322 2393 τῆς
1353 2293 1451 2392 ἅλη-

81 2490 84 2505 ,
183 2494 186 2499 4
243 2420 340 2504 θείας
376 2422 502 2530 ε’χθρῷ.
554 2425 839 2526 συγκατανεύσει
875 2421 942 2524 μὲν
975 2422 1045 2526 γάρ
1082 2429 1157 2505 τοῖς
1194 2417 1324 2522 ἀρτίως
1361 2415 1453 2514 ij

243 2543 433 2646 ἀρημένοις
461 2547 637 2643 οὐδαμῶς·
673 2546 871 2649 ἀναβοήσει
899 2546 938 2627 δέ
965 2546 1144 2649 μέγακά
1172 2539 1391 2643 διαπρόσιόν
1417 2572 1453 2618 τι

244 2665 425 2770 κεκραγὼς
461 2668 629 2776 ἀφίξεται
668 2676 744 2751 Ποῖ
752 2738 753 2742 ¹
783 2671 827 2771 δὴ
872 2672 986 2752 πάλιν
1022 2669 1107 2769 ἡμῖν
1140 2668 1381 2770 περιπλανᾷς,
1423 2658 1454 2742 ὦ

244 2791 357 2890 οὗτος,
386 2791 433 2872 τά
464 2793 686 2896 θεωρήματα,
718 2798 776 2875 καὶ
806 2792 1062 2877 πολυπλόκους
1091 2791 1156 2890 μέν
1185 2793 1334 2871 ἐπινοεῖς
1367 2821 1454 2888 νοη-
1467 2829 1501 2870 ιο

244 2913 368 3013 μάτων
397 2917 628 3024 ἐπεισφοράς,
656 2918 811 3025 ἐξέλκεις
845 2917 882 2998 δέ
915 2923 978 3018 τῆς
1011 2918 1179 3016 ἀληθείας
1210 2911 1274 2993 τὸν
1307 2908 1454 3014 λόγον;

215 3041 406 3147 θέρυθριᾷς
433 3039 471 3121 δέ
499 3040 589 3122 κατά
617 3040 660 3122 τό
685 3040 776 3126 εἰκός
801 3044 1039 3142 ὁμολογῆσαι,
1060 3042 1165 3144 φησὶ,
1184 3039 1250 3137 τὴν
1274 3033 1456 3117 ἀκούσιον

245 3161 429 3266 ὑποταγὴν
447 3173 511 3245 τοῦ
529 3170 630 3246 Υἰού.
670 3165 693 3267 ἢ
720 3165 792 3268 γάρ
818 3168 882 3246 οὐκ
907 3164 1010 3245 ἕσται
1036 3166 1095 3244 καὶ
1119 3162 1178 3242 διά
1203 3158 1341 3241 τούτων
1365 3162 1456 3260 ἡμῖν

245 3285 456 3394 καταφανές,
475 3286 531 3368 ότι
555 3288 724 3396 κατάρξει
749 3288 814 3387 μὲν
838 3287 944 3373 αὐτὸς
969 3291 1026 3368 καὶ
1052 3284 1297 3390 καθηγῆσεται
1321 3289 1391 3384 τῆς
1416 3288 1456 3366 ἐν

244 3417 318 3494 τοῖς
345 3410 558 3513 πράγμασιν
586 3412 785 3512 οἰκονομίας
813 3415 987 3512 οὐδαμῶς,
1015 3409 1195 3492 ὑπόκειται
1228 3410 1266 3490 δὲ
1299 3415 1454 3508 μᾶλλον
1465 3445 1498 3504 ²5

245 3540 318 3617 τοῖς
336 3532 518 3634 θελήμασι
534 3544 598 3615 τοῦ
619 3534 786 3639 Πατρός;
817 3533 888 3616 οἶδε
907 3534 978 3638 γάρ
995 3537 1107 3619 οὐτως
1125 3531 1251 3614 ἑαυτὸν
1269 3538 1333 3633 τῆς
1358 3532 1453 3639 πρός

245 3655 354 3737 αὐτόν
372 3657 537 3757 ἰσότητος
555 3659 768 3759 ἡττώμενον,
787 3664 836 3743 ὡς
857 3663 915 3739 καὶ
934 3658 1197 3762 ἀναγκάζεσθαι
1214 3658 1352 3761 τρόπον
1371 3659 1453 3740 τινὰ

246 3783 304 3861 καὶ
322 3779 370 3860 τά
387 3779 585 3881 ἀνεθέλητα
607 3788 788 3863 ποιεῖσθαι
806 3780 956 3883 θελητά,
977 3784 1036 3862 καὶ
1055 3782 1224 3892 πράττειν
1242 3784 1284 3861 οὐ
1302 3783 1451 3867 πάντως

246 3903 287 3985 τὸ
314 3906 411 4013 αὐτῷ
435 3910 571 4004 δοκοῦν,
591 3905 692 3986 ἀλλά
718 3912 865 4006 μᾶλλον
883 3905 925 3986 τό
950 3912 1002 4014 τῷ
1025 3907 1155 4008 Πατρί.
1196 3906 1255 3985 καὶ
1282 3904 1334 4004 μὴ
1365 3906 1451 4010 λέγε

285 4167 309 4205 2.
328 4152 375 4220 μὲν
386 4168 440 4206 om.
455 4150 522 4204 Cod.
534 4150 631 4205 Vienn.
680 4152 775 4206 Statim
788 4152 838 4223 γὰρ
851 4161 1020 4222 assumptum
1033 4169 1065 4205 ex
1079 4149 1162 4206 Cone.
1306 4152 1331 4206 ⁶.
1353 4151 1387 4220 ἦν
1399 4171 1454 4209 om.

248 4220 331 4274 Cone.
435 4222 623 4345 73ssufcigra2
637 4222 719 4276 Cone.
734 4221 874 4304 Coletied3
941 4293 948 4313 Ι
983 4222 1009 4276 8.
1030 4222 1222 4309 “ιι1.ποντδς”
1237 4219 1289 4302 Εᾲ.
1302 4239 1362 4314 mg.
1375 4225 1453 4278 mi

247 4290 423 4346 habetconc.
460 4310 541 4358 ηοω.
579 4291 767 4348 ‚habet00nc.
805 4293 899 4346 Statun
913 4314 1014 4347 παντων
1023 4313 1138 4361 σωτηρια
1150 4292 1201 4347 hoc
1214 4290 1307 4346 ordme
1318 4293 1409 4349 bone.
1421 4294 1454 4350 B.

248 4380 272 4431 9.
293 4360 434 4433 xa'aprius]
449 4368 477 4424 †
494 4361 507 4430 ἡ
523 4361 573 4416 Εδ.
587 4364 670 4417 invito
684 4364 767 4418 Cone.
816 4362 899 4432 δήπου
910 4364 1011 4420 πάντως
1022 4363 1128 4417 inverso
1141 4361 1234 4416 ordine
1248 4360 1281 4416 B.
1361 4382 1404 4419 11.
1423 4368 1454 4419 τὸ

247 4447 302 4485 om.
317 4431 349 4485 B.
470 4449 510 4501 13.
529 4433 732 4501 προεδιδάξομεν
746 4433 807 4489 B.D
820 4453 852 4488 ex
864 4451 932 4488 corr.
945 4433 1128 4504 προεδείξαμεν
1142 4433 1177 4488 D.
1191 4432 1243 4487 Ed.
1292 4438 1404 4508 Χριστῷ
1421 4435 1453 4491 Β.

248 4502 300 4572 m
314 4501 366 4556 Ed.
461 4503 501 4557 18.
520 4502 673 4573 διαπύρσιον
687 4504 719 4558 Β.
810 4521 852 4559 22.
872 4504 899 4558 δέ
914 4504 946 4559 Β.
959 4505 1009 4576 γὰρ
1023 4504 1074 4561 Ed.
1165 4504 1208 4559 28.
1224 4504 1256 4558 τδ
1268 4521 1325 4560 om.
1341 4503 1377 4560 B.
