3038 5018
89 295 155 361 viii.
172 316 221 381 15.
281 300 337 364 IN
368 300 401 364 S.
426 300 679 364 JOANNEM.
725 301 820 365 LIB.
838 301 879 365 V.
925 299 1099 366 CARII.
1224 302 1287 364 719

89 461 299 563 ἀνθρώπους
324 463 478 566 ἀγάπην,
496 466 581 544 ἀλλ’
602 468 644 544 οὑ
663 464 721 545 διὰ
739 474 845 545 τοὺτο
863 470 927 564 τῆς
946 472 1164 568 θεοπρεποῦς
1182 463 1286 569 ἀξίας

90 584 219 686 ἕρημος
247 584 297 666 ὧν
324 587 598 690 γνωσθήσομαι·
633 587 726 687 με’νω
760 588 798 669 δὲ
830 587 943 670 πόλιν
972 587 1059 691 ὅπερ
1093 589 1163 686 είμὶ
1195 584 1316 669 κατὺιο

91 707 217 814 φύσιν,
254 710 420 791 τουτέστι
454 712 557 796 Θεὸς.
614 712 794 820 ἀπόδειξις
832 711 870 793 δὲ
907 713 1033 792 τούτου
1070 707 1206 816 σαφὴς,
1244 707 1287 788 τὸ

90 832 215 914 είδέναι
234 838 299 916 ποὺ
316 835 457 938 ὑπάγω·
489 835 720 938 ἀναβήσομαι
746 836 817 941 γάρ
842 844 889 921 είς
914 832 1084 939 οὑρανοὺς
1109 833 1200 936 πρὸς
1224 833 1288 913 τὸν

59 956 135 1063 se}
151 957 260 1062 οὗπέρ
279 965 348 1056 εἶμι
368 962 525 1062 Πατέρα.
559 960 648 1064 ’όπερ
666 958 763 1061 οἶμαι
782 961 872 1068 φαίη
892 995 945 1044 τις
964 958 1009 1040 ἀν
1028 960 1092 1039 οὑκ
1109 957 1289 1065 ἀνθρώπῳ

90 1081 237 1183 πρέπειν
259 1084 309 1162 ἑνί
337 1090 410 1163 τῶν
432 1087 512 1166 καθ’
538 1086 640 1185 ἡμᾶς,
658 1082 759 1165 ἀλλά
783 1091 834 1192 τῷ
861 1083 951 1164 κατὰ
978 1083 1093 1190 φύσιν
1116 1087 1211 1189 θεῷ,
1230 1087 1288 1161 καὶ

90 1208 120 1282 εί
147 1205 293 1307 γε’γονεν
306 1207 517 1311 ἅνθρωπος.
559 1211 685 1289 οὑκοὺν
709 1207 751 1289 τὸ
779 1208 844 1309 μὲν
868 1204 943 1289 σίδαι
971 1204 1066 1288 πόθεν
1084 1209 1163 1305 είμί,
1181 1203 1223 1285 τὸ
1252 1207 1289 1283 ἐκ

89 1334 154 1406 τοῦ
174 1327 319 1432 Πατρὺς
345 1329 435 1410 κατὰ
461 1331 576 1443 φύσιν
595 1329 681 1412 εἶναι
709 1332 772 1412 τὸν
789 1331 880 1412 Υίίνν
899 1330 1150 1412 ὑπαινίττεται·
1181 1326 1223 1409 τὸ
1250 1328 1294 1408 δέ

91 1454 162 1531 Πιὺ
186 1451 324 1555 ὑπάγω,
343 1460 561 1557 θεοπρεποῦς
584 1452 649 1555 μίν
671 1455 837 1563 ἐξουσίας
861 1454 1041 1561 ἐπίδειξις.“
1076 1453 1192 1532 ἀνεισι
1216 1450 1317 1556 γάρο
1336 1485 1407 1538 490
1412 1484 1456 1572 ρ.

45 1606 77 1646 ιο
91 1576 137 1659 ὡς
158 1574 251 1660 θεὸς
275 1575 393 1658 ἑπάνω
419 1585 492 1657 τῶν
510 1579 679 1683 οὐρανῶν,
698 1582 746 1662 ὡς
769 1580 789 1658 ὑ
811 1576 959 1662 Παὺλὺς
977 1584 1105 1683 φησιν·
1136 1574 1289 1675 ἀπειλὴν
1334 1559 1446 1675 lEsshw.

91 1701 124 1779 δ’
155 1700 218 1779 οὖν
245 1699 351 1798 ὅμως,
378 1706 407 1780 εί
435 1704 494 1781 καὶ
524 1703 565 1782 οὑ
592 1700 740 1808 σφόδρα
768 1708 910 1807 σαφῶς,
935 1708 980 1808 τῇ
1008 1707 1081 1781 τῶν
1107 1699 1289 1779 Ἰουδαίων

90 1822 296 1924 ἀνοσιότητι
322 1825 535 1926 πρέπουσαν
562 1826 645 1931 ἔχει.
693 1829 742 1910 ὡς
769 1825 841 1929 γὰρ
869 1825 960 1906 ὅσον
981 1825 1119 1906 οὑδίπω
1146 1820 1289 1906 πάντως

89 1946 155 2047 μὲν
185 1948 483 2049 ἀπαναστήσεται
516 1958 580 2029 τοῦ
612 1949 735 2051 γε’νους
768 1951 895 2048 αὑτῶν,
928 1952 966 2028 ἐν
995 1947 1132 2031 τούτοις
1165 1948 1289 2049 ὑρᾶται

89 2070 218 2171 λε’γων,
252 2074 289 2150 ἐν
320 2071 446 2179 ἐρημίᾳ
484 2072 521 2153 δὲ
557 2081 621 2153 τοὺ
657 2074 752 2153 θείου
787 2074 908 2180 φωτὸς
938 2069 1220 2167 καταλελοιπὼς,
1253 2073 1290 2149 ἐν

45 2218 76 2279 ¹5
89 2196 217 2301 ἀγνοιᾳ
235 2197 293 2274 καί
313 2194 435 2303 σκότῳ
454 2202 562 2291 βαθεῖ
576 2198 745 2298 γενέσθαι
763 2194 1045 2298 παρασκευάσει,
1063 2194 1152 2295 ὅπερ
1171 2195 1291 2278 αὑτοῖς

89 2319 127 2395 ἐν
166 2318 295 2420 ἑτέροις
331 2317 560 2425 σαφέστερον
594 2322 758 2426 φαίνεται
792 2321 934 2400 διειπών
968 2330 989 2366 “
1002 2317 1102 2402 Ἕως
1140 2316 1211 2420 γάρ
1247 2316 1289 2397 τὸ
1334 2320 1455 2451 ἕψω·

90 2452 112 2488 “
131 2447 210 2546 φῶς
229 2442 336 2547 ἔχετε,
356 2447 461 2548 φησί,
479 2450 702 2547 περιπατεῖτε
722 2446 760 2523 ἐν
777 2449 829 2551 τῷ
846 2445 950 2551 φωτί,
969 2442 1093 2542 ἵναμὴ
1112 2441 1135 2540 ἡ
1159 2442 1289 2521 σκοτία

91 2575 113 2612 “
132 2567 222 2664 ὑμᾶς
239 2566 466 2672 καταλάβη.”

195 2779 309 2860 Ὑμεῖς
336 2784 417 2850 κατὰ
446 2784 504 2851 τείν
532 2787 636 2876 σάρκα
665 2786 800 2876 κρίνετε,
825 2786 892 2861 ἐτὼ
919 2784 1020 2876 κρίνω
1046 2784 1176 2852 οὐδένα.
1304 2798 1342 2858 15

45 2985 77 3026 ιο
145 2948 453 3056 Ἀξιεραστοτοίτη
489 2951 663 3052 πραότητι
699 2950 813 3032 πόλιν
849 2949 913 3031 τὸν
950 2949 1119 3030 ἀπόντων
1153 2949 1289 3051 Κύριον

90 3074 380 3180 ἀποκεχρημίνον
397 3073 607 3177 εὑρήσομεν·
639 3076 680 3153 οὑ
705 3074 777 3177 γὰρ
804 3071 1042 3174 ίσοστάθμοις
1064 3075 1188 3176 ὀργαῖς
1206 3071 1289 3159 τοὺς

90 3203 372 3304 δυσφημοῦντας
390 3197 498 3278 αὑτὸν
517 3200 777 3297 ἀνταμείβεται,
797 3201 910 3279 καίτοι
928 3196 1058 3301 πικράς
1075 3194 1151 3302 ᾔδει
1173 3231 1283 3296 μετα·

90 3329 194 3427 σχεῖν
224 3323 437 3428 ὀφείλοντας
470 3322 582 3405 δίκας·
626 3320 726 3401 ἀλλά
757 3318 840 3408 τοὺς
871 3329 944 3403 τῶν
974 3329 1104 3425 ίατρῶν
1137 3323 1283 3402 ἐπιεικε-

89 3447 239 3548 στέρους
265 3447 550 3545 ἀπομιμούμενος
577 3445 718 3530 δικαίως
740 3443 785 3525 ἀν
804 3443 902 3545 οἶμαι
918 3449 986 3527 κάν
1004 3446 1118 3554 τούτῳ
1143 3443 1284 3544 θαυμαί-

45 3594 76 3655 ι5
91 3568 196 3672 ζοιτο.
246 3574 279 3649 οί
309 3568 374 3668 μίν
404 3568 476 3673 γὰρ
509 3568 573 3655 τὰς
605 3576 678 3649 τῶν
710 3569 994 3676 ἀῤῥωστοὺντων
1024 3571 1218 3671 ὀλιγωρίας
1249 3570 1288 3648 ἐν

90 3697 203 3775 οὐδενί
220 3693 400 3778 πολλάκις
419 3696 573 3773 τίθενται
596 3692 707 3801 λόγῳ,
727 3695 1015 3802 ἀνεξικακοὺντες
1039 3691 1078 3774 δὲ
1102 3691 1285 3793 τληπαθέ-

90 3851 209 3897 στατα
247 3815 359 3897 πάλιν
391 3816 510 3901 αὐτοῖς
543 3818 729 3919 ε’πίκουρον
759 3825 943 3898 ποιοῦνται
974 3816 1040 3917 τὴν
1072 3816 1212 3920 τέχνην,
1243 3813 1286 3895 τὸ

88 3936 249 4044 πεφυκὸς
276 3942 378 4018 ἀνιᾶν
402 3939 642 4044 ἀφανίζοντες,
667 3942 723 4018 καὶ
752 3938 1075 4042 διαλοιδορούμενοι
1104 3940 1185 4020 ἔσθ’
1210 3938 1317 4037 ὅτε,.ο

88 4061 132 4143 τὸ
155 4070 352 4142 συντελοὺν
376 4069 424 4146 είς
451 4064 571 4164 ὑγείαν
592 4061 822 4170 ἐξηγούμενοι
848 4062 1107 4162 μεταπείθουσί
1128 4097 1206 4147 πως
1230 4065 1288 4143 ε’πὶ

45 4206 77 4264 30
89 4187 132 4269 τὸ
165 4190 254 4289 δρᾶν
286 4187 492 4287 ἐπείγεσθαι
523 4185 569 4266 τά
602 4186 849 4292 συμφέροντα,
882 4191 939 4267 καί
972 4191 1035 4287 τῆς
1073 4186 1185 4266 νόσου
1221 4173 1288 4286 τὴν

128 4408 169 4446 11.
182 4393 213 4460 τῇ
227 4387 378 4445 emendavit
392 4387 481 4444 Holut.
493 4390 568 4444 etita
581 4406 605 4444 c.
619 4387 701 4443 Cord.
714 4389 760 4458 τὴν
774 4389 806 4444 Β.
882 4404 923 4444 12.
935 4390 1031 4445 παντὸς
1043 4407 1067 4444 c.
1143 4402 1183 4459 15.
1195 4388 1289 4460 βαθείᾳ

91 4461 124 4517 B.
137 4462 226 4516 invitis
239 4478 263 4516 c.
276 4459 359 4515 Cord.
478 4474 518 4514 1¹¹.
537 4459 552 4527 ἡ
565 4465 735 4529 assumptum
748 4477 781 4513 ex
795 4460 828 4513 Β.
933 4476 988 4515 ,τα
1008 4461 1055 4529 ἤδη
1068 4459 1175 4531 conjicit
1190 4459 1289 4530 Heyse.

91 4550 134 4601 24.
153 4533 254 4587 δικαίως
267 4529 416 4585 emendavit
430 4529 478 4584 Ht.
491 4495 588 4585 δίκαιος
602 4531 634 4585 Β.
647 4531 744 4586 δίκαιον
756 4530 828 4585 Αυί).
