3038 5018
237 279 302 341 490
542 275 580 338 Β.
604 272 816 338 CYRILLI
845 271 1134 337 ALEXANDR.
1264 271 1305 334 vi.
1319 270 1374 356 38,
1387 288 1444 354 39.

237 440 538 545 ἐφησυχάζοντες,
573 437 615 518 τὸ
647 440 729 541 περὶ
761 437 829 538 τὴν
860 438 961 544 λέξιν
993 437 1192 544 ἀδιάφορον
1224 437 1265 515 οὐ
1297 431 1448 516 πάντως

220 592 227 629 -'
238 562 510 667 ἐβασανίζομεν.
549 558 668 661 ἐπειδὴ
690 561 727 643 δέ
745 561 836 658 μετά
857 566 1002 662 πολλῆς
1017 596 1122 645 τινος
1146 564 1211 660 Τῆς
1232 557 1448 657 κακοηθείας

237 684 570 791 προκεκομισμένην
596 686 744 786 ὁρῶμεν,
766 686 969 787 ἀναγκαίως
996 681 1346 790 ἀντιταξάμεθατῇ
1374 686 1445 761 δυ-

240 808 343 909 νάμει
379 817 443 890 τοῦ
479 809 607 911 Ἀγίου
645 808 867 907 Πνεύματος,
900 811 958 887 καὶ
996 809 1038 887 οὑ
1075 815 1149 892 τοῖς
1182 808 1325 887 ἐνοῦσιν
1357 807 1447 905 ἡμῖν

209 932 493 1039 θθαρσῆσαντες
511 929 646 1034 λόγοις.
685 931 850 1032 μάλιστα
868 930 933 1031 μέν
953 930 1024 1033 γάρ
1050 933 1114 1012 οὐκ
1139 931 1341 1028 ἀπολύτως,
1360 928 1480 1010 οὐδέὸ

239 1063 288 1143 είς
306 1065 432 1138 πᾶσαν
449 1058 577 1141 ἁπλῶς
596 1056 779 1153 ὑπόθεσιν,
791 1056 876 1134 ἀλλ’
893 1054 972 1135 οὐδὲ
991 1056 1049 1136 ἐπὶ
1066 1055 1201 1140 παντὸς
1218 1053 1446 1158 πράγματος,

238 1179 290 1281 μὴ
315 1179 434 1282 πάντη
457 1215 497 1260 τε
524 1182 581 1260 καὶ
607 1177 751 1263 πάντως
775 1185 848 1258 τῶν
866 1180 1002 1259 οἰκείων
1021 1178 1168 1283 ἔχεσθαι
1188 1178 1446 1278 θελημάτωνό

238 1303 328 1391 Υἱὸς
360 1306 621 1409 διισχυρίσατο,
651 1300 816 1410 φυλάξαι
849 1303 963 1403 γεμὴν
992 1301 1034 1382 τὸ
1066 1310 1130 1382 τοῦ
1164 1301 1310 1406 Πατράς
1342 1300 1445 1405 λέγει

240 1426 333 1510 κατὰ
348 1426 562 1532 πράγματος
585 1424 796 1530 ὡρισμένου,
816 1425 875 1504 διὰ
900 1423 965 1509 τάς
990 1423 1071 1522 σάς,
1091 1421 1138 1510 ὥς
1164 1460 1206 1528 γε
1232 1461 1293 1523 μοι
1316 1428 1442 1529 πρόσ-

239 1585 320 1632 εστι
339 1559 440 1649 νοεῖν,
455 1551 713 1653 εὖρεσιλογίας,
726 1549 934 1651 προνοήσας
952 1554 1016 1649 τῆς
1032 1549 1205 1652 ἡμετέρας
1222 1551 1444 1656 ἀσφαλείας,
1463 1584 1502 1624 ιο

240 1678 289 1760 ὡς
312 1672 417 1760 Θεός.
460 1673 624 1774 ὑπομένει
651 1672 690 1753 δὲ
719 1671 761 1752 τὸ
789 1672 1006 1774 ἀβούλητον,
1025 1676 1083 1753 καὶ
1110 1680 1261 1753 ποιεῖται
1287 1671 1446 1773 θελητὸν

239 1800 282 1878 δι’
317 1798 421 1898 ἡμᾶς·
467 1797 582 1882 πάθος
621 1795 662 1876 δέ
695 1803 789 1904 φημι
821 1795 863 1878 τὸ
901 1798 959 1876 ε’πὶ
994 1799 1047 1904 τῷ
1082 1804 1240 1904 σταυρῷ,
1274 1796 1446 1897 δηλονότι

238 1921 448 2024 συναρέσαν
480 1923 572 2002 οὕτω
609 1925 667 2001 καὶ
704 1927 755 2028 τῷ
791 1919 1019 2023 γεννήσαντι,
1053 1918 1214 2024 καθάπερ
1251 1921 1335 2021 ἡμῖν
1373 1921 1445 2020 ἤδη

72 2071 139 2127 884
146 2069 187 2129 A.
208 2045 457 2150 οπροείρηται.
496 2050 555 2125 καὶ
580 2053 670 2149 γοῦν
689 2044 832 2152 ἔξεστιν
850 2046 938 2148 ὁρᾶν
959 2052 1225 2148 παρατεθεῖσαν
1247 2043 1350 2129 εὐθὺς
1375 2044 1446 2144 τὴν

238 2168 432 2276 ἀπόδειξιν,
455 2173 513 2250 καὶ
541 2165 801 2272 παρακειμένην
819 2171 984 2272 ’ἐναργῶς
1008 2167 1075 2267 τὴν
1101 2168 1285 2268 ὑπόθεσιν,
1303 2170 1361 2273 ἐφ’
1382 2167 1442 2269 ἣν,
1464 2203 1501 2263 15

239 2291 401 2395 καθάπερ
428 2292 535 2377 αὐτός
563 2299 669 2398 φησι,
693 2298 766 2371 τῶν
790 2289 856 2391 μέν
881 2293 1018 2372 οἰκείων
1039 2292 1180 2391 ἀπέστη
1193 2369 1195 2373 ,
1208 2293 1443 2394 θελημοίτων,

239 2415 503 2520 ἀποπληροῖδέ
522 2412 563 2497 τὸ
582 2423 647 2495 τοῦ
666 2413 822 2517 Πατρός.
851 2417 943 2496 τοῦτο
961 2414 1034 2517 γάρ
1053 2417 1122 2496 ἐστι
1142 2419 1237 2521 φησὶ
1255 2414 1292 2497 τά
1309 2413 1448 2522 θέλημα

239 2539 295 2618 τιῧ
313 2539 447 2648 Πατρὶς
463 2540 519 2619 ’ίνα
541 2541 647 2619 πῖινῧ
673 2533 799 2619 ἀιθωιιί
822 2575 880 2643 μοι
905 2538 953 2645 μη
980 2539 1143 2619 ἀπολίπω
1169 2540 1204 2646 ἒξ
1230 2542 1329 2620 αὐτοῦ
1354 2547 1446 2621 ἀλλ’

239 2664 419 2754 ἀναστήσω
442 2665 522 2743 αὐτὶ
545 2663 585 2772 τῇ
608 2659 740 2776 ἐσχάτη
764 2661 879 2772 ἡμέρα.
917 2665 977 2740 καὶ
1006 2660 1060 2742 ὅτι
1089 2661 1154 2761 μέν
1176 2663 1287 2747 ὅντως
1313 2666 1443 2746 ἀνεθέ-

206 2858 213 2863 ,
240 2782 354 2883 λητόν
371 2818 409 2865 τε
428 2786 518 2883 ὁμοῦ
536 2786 595 2864 καὶ
613 2784 768 2884 θελητὸν
785 2790 837 2891 τῷ
858 2790 1062 2888 Μονογενεῖ
1076 2784 1118 2866 τὸ
1138 2787 1195 2866 ε’πὶ
1218 2793 1269 2894 τῷ
1293 2794 1448 2896 σταυρῷ
1463 2822 1500 2870 το

73 2909 196 3040 ξὲξζμ
239 2904 355 2992 πάθος
392 2908 528 3011 ὁρᾶται,
558 2908 766 3010 προείρηται
798 2905 865 3006 μέν
897 2908 966 3009 ἤδη
1003 2915 1151 3014 σαφῶς,
1186 2908 1449 3014 διαληψόμεθα

123 3013 131 3035 ’
206 3028 279 3111 b&
311 3033 370 3111 καὶ
402 3033 548 3116 ἐσαῦθις
580 3030 852 3135 ἀκριβεστέραις
883 3030 1048 3134 ἐρεύναις,
1076 3040 1150 3116 τοῖς
1182 3034 1450 3140 ἐντευξομένοις

239 3156 438 3238 ἁπλοῦντες
453 3152 519 3255 τὴν
537 3152 720 3254 ἀλήθειαν.
756 3158 950 3253 βαδωῦμαι
968 3154 1007 3235 δέ
1024 3155 1198 3260 πρότερον
1216 3159 1274 3237 ἐπὶ
1292 3157 1450 3260 ζήτησιν

239 3281 303 3377 τῆς
321 3277 516 3379 λεγομένης
532 3277 618 3379 παρ’
636 3279 734 3376 ὑμῶν
748 3279 942 3380 ὑποταγῆς,
951 3279 1254 3382 προϋποκειμενου
1273 3282 1448 3380 δηλονότι

240 3401 299 3479 καὶ
326 3398 587 3484 ἀνενδοιάστως
615 3401 906 3502 ὁμολογουμένου
933 3400 1018 3504 παρ’
1042 3404 1150 3502 ὑμῶν,
1176 3402 1230 3484 ὅτι
1254 3405 1448 3513 συντρέχει
1461 3447 1498 3507 25

239 3526 304 3622 τῆς
331 3522 436 3625 ἀγίας
460 3523 617 3626 Τριάδος
644 3528 693 3608 είς
719 3524 804 3623 μίαν
826 3523 968 3625 βουλήν
991 3560 1030 3606 τε
1058 3529 1116 3611 καὶ
1145 3526 1292 3630 γνώμην
1315 3531 1370 3616 ἀεὶ
1398 3529 1447 3611 τά

195 3722 213 3734 ,,
240 3644 440 3746 θελήματα·
471 3646 682 3749 λεγέτωσαν
699 3648 818 3729 τοίνυν
835 3649 921 3750 ἡμῖν
939 3655 972 3731 οἱ
996 3653 1102 3731 δεινοὶ
1120 3657 1310 3758 σοφισταὶ,
1328 3653 1442 3736 πότε·

239 3768 305 3874 ρόν
322 3804 411 3851 ποτε
435 3772 545 3878 ἐντῷ
568 3775 632 3870 τῆς
659 3773 841 3875 ὑποταγῆς
865 3774 1017 3873 ὀνόματί
1039 3809 1077 3855 τε
1102 3778 1162 3855 καὶ
1186 3775 1374 3879 πράγματι
1401 3780 1445 3860 τὸ

279 3973 303 4010 1.
321 3955 367 4010 τὸν
378 3972 427 4026 pro
438 3956 469 4012 τὸ
483 3955 516 4011 Β.
640 3973 666 4028 3.
684 3960 948 4030 προσκεκοσμημένην
962 3960 995 4016 Β.
1053 3960 1245 4030 ἀντιταξίιμεθα
1259 3962 1292 4016 Β.
1304 3962 1444 4036 ἀντιταξό-

230 4025 305 4098 Ιμεθιι
318 4024 370 4080 Ed.
442 4046 468 4094 4.
487 4025 559 4098 ἡμῖν]
573 4026 601 4082 ἐν
612 4027 672 4096 ἡμῖν
686 4028 718 4083 Β.
781 4044 877 4102 45-τ3.
897 4030 972 4086 Haec
984 4030 1192 4087 citatconc.iii.
1206 4032 1302 4088 Conut.
1315 4044 1445 4107 utsupra

239 4096 292 4152 col.
305 4097 367 4166 833.
380 4095 422 4152 ed.
437 4095 533 4161 coleti,
544 4107 571 4152 et
584 4097 653 4152 Cod.
664 4097 762 4153 Vienn.
775 4117 857 4171 supra
869 4102 913 4157 cit.
925 4102 973 4156 sol.
984 4118 1043 4170 104.
1129 4117 1153 4173 7.
1175 4102 1250 4159 Haec
1261 4105 1345 4174 πάντη
1356 4128 1388 4160 τε
1400 4109 1444 4162 καὶ

239 4176 379 4237 assumpta
390 4184 422 4222 ex
436 4167 521 4223 Cone.
534 4185 615 4238 supra
627 4169 672 4223 cit.
834 4188 860 4241 9.
878 4175 1009 4239 πρόσεστι
1023 4173 1107 4228 Cone.
1119 4176 1231 4243 πάρεστι
1245 4176 1316 4229 δοκεῖ
1328 4175 1360 4230 Β.
1375 4199 1444 4247 παρ·

239 4237 302 4306 ίστη
316 4236 368 4291 Ed.
478 4255 520 4293 10.
537 4238 686 4310 ἀσφαλείας
700 4239 784 4295 conc.
798 4240 830 4295 B.
843 4243 934 4312 φιλίας
947 4242 998 4297 Ed.
1106 4257 1147 4311 15.
1167 4243 1443 4315 ίγνῦοοα.Β.ᾔΕά.

241 4355 282 4411 16.
299 4355 363 4429 τῶν]
377 4322 459 4413 KB.
507 4357 608 4426 ἀπέστη
620 4357 869 4428 θελημάτωνῦοιιο.
884 4361 934 4415 Ed.
948 4362 1043 4417 ἀπίστι
1055 4365 1149 4419 λοιπὸν
1162 4363 1195 4418 Β.
1299 4381 1342 4434 19.
1361 4366 1442 4440 αὐτὸ]

240 4431 270 4486 4
284 4425 314 4479 ἐν
327 4427 358 4480 Β.
372 4426 554 4483 conciliorum
567 4427 619 4492 ed„
633 4428 680 4484 sed
693 4431 721 4484 ἐν
732 4449 787 4486 non
799 4431 880 4487 habet
893 4430 961 4487 cod.
971 4432 1070 4489 vienn.
1161 4451 1204 4490 αι.
1224 4435 1341 4493 εἶσουθις
1354 4437 1445 4494 Cone.

239 4511 282 4562 ²4·
301 4497 360 4563 ὑμῖν
373 4496 414 4560 B„
428 4498 475 4553 sed
488 4497 565 4554 hicne
577 4516 611 4554 an
625 4517 652 4554 v.
661 4505 722 4572 ειμι
