3038 5018
226 285 293 347 564
531 285 570 350 Β.
594 284 801 350 cYRILLI
830 282 1116 353 A'LEXANDR.
1329 273 1433 346 5068·

194 457 249 524 ‹1“
269 449 327 526 καὶ
351 447 443 545 μετὰ
467 457 580 530 ταῦτα
604 453 746 553 ἀπῆραν
764 456 797 533 οἱ
822 453 889 532 υἱοὶ
906 450 1069 556 Ἰσραήλ·
1100 452 1159 532 καὶ
1186 451 1231 529 ἐν
1254 451 1312 555 τῷ
1338 443 1432 553 τόση

227 582 249 617 “
268 571 311 651 οῦ
336 570 381 652 ἀν
402 574 492 674 ἔστη
519 576 542 675 ἡ
570 574 716 681 νεφέλη,
739 578 812 656 ἐκεῖ
830 573 1078 680 παρενέβαλον
1102 579 1137 656 οἱ
1160 576 1235 655 υἱοὶ
1258 567 1431 674 Ἰσραήλ·

60 704 181 820 {¹⁸¹⁰stss
228 707 250 743 “
268 695 327 775 διὰ
353 697 636 800 προστάγματος
659 701 795 802 Κυρίου
821 701 1014 804 ἀποροῦσι.
1054 701 1113 779 καὶ
1138 694 1382 804 φυλάξονται
1404 696 1434 771 οἱ

62 810 152 900 lb219·
230 833 251 869 “
272 825 338 901 υἱοὶ
358 822 512 925 Ἰσραὴλ
537 821 604 922 τὴν
626 821 795 928 φυλακὴν
816 831 881 904 τοῦ
907 828 1004 904 Θεοῦ
1028 825 1087 903 καὶ
1110 823 1153 902 ού
1177 818 1233 921 μὴ
1256 815 1432 926 ἐξάρωσι

60 969 100 1019 ιι.
114 982 152 1020 ιο.
230 956 252 993 “
271 943 329 1024 διὰ
357 950 481 1050 φωνῆς
508 946 642 1049 Κυρίου
665 955 945 1050 ταρεμβολοῦσι
971 950 1030 1027 καὶ
1057 944 1117 1027 διά
1142 942 1463 1048 προστάγματοςὸ

231 1078 252 1116 “
275 1070 408 1170 Κυρίου
437 1071 672 1174 ἀπαροῦσιν.”
708 1072 794 1177 ὁρᾷς
820 1070 917 1156 ὅπως
938 1071 1148 1151 ἀκολουθεῖν
1165 1067 1437 1159 ἐπιτάττοντα,

230 1195 288 1272 καὶ
311 1195 545 1297 συναπαίρειν
561 1193 628 1292 μέν
645 1192 851 1300 ἀπαιρούση
874 1199 921 1300 τῇ
943 1191 1088 1302 νεφέλῃ,
1104 1183 1438 1296 συγκαταλύεινδέ

230 1313 344 1395 πόλιν
376 1318 466 1423 αι’τῇ
498 1321 556 1398 καὶ
590 1316 967 1423 συγκατευνάζεσθαις
1009 1313 1052 1398 τό
1084 1315 1156 1420 γάρ
1189 1321 1363 1397 συνεῖναι
1389 1344 1440 1417 τφ

201 1443 449 1540 οποδηγοῦντι
472 1439 654 1544 σωτήρων
679 1445 738 1521 καὶ
761 1442 842 1522 τότε
866 1440 933 1541 μὲν
956 1438 1002 1542 ἦν
1024 1446 1097 1525 τοῖς
1120 1442 1164 1547 ἐξ
1184 1436 1364 1542 Ἰσραὴλ,
1383 1436 1439 1516 καὶ

230 1564 315 1662 ἡμῖν
334 1563 372 1644 δὲ
391 1568 466 1645 νυνὶ
484 1565 527 1645 τὸ
545 1563 596 1664 μὴ
615 1563 830 1671 χωρίζεσθαι
848 1572 1024 1671 Χριστοῦ.
1062 1564 1167 1649 αὐτὸς
1193 1560 1272 1665 γὰρ
1300 1558 1351 1661 ἦν
1367 1567 1440 1646 τοῖς
1452 1588 1484 1630 ¹⁰

228 1688 473 1792 ἀρχαιοτέροις
498 1693 556 1768 καὶ
581 1692 629 1774 ὡς
652 1686 770 1790 σκηνὴ
787 1693 846 1769 καὶ
864 1689 1010 1796 νεφέλη,
1028 1690 1086 1769 καὶ
1104 1692 1153 1773 ὡς
1169 1695 1246 1790 πῦρ
1264 1685 1438 1792 μορφού·

230 1843 347 1908 μενος·
378 1810 657 1911 μετοισθήαεται
682 1813 720 1893 δὲ
746 1810 868 1911 πάλιν,
887 1815 935 1898 ὡς
960 1810 1115 1920 ε’φικτδυ,
1133 1814 1198 1910 τῆς
1224 1808 1397 1912 ἱστορίας
1420 1807 1440 1888 ό

65 1919 184 2033 ξ’ῘΜ
232 1934 344 2037 λόγος
371 1935 428 2015 ἐπὶ
456 1934 498 2014 τὸ
525 1934 774 2035 πνευματικόν.
818 1936 877 2018 ὅτε
905 1934 979 2040 γὰρ
1007 1935 1065 2036 “vj
1091 1933 1239 2041 σοφία,”
1272 1929 1373 2012 κατά
1399 1929 1441 2011 τό

232 2057 491 2159 γεγραμμένον,
520 2070 542 2105 “
555 2058 787 2166 ᾠκοδόμησεν
814 2061 922 2165 ἑαυτῇ
952 2056 1079 2158 οἶκον,”
1107 2060 1166 2138 καὶ
1196 2055 1267 2157 τὴν
1297 2058 1440 2156 ἀληθε·

232 2177 367 2280 στέραν
398 2179 531 2278 ἔστησε
565 2177 715 2279 σκηνὴν,
744 2180 920 2279 τουτέστι,
948 2177 1012 2261 τόν
1040 2180 1080 2259 ἐκ
1114 2175 1300 2280 παρθένου
1335 2174 1440 2273 ναόν,
1456 2209 1489 2270 ¹5

65 2320 184 2375 θεολ.
204 2301 480 2403 ικαταβέβηκεν
503 2307 552 2386 εἱς
577 2300 689 2401 αιἀην
710 2304 947 2406 ἀπερινοήτως
971 2337 1010 2383 τε
1035 2305 1094 2382 καὶ
1118 2306 1333 2404 θεοπρεπῶς
1358 2301 1380 2379 ό
1405 2302 1444 2380 ἐν

65 2445 190 2555 βιγνονε
235 2424 383 2508 κόλποις
413 2423 463 2504 ὧν
485 2434 549 2506 τοῦ
573 2430 669 2506 Θεοῦ
696 2430 756 2505 καὶ
776 2426 922 2530 Πατρός
940 2425 1033 2511 Θεὸς
1051 2424 1182 2528 Λόγος,
1201 2427 1261 2504 καὶ
1287 2424 1444 2527 γέγονεν

66 2523 138 2624 όιόιό.
235 2546 432 2648 ἅνθροπτος,
442 2549 500 2628 ἵνα
519 2557 591 2633 τοῖς
608 2549 674 2648 μὲν
689 2550 756 2651 ἤδη
774 2550 1068 2656 πεφωτισμένοις,
1080 2553 1138 2629 καὶ
1151 2560 1172 2597 “
1182 2550 1230 2632 ὡς
1243 2548 1287 2627 ἕν
1303 2549 1442 2655 7)μὲρῷ

67 2652 167 2702 '‘¹¹¹‘13'
234 2678 482 2772 περιπατοῦσι,
516 2673 607 2752 κατὰ
638 2671 703 2754 τὸν
732 2679 894 2772 Παῦλον,
925 2670 1061 2780 νεφέλη
1092 2673 1238 2777 γένηται
1271 2670 1441 2752 συσκιά-

233 2795 357 2897 ζουσα,
376 2800 434 2875 καὶ
460 2802 533 2875 τῶν
554 2798 599 2904 ἐξ
621 2800 807 2883 ἀσθενείας
832 2802 959 2879 παθῶν
980 2796 1044 2878 τόν
1066 2796 1235 2877 καύσωνα
1260 2796 1490 2900 παραλύει

234 2947 340 2998 ουσα·
372 2926 446 3002 τοῖς
471 2919 509 2999 δέ
536 2922 731 3023 ἀγνοοῦσιν
752 2921 805 3003 ἔτι
829 2928 888 3001 καὶ
912 2921 1168 3019 πλανωμένοις,
1185 2922 1245 2999 καὶ
1272 2921 1444 3023 καθάπερ

234 3048 272 3125 ἐν
294 3048 392 3125 νυκτὶ
421 3048 479 3124 καὶ
507 3044 629 3153 σκότιρ
657 3047 905 3145 διαιτωμένοις,
923 3053 996 3149 πῦρ
1023 3043 1280 3152 καταφωτίφιν,
1301 3047 1364 3123 καὶ
1393 3050 1444 3129 εἱς

234 3170 300 3269 τὴν
318 3178 382 3249 τοῦ
402 3168 611 3267 Πνεύματος
630 3168 727 3272 ζέσιν
744 3177 970 3269 μεταποιοῦν.
1011 3167 1162 3272 θερμοὺς
1185 3165 1258 3271 γὰρ
1277 3163 1370 3247 εἶναι
1389 3169 1443 3276 τῷ

201 3305 222 3365 b
235 3292 408 3390 πνεύματι
426 3291 509 3376 τοῦς
527 3293 629 3395 οἵπερ
647 3298 739 3373 εἰσὶν
758 3295 886 3395 ἀγαθοὶ
905 3294 1130 3391 πιστεύομεν·
1159 3288 1255 3391 οἶμαι
1275 3288 1351 3394 γὰρ
1371 3293 1443 3396 ούχ

235 3415 355 3518 ἑτέρου
379 3413 474 3499 τινός
499 3416 599 3495 ἕνεκα
626 3419 818 3521 φαίνεσθαι
844 3415 909 3515 μὲν
928 3419 984 3497 ἐπὶ
1003 3420 1067 3516 τῆς
1084 3418 1220 3515 σκηνῆς
1238 3413 1306 3513 τὴν
1325 3415 1440 3521 νεφέ·
1456 3449 1492 3509 ²5

236 3547 306 3638 ληυ
325 3540 362 3616 ε’ν
381 3537 504 3643 ἡμέρᾳ,
523 3538 564 3617 τὸ
582 3547 655 3643 πῦρ
674 3540 712 3619 δέ
734 3539 800 3640 τὴν
819 3541 938 3637 νύκτα,
957 3539 980 3641 ἢ
1002 3544 1066 3638 τῆς
1089 3541 1158 3640 ἤδη
1182 3541 1437 3640 προαποδεδο·

236 3660 342 3761 μένης
367 3660 451 3758 ἡμῖν
476 3661 636 3762 θεωρίας.
686 3669 808 3743 τοῖσδε
833 3663 984 3744 ἕπεσθαι
1009 3671 1082 3748 τοῖς
1107 3661 1442 3764 προστεταγμεῦοις

236 3784 286 3883 μὴ
311 3786 522 3883 αὐτομολεῖν
539 3789 589 3868 είς
613 3788 817 3888 ὁδοιπορίαν
834 3785 1055 3883 ἐπετόττετο,
1074 3785 1307 3887 συναπαίρειν
1325 3784 1367 3865 δὲ
1395 3791 1442 3892 τῇ

236 3915 354 4014 σκηνῇ
384 3911 443 3989 καὶ
476 3910 741 4010 συγκαταλύειν
766 3913 870 4016 αὐτῇ,
898 3909 957 3990 διὰ
984 3910 1097 3991 τύπου
1124 3907 1236 3990 πάλιν
1262 3907 1323 3988 ἵνα
1352 3915 1443 4015 νοῇς

273 4095 298 4147 8.
316 4092 694 4176 πόλιν-σνγκατευγάζεσθαι]
709 4096 749 4148 καὶ
763 4095 1014 4177 συγκατεννάζεσθαι
1025 4097 1105 4152 πόλιν
1116 4095 1181 4149 αῦτδ
1195 4093 1228 4148 Β.
1307 4095 1391 4176 8-ιο.
1411 4098 1442 4150 τὸ

237 4167 441 4232 γὰρ-Χριστοῦ
454 4174 516 4217 ειιοῑ
530 4164 680 4233 N1keph0r1
693 4165 753 4221 Cat.
764 4185 781 4220 1.
794 4183 871 4221 1221.
1010 4185 1036 4238 9.
1054 4164 1085 4233 ἦν
1097 4175 1122 4221 et
1135 4166 1176 4219 καὶ
1189 4165 1234 4218 alt.
1246 4181 1302 4218 om.
1315 4164 1441 4236 leepb.

242 4251 281 4287 ιο.
302 4238 345 4287 νίν
360 4235 390 4287 13.
405 4237 457 4287 νυνὶ
471 4234 549 4288 habet
563 4235 681 4305 Nikeph.
895 4236 936 4290 16.
954 4235 1120 4306 ἀπερινόητός
1131 4259 1160 4290 τε
1172 4237 1213 4290 καὶ
1225 4234 1371 4304 θεοπρεπές
1383 4259 1414 4291 τε
1426 4240 1442 4291 δ

238 4304 265 4356 έν
277 4308 384 4358 κόλποις
396 4327 422 4356 τε
436 4306 471 4356 διν
482 4309 528 4357 τοῦ
540 4307 637 4376 πατρὸς
649 4306 709 4360 θεοῦ
722 4307 801 4377 λόγος
816 4306 848 4361 Β.
977 4321 1020 4377 25.
1039 4307 1081 4362 ε’πὶ
1093 4310 1139 4376 τῆς
1150 4304 1257 4387 σκηνῆς]
1275 4313 1305 4369 †
1321 4307 1358 4364 ὥς
1370 4304 1443 4365 εἶδος

237 4377 316 4441 πυρὸς
330 4375 377 4429 ἕως
388 4373 456 4444 πρωῒ
471 4376 500 4427 B.
644 4377 686 4429 26.
705 4379 735 4430 τὸ
747 4395 801 4431 om.
815 4375 849 4430 Β.
987 4392 1029 4446 27.
1047 4379 1138 4433 τοῖσδε
1150 4394 1261 4433 corren-
1273 4379 1330 4434 τοῖς
1341 4377 1373 4432 δέ
1388 4379 1443 4433 Ed.

238 4445 450 4513 προτεταγμένοις
467 4446 497 4499 B.
616 4448 658 4500 28.
678 4448 844 4516 συναπαίρειν
858 4447 889 4501 Β.
903 4448 1092 4518 συγκαταλύειν
1104 4447 1156 4502 Ed.
1276 4463 1322 4520 29.
1340 4448 1445 4522 σκηνῇ]

238 4534 280 4581 γρ.
294 4513 389 4581 νεφέλη
406 4515 455 4568 Ed.
469 4533 523 4586 mg.
537 4515 583 4570 sed
597 4517 703 4572 frustra.
752 4516 829 4589 αὐτῇ]
847 4525 874 4581 -1-
890 4517 921 4572 δι’
935 4518 1014 4589 αὐτὴν
1026 4518 1078 4575 Ed.
1091 4519 1174 4576 invito
1187 4518 1220 4573 B.
