3038 5018
219 294 284 358 234
521 290 559 354 B.
583 289 793 353 CYRILLI
825 290 1110 354 ALEXANDR.
1242 287 1286 351 iii.
1301 286 1353 363 26,
1369 299 1421 364 27.

220 491 294 542 τοις
312 461 345 536 οῖ
364 455 455 559 πρὸς
474 455 585 554 μόνον
602 453 645 535 τὸ
664 458 966 554 διαλοιδορεῖσθαι
985 457 1123 557 γοργοῖ,
1143 457 1201 533 καὶ
1226 458 1274 535 είς
1297 456 1426 531 πᾶσαν

220 578 442 679 ἑτοιμότατοι
466 579 694 681 κακουργίαν·
733 583 792 658 καὶ
820 576 865 678 δὴ
892 577 956 658 τὸν
977 586 1104 658 οἰκεῖον
1128 575 1427 680 παρατρέψαντες

220 704 335 806 λόγον
359 705 545 784 ἐπαινοῦσι
572 702 615 781 τὸ
642 702 837 801 βάπτισμα
864 701 906 783 τὸ
935 701 993 782 διά
1017 708 1193 804 Χριστοῦ,
1216 698 1428 796 διακείμενα

220 825 288 927 μὲν
306 828 370 906 ούκ
393 827 519 929 ὀρθῶς,
538 825 618 906 οῦδὲ
637 828 784 926 ἀληθεῖς
801 823 966 910 ἐπαίνους
987 834 1051 906 τοῦ
1075 822 1287 928 πράγματος
1313 855 1425 900 κατα·

189 950 372 1056 δχέοντες,
400 956 449 1034 είς
481 949 519 1030 δὲ
547 949 659 1049 μόνον
685 947 728 1028 τὸ
757 954 923 1048 λυπῆσαι
953 949 1241 1056 παρωξυμμένοι,
1269 948 1328 1042 καὶ
1360 941 1463 1043 τὴν5

220 1072 320 1176 παρὰ
338 1073 487 1176 γνώμην
504 1071 739 1176 δανειῷμενοι
755 1072 940 1175 πρόθεσιν,
960 1073 1024 1157 ἕως
1042 1071 1088 1152 ἀν
1104 1073 1223 1155 αὐτοῖς
1248 1075 1296 1155 είς
1318 1069 1430 1170 ἔργον

221 1197 370 1302 ε’κτρέχη
398 1196 440 1276 τὸ
468 1196 704 1293 σπούδασμα.
735 1195 895 1298 λογικὴν
922 1195 987 1296 μὲν
1016 1196 1079 1274 οὖν
1107 1196 1272 1294 οὐδεμίαν
1300 1193 1429 1296 ἔχουσι

220 1326 402 1402 ποιεῖσθαι
429 1317 496 1419 τὴν
520 1317 714 1426 ἀπόδειξιν,
739 1321 824 1398 ἀλλ’
850 1319 930 1399 οὐδὲ
957 1323 995 1399 ἐκ
1023 1326 1095 1398 τῶν
1121 1325 1223 1422 ἱερῶν
1248 1314 1429 1411 λαβόντες

223 1440 447 1547 γραμμάτων
465 1450 713 1546 συιηγοροῦσι
732 1449 899 1551 Χριστῷ·
929 1441 1041 1523 πόθεν
1059 1441 1131 1547 γὰρ
1149 1443 1171 1544 ἡ
1191 1439 1334 1538 τοιαύτη
1353 1444 1431 1521 τοῖς

223 1565 447 1651 ἀπαιδεύτοις
476 1566 650 1663 σύνεσις;
695 1569 806 1646 ἐκεῖνο
838 1566 876 1647 δὲ
908 1566 1020 1666 μόνον
1047 1572 1095 1651 είς
1127 1565 1327 1661 βεβαίωσιν
1354 1567 1431 1639 τῶν
1450 1594 1484 1633 ιο

215 1689 361 1769 οἰκείων
392 1688 631 1795 προΐσχονται
663 1690 799 1792 λόγων,
831 1689 874 1770 τὸ
906 1693 1033 1790 κομὶδῖγ
1066 1682 1132 1789 μὲν
1161 1686 1249 1768 εῖναι
1280 1691 1431 1789 βραχεῖς

195 1814 364 1920 οάριθμηῖ
391 1811 474 1896 τοῦς
498 1811 649 1918 Ἰωάννῃ
677 1813 980 1917 προστρέχοντας,
1003 1809 1182 1916 ἀγεληδὸν
1207 1809 1245 1891 δὲ
1271 1807 1432 1910 βαδίζειν

224 1938 283 2017 ἐπὶ
311 1934 489 2039 Χριστόν.
535 1933 649 2043 ᾤοντο
675 1934 749 2038 γάρ
776 1935 865 2020 ἰ’σως
891 1934 990 2017 πολύ
1017 1935 1060 2037 δὴ
1089 1937 1173 2015 λίαν
1193 1934 1432 2040 ἀφραίνοντες

223 2058 290 2158 τὴν
312 2061 368 2138 ε’πῖ
395 2060 448 2166 τῷ
476 2058 653 2139 δύνασθαι
682 2065 782 2138 νικᾶν
807 2062 1080 2158 ἀποκομιεῖσθαι
1105 2063 1247 2166 ψῆφον,
1270 2058 1330 2135 καὶ
1354 2060 1432 2136 τοῖς

224 2190 379 2280 νομικοῖς
406 2183 718 2287 περιῤῥαντηρίοις,
746 2185 796 2266 ὡς
829 2181 897 2282 ἤδη
929 2181 1197 2286 κεκρατηκόσιν,
1224 2177 1484 2263 &navensi-15

223 2305 347 2407 ζεσθαι
385 2310 448 2405 τῆς
485 2301 653 2386 Ἰωάννου
690 2303 818 2410 χειρὸς,
856 2308 894 2385 ἐν
929 2307 1094 2405 ἀμείνοσι
1132 2306 1252 2388 θέντες
1288 2299 1331 2382 τὸ
1370 2300 1432 2380 διά

224 2434 390 2533 Χριστοῦ
426 2435 500 2511 τοῖς
530 2437 750 2532 προσιοῦσιν
786 2429 882 2536 αὐτῷ
920 2428 1187 2532 χορηγούμενον
1218 2425 1428 2525 βάπτισμα.

224 2554 283 2630 καὶ
307 2559 469 2630 λυποῦσι
494 2550 559 2649 μὲν
582 2550 693 2635 ὅντως
719 2552 813 2651 τοῦς,
837 2550 928 2655 πρὸς
955 2552 1016 2637 οῦς
1039 2552 1127 2654 ἧνά
1152 2549 1276 2653 λόγος·
1308 2551 1433 2628 ἀπαλ-

225 2674 419 2754 λάττονται
438 2673 476 2754 δέ
494 2672 601 2772 μόλις
619 2677 675 2755 ἐπὶ
694 2672 842 2772 τούτοις,
853 2678 911 2755 καὶ
931 2678 1160 2781 ἀναχωροῦσι
1178 2669 1434 2754 τῶνἸωάννου

225 2803 408 2897 μαθητῶν,
427 2797 471 2904 ἐξ
487 2797 750 2900 ἀπερισκέπτου
768 2800 992 2904 λογομαχίας
1009 2799 1107 2879 πολῦ
1124 2797 1291 2900 μειζόνως
1309 2795 1432 2896 ἡττῶ-
1450 2825 1484 2902 30

57 2951 119 3006 158
132 2950 173 3004 Δ.
197 2955 336 3019 ιμενοι.
376 2921 649 3026 καταστέφουσι
674 2918 746 3024 γάρ
770 2927 844 3004 τοῖς
869 2920 913 3026 ἐξ
936 2918 1094 3024 ἀνάγκης
1114 2922 1269 3003 ἐπαίνοις
1287 2922 1346 3000 καὶ
1363 2919 1437 3024 οῦχ

226 3044 364 3127 ἑκόντες
383 3043 448 3123 τὸν
469 3042 615 3147 Κύριον.

222 3321 346 3402 Ῥαββί,
363 3323 401 3390 ὃς
426 3317 465 3386 ιἰν
483 3321 565 3398 μετὰ
592 3325 649 3386 σοῦ
672 3323 776 3409 πέραν
794 3328 851 3387 τοῦ
867 3324 1046 3413 Ἰορδάνου,
1065 3321 1145 3410 ᾦοὺ
1167 3322 1437 3411 μεμαρτύρηκας,

176 3467 213 3528 27
279 3442 330 3510 ἴδε
360 3442 454 3510 οὗτος
484 3447 634 3535 βαπτίζει,
667 3447 720 3511 καί
752 3451 871 3514 πάντες
903 3449 1051 3536 ἔρχονται
1082 3450 1164 3537 πρὸς
1196 3449 1305 3515 αὐτόν.
1350 3447 1437 3513 ἀπε-

280 3569 374 3659 κρίθιι
396 3570 554 3636 Ἰωάννιιο
582 3571 635 3636 καί
663 3566 764 3637 εἶπεν.
1452 3588 1484 3645 ²5

284 3771 371 3852 Τοῖς
398 3773 472 3846 τῶν
502 3770 713 3872 Φαρισαίων
740 3770 865 3872 λόγοις
894 3770 1175 3876 κατοδηχθέντες
1203 3775 1236 3851 οἱ
1262 3774 1437 3872 μαθηταὶ,

229 3894 288 3970 καὶ
321 3895 369 3975 είς
405 3889 517 3991 αι’πὴν
549 3891 588 3971 δὲ
624 3901 687 3973 τοῦ
723 3891 935 3997 πράγματος
972 3896 1176 4000 ἀφορῶντες
1207 3892 1273 3993 τὴν
1305 3894 1435 4000 φύσιν,

195 4014 470 4121 δψευδομένους
498 4014 564 4115 μὲν
586 4013 745 4120 ἐλέγχειν
768 4014 865 4115 ἦσαν
890 4018 958 4122 ούχ
986 4015 1055 4097 οἶοί
1079 4052 1128 4115 τε,
1151 4021 1367 4121 διαποροῦσι
1396 4017 1436 4099 δέ

228 4137 382 4235 είκότως,
401 4137 519 4219 καὶτὸ
537 4139 630 4241 μέγα
649 4147 714 4218 τοῦ
733 4144 900 4244 Σωτῆρος
922 4140 1023 4241 ἡμῶν
1040 4143 1104 4220 ούκ
1127 4139 1256 4226 εἰδότες
1278 4141 1435 4247 ἀξίωμα,

264 4386 289 4424 τ.
307 4392 344 4424 πο
395 4373 528 4443 ράψοντες
542 4371 575 4426 Β.
708 4387 750 4442 13.
769 4370 801 4439 δὴ
814 4382 984 4443 assumptum
996 4391 1028 4428 ex
1042 4373 1075 4427 B.
1209 4373 1249 4426 18.
1268 4375 1388 4429 λυποῦσι
1401 4375 1435 4430 Β.

226 4439 354 4510 λυπήσειν
391 4441 418 4495 d.
466 4443 678 4499 ἀπαλλάττοντας
692 4441 724 4497 Β.
818 4460 861 4498 21.
880 4443 1076 4515 καταστέφουσι
1090 4444 1122 4497 Β.
1135 4448 1366 4514 κατοστεφανοῦσι
1380 4446 1435 4502 Ed.

247 4511 275 4566 ‘ut
286 4511 390 4582 ἔχοντες
403 4512 436 4567 Β.
544 4528 587 4584 27.
606 4513 755 4585 ἀφορῶντες
767 4515 870 4568 correxi
883 4524 944 4584 ροςι
958 4515 1061 4585 Migne.
1073 4513 1225 4586 ἀφορῶντος
1238 4515 1311 4570 Aub.
