3038 5018
272 1130 373 1200 ΤΟΥ
408 1131 481 1201 ΕΝ
515 1132 691 1203 ΑΓΙΟΙΣ
727 1131 940 1202 ΠΑΤΡΟΣ
976 1131 1125 1200 ΗΜΩΝ
1311 1151 1330 1190 a
1394 1136 1466 1194 u.

449 1387 949 1498 ΚΥΡΙΛΛΟΥ

332 1675 694 1725 ΔΡΧῙΕΠΙΣΚΟΠΟΥ
724 1676 1067 1733 ΑΛΕΞΑΝΔΡΕΙΑλ

403 1865 615 1930 ΕΞΗΓΗΣΙΣ
640 1870 994 1930 ΥΠΟΜΝΗΜΑΤΙΚΗ

68 2099 85 2156 5
175 2082 259 2156 ΕΙΣ
297 2083 370 2158 ΤΟ
408 2084 551 2159 ΚΑΤΑ
591 2084 838 2161 ΙΩΑΝΝΗΝ
877 2081 1220 2158 ΕΥΑΓΓΕΛΙΟΝ.

545 2402 666 2450 ΛΟΓΟΣ
694 2402 851 2450 ΠΡΩΤΟὶ

160 2591 390 2668 ΑΚΡΙΒΗΣ
421 2588 531 2673 ὅντως
564 2593 622 2669 καὶ
654 2590 876 2674 θεοδίδακτος
909 2594 981 2669 τῶν
1008 2588 1119 2689 ἁγίων
1146 2587 1295 2688 εὐαγγε·

102 2715 244 2789 λιστῶν
262 2712 284 2810 ἡ
303 2709 448 2808 διάνοια,
458 2710 619 2817 καθάπερ
638 2711 711 2793 ἀπό
729 2748 822 2797 τινος
839 2711 1008 2818 γηλόφου
1025 2713 1083 2791 καὶ
1101 2714 1296 2810 περιοπτῆς,

102 2836 168 2929 τῆς
194 2835 232 2911 ἐν
256 2840 308 2941 τῷ
332 2834 509 2916 δύνασθαι
534 2842 677 2939 θεωρεῖν
700 2833 985 2938 μεγαλειότητος,
1007 2832 1232 2934 πανταχόθεν
1255 2828 1298 2911 τὸ

55 2992 91 3032 ιο
105 2960 180 3036 τοῖς
198 2956 432 3058 ἀκροωμένοις
453 2964 698 3062 περιαθροῦσα
718 2958 909 3064 χρήσιμον,
927 2961 985 3035 καὶ
1010 2954 1099 3054 μετὰ
1124 2951 1300 3035 συντόνου

105 3074 201 3159 τινὸς
220 3079 405 3181 θηρωμένη
424 3083 597 3181 σπουδῆς,
617 3081 705 3186 ὅπερ
726 3079 771 3161 ἀν
790 3079 960 3184 ὑπάρχειν
979 3078 1091 3176 οίηται
1113 3076 1300 3158 λυσιτελές

102 3206 177 3283 τοῖς
196 3198 260 3279 τὸν
278 3202 396 3304 ἀληθῆ
414 3210 486 3283 τῶν
505 3204 608 3284 θείων
625 3201 814 3307 δογμάτων
832 3207 971 3308 διψῶσι
989 3199 1113 3300 λόγον,
1133 3200 1191 3277 καὶ
1208 3198 1299 3296 μετὰ

103 3323 345 3424 προαιρέσεως
362 3327 500 3426 ἀγαθῆς
523 3326 590 3426 τὴν
608 3327 889 3430 ἐγκεκρυμμένην
906 3331 983 3409 ταῖς
1008 3323 1115 3404 θείαις
1140 3325 1330 3426 γραφαΐςο

103 3447 274 3546 ἐρευνῶσι
300 3446 467 3529 διάνοιαν.
515 3450 557 3527 οὐ
584 3448 655 3552 γάρ
682 3457 756 3533 τοῖς
782 3447 1049 3551 περιεργότερον
1076 3441 1295 3550 ἐξετάζουσι,

53 3598 91 3659 ¹5
105 3568 163 3646 καὶ
186 3568 433 3653 πολυπλόκοις
457 3578 648 3673 λογισμῶν
670 3569 822 3653 ἀπάταις
847 3567 1075 3674 ἐφηδομένοις
1098 3573 1253 3665 μᾶλλον,
1275 3563 1298 3664 ἢ

103 3696 149 3794 τῇ
173 3693 323 3798 ἀληθείᾳ
347 3696 645 3798 προοχαίρουσιν,
668 3692 951 3773 ἐναποκαλιίπτει
975 3690 1018 3771 τδ
1042 3694 1200 3784 Πνεῦμα,
1224 3691 1298 3768 ἐπεὶ

103 3813 193 3913 μήτε
211 3820 296 3897 “είς
325 3813 540 3920 κακότεχνον
561 3816 758 3921 είσέρχεται
785 3813 940 3923 ψυχὴν,”
959 3811 1049 3913 μήτε
1076 3809 1147 3911 μὴν
1173 3809 1298 3892 ἀλλως
1342 3832 1464 3896 θενών

103 3937 292 4017 κυλίεσθαι
316 3936 416 4042 παρὰ
440 3946 513 4022 τοῖς
540 3941 612 4019 ὑῶν
628 3942 718 4020 ποσὶ
742 3936 826 4022 τοὺς.
850 3938 983 4036 τιμίους
1009 3933 1134 4040 ἐφίησι
1158 3966 1296 4034 μαργα-
1341 3946 1464 4062 ffitth·

101 4061 214 4162 ρίτας·
249 4060 382 4159 ἥδιστα
408 4059 447 4140 δέ
473 4063 557 4141 λίαν
584 4069 661 4146 ταῖς
687 4060 953 4162 ἁπλουστέραις
979 4057 1147 4139 διανοίαις
1173 4089 1292 4158 προσ·
1377 4047 1384 4061 ’
1414 4047 1421 4060 ’

52 4189 231 4280 ιοομιλεΐ,
248 4180 310 4261 ἅτε
335 4181 380 4283 δὴ
404 4187 463 4263 καὶ
487 4181 795 4286 ἀπανουργότερον
819 4179 985 4286 ἐχούσαις
1009 4177 1052 4258 τδ
1077 4181 1217 4277 κίνημα,
1239 4181 1297 4257 καὶ

141 4421 165 4458 1.
183 4406 231 4458 τοῦ
243 4402 271 4457 ἐν
282 4403 363 4474 ἁγίοις
375 4404 479 4474 Πατρός
491 4403 561 4474 ἡμῶν
572 4403 626 4458 oin.
641 4403 712 4458 D.E.
914 4403 955 4458 16.
974 4399 1175 4457 ἐναποκαλιίπτει
1189 4398 1221 4454 Β.
1233 4397 1298 4452 ἀπο·

102 4473 227 4528 καλύπτει
240 4472 292 4528 Ed.

675 4573 728 4620 02
