3038 5018
96 292 257 380 v.28,29.
280 293 336 357 IN
367 293 400 357 S.
424 293 678 358 JOANNEM.
725 292 819 358 LIB.
843 292 890 358 11.
935 292 1038 358 CAP.
1054 290 1153 357 VIII.
1231 291 1296 354 349

96 455 320 562 ἀξιάγαστον
348 455 596 558 ἀποτέλεσμα.
636 459 792 560 ἐπιλέγει
823 457 861 538 δὲ
892 458 1089 561 χρησίμως,
1120 455 1175 536 ὅτι
1207 487 1296 556 προ-

97 579 284 660 ελεύσονται
314 586 388 661 τῶν
408 579 604 681 μνημάτων
626 587 659 661 οῖ
688 578 755 680 μέν
783 582 837 662 ἐπ’
864 586 1028 686 αἰσχροῖς
1060 577 1208 661 ἁλόντες
1237 580 1295 656 καὶ

95 704 248 811 πονηρίᾳ
270 703 606 803 συμβιοτειίσαντες,
625 703 691 804 τὴν
712 703 949 804 ἀτελεύτητον
968 701 1160 810 ὑφέξοντες
1185 699 1327 800 δίκην,ο

97 832 131 906 οὶ
148 824 186 906 δέ
205 831 408 930 διαπρεπεῖς
424 828 462 906 ἐν
481 829 620 929 ἀρεταῖς
636 831 701 928 τῆς
718 829 898 911 ἐπιεικείας
914 826 1050 926 μισθὸν
1068 822 1292 920 ἀντικομιού·

65 969 196 1048 5μενοι
214 949 281 1049 τὴν
299 950 440 1030 αἰώνιον
457 947 559 1053 ζωήν·
594 954 683 1051 ὁμοῦ
705 949 781 1050 μὲν,
800 948 961 1054 καθάπερ
978 950 1047 1051 ἤδη
1064 948 1293 1051 προείπομεν,

97 1069 223 1152 ἑαυτὸν
241 1071 408 1171 διανομέα
434 1079 507 1152 τῶν
529 1072 671 1182 ἑκάστῳ
699 1071 967 1177 διαπρεπόντων
989 1075 1048 1154 καὶ
1077 1071 1135 1152 διά
1161 1069 1297 1151 τούτων

98 1195 287 1302 εἰσφέρων,
313 1198 403 1298 ὁμοῦ
430 1196 469 1277 δὲ
497 1199 706 1294 ἀναπείθων,
732 1196 755 1299 ἢ
785 1201 838 1305 τῷ
868 1195 976 1305 φόβῳ
1005 1204 1068 1277 τοῦ
1097 1201 1224 1276 παθεῖν
1251 1194 1298 1275 τά

99 1318 206 1416 δεινά,
219 1326 471 1423 παραιτεῖσθαι
489 1319 531 1401 τὸ
550 1328 695 1426 φαῦλον
714 1322 772 1400 καὶ
791 1319 1079 1400 συνελαύνεσθαί
1093 1352 1172 1403 πως
1189 1324 1237 1402 εἰς
1255 1315 1298 1398 τὸ

99 1449 201 1537 βιοῦν
237 1441 373 1523 ἐθέλειν
404 1444 474 1544 ἤδη
509 1443 819 1550 σωφρονεστερον,
850 1440 874 1544 ἦ
911 1440 1031 1551 ἐφέσει
1067 1442 1299 1539 νυττομένους

49 1594 88 1634 10
98 1565 234 1668 τρόπον
255 1564 335 1646 τινά
359 1573 404 1673 τῇ
429 1570 510 1671 περὶ
534 1564 601 1666 τὴν
623 1554 884 1671 αἰώνιονζωὴν,
904 1565 1172 1670 συντονωτέραν
1189 1571 1298 1645 ποιεῖ-

100 1695 188 1770 σθαι
205 1688 417 1792 σπουδάζειν
434 1688 500 1790 τὴν
518 1691 571 1771 ἐπ’
585 1694 736 1793 ,ἀγαθοῖς
753 1691 967 1794 προθυμίαν.

140 1890 163 1926 1.
181 1872 406 1944 προσελεύσονται
419 1875 452 1930 Β.
626 1894 652 1948 3.
671 1875 812 1948 ὑφέξοντες
825 1876 861 1930 D.
875 1874 947 1931 catt.
961 1875 1013 1930 Ed.
1026 1893 1081 1947 mg.
1093 1872 1234 1946 ὑφέξοντα
1246 1873 1299 1930 Ed.

102 1962 128 2010 4.
146 1943 361 2031 ἀντικομιζόμενοι
374 1945 407 2000 Β.
420 1945 580 2032 κομιούμενοι
592 1944 662 2002 catt.
769 1945 795 2001 6.
814 1946 1005 2016 διατρεπόντων
1018 1946 1051 2002 Β.
1063 1948 1214 2018 πρεπόντων
1226 1943 1299 2013 catu

104 2013 154 2068 Ed.
263 2027 287 2085 7.
306 2017 501 2086 τουμὴποθειν
513 2016 595 2071 cord.
704 2031 746 2071 10.
764 2018 933 2089 τῇπερὶοω.
947 2016 980 2071 Β.
