3038 5018
264 960 366 1032 ΤΟΥ
400 961 474 1034 ΕΝ
507 962 684 1035 ΑΓΙΟΙΣ
720 962 932 1035 ΠΑΤΡΟΣ
969 963 1120 1034 ΗΜΩΝ

442 1221 943 1331 ΚΥΡΙΛΛΟΥ

327 1511 692 1562 ΔΡΧΙΕΠΙΣΚΟΠΟΥ
721 1513 1059 1564 ΑΛΕΞΑΝΔΡΕῙΑΣ

169 1731 253 1807 ΕΙΣ
291 1734 364 1810 ΤΟ
402 1735 545 1811 ΚΑΤΑ
585 1734 833 1811 ΙΩΑΝΝΗΝ
871 1735 1216 1811 ΕΥΑΓΓΕΛΙΟΝ.

469 2030 655 2079 BIBAION
691 2029 918 2079 HEMHTON.

1303 2223 1322 2262 ο
1343 2207 1459 2264 442Α.

101 2303 239 2381 Ἔλετον
265 2301 322 2372 οὖν
349 2329 434 2372 τινες
460 2306 498 2374 ὲκ
524 2306 591 2374 τῶν
612 2305 884 2397 Ἱεροσολυμιτῶν
911 2304 978 2392 Οὐχ
1004 2300 1100 2372 οὗτός
1127 2304 1213 2370 ἐστιν
1240 2306 1278 2373 ὃν
1307 2325 1344 2385 25

497 2454 642 2539 ζητοῦσιν
669 2445 860 2516 ἀποκτεῖναι
872 2479 881 2532 3

148 2638 372 2719 ἘΟΡΤΗΣ
390 2639 502 2739 οὔσης
527 2642 591 2738 τῆς
615 2636 706 2719 κατὰ
732 2637 842 2737 νόμον
860 2640 1109 2740 σκηνοπηγίας
1129 2672 1290 2719 κατωνο-

93 2763 289 2860 μασμένης,
318 2764 377 2841 καὶ
403 2761 448 2869 ἐξ
472 2761 630 2863 ἁπάσης,
654 2765 702 2846 ὡς
731 2761 815 2846 ἔπος
843 2768 963 2860 εἰπεῖν,
991 2765 1054 2862 τῆς
1081 2764 1293 2863 περιοικίδος

45 2918 83 2960 ιο
94 2884 439 2989 συνδεδραμηκότων
460 2887 643 2967 Ἰουδαίων
666 2893 714 2970 εἰς
732 2886 982 2990 Ἱεροσόλυμα·
1016 2893 1122 2966 τοῦτο
1149 2885 1223 2988 γὰρ
1248 2883 1294 2986 ἦν

93 3006 137 3090 τὸ
168 3015 220 3116 τῷ
253 3008 425 3116 νομοθετγ
458 3013 599 3091 δοκοῦν·
641 3008 708 3109 τὴν
738 3008 830 3113 πρὸς
861 3007 1023 3093 ἅπαντας
1055 3010 1294 3090 διδασκαλίαν

94 3136 244 3214 ἐποιεῖτο
276 3133 447 3236 Χριστός.
498 3133 641 3236 οὐγὰρ
672 3138 787 3235 δήπου
816 3132 939 3233 μόνοις
965 3132 1190 3237 προσελάλει
1220 3140 1295 3217 τοῖς

94 3258 264 3342 ἀστικοῖς.
305 3258 432 3338 οὐκοῦν
460 3258 599 3359 ἀνάγκη
628 3257 743 3361 ζητεῖν
769 3255 834 3337 τόν
860 3290 902 3360 γε
931 3256 1027 3341 ὅλως
1055 3260 1328 3361 χρηστομαθῆι)

94 3384 153 3460 καὶ
172 3380 360 3487 φιλήκοον,
377 3381 416 3460 τί
436 3380 479 3461 τὸ
504 3380 669 3464 πεπεικὸς
695 3378 760 3461 τὸν
780 3380 880 3461 eston·
892 3380 978 3480 ἡμῖν
996 3380 1291 3484 Εὐαγγελιστὴν,

45 3504 160 3604 ι5τὴν
189 3502 254 3604 μὲν
283 3506 404 3604 άλλην
433 3502 583 3585 ἅπασαν
611 3511 684 3585 τῶν
710 3505 893 3586 Ἰουδαίων
921 3501 1059 3607 ἀγέλην
1093 3512 1295 3586 σιωπῶσαν

94 3625 262 3732 εἰσάγειν,
280 3629 559 3734 Ἱεροσολυμίταις
586 3627 625 3708 δὲ
651 3628 772 3727 μόνοις
796 3629 860 3709 τὸν
881 3630 940 3710 ε’πὶ
962 3628 1077 3737 τούτῳ
1098 3628 1295 3734 προσάψω

94 3753 219 3855 λόγον·
244 3754 281 3833 τί
296 3751 334 3831 δὲ
353 3753 424 3856 ἄρα
442 3752 687 3852 διεσκεμμένοι
706 3755 765 3833 καὶ
783 3754 865 3834 καθ’
881 3751 1025 3836 ἑαυτοὺς
1044 3750 1296 3851 ἐνθυμούμενοι

94 3873 140 3955 τά
159 3876 306 3956 τοιαῦτά
328 3885 459 3982 φασιν·
489 3881 617 3982 σχῆμα
642 3875 713 3982 γάρ
739 3882 791 3985 τῷ
813 3875 916 3984 λόγῳ
934 3875 1165 3979 περιτίθενται
1182 3874 1292 3972 βαθύ.

131 4073 156 4127 9.
174 4055 324 4125 παροικίδος
336 4055 388 4110 Ed.
401 4073 433 4110 ex
445 4073 535 4111 errore
549 4054 692 4111 Holstenii.
788 4072 829 4110 11.
848 4056 882 4129 rt&⁸
892 4073 946 4110 om.
961 4055 1009 4110 Ηι.
1023 4053 1075 4108 Ed.
1177 4071 1218 4125 ¹3·
1236 4076 1294 4124 χρι-

95 4127 214 4195 στομοθῆ
229 4125 361 4180 Ηυλαί).
471 4144 512 4193 14·
531 4125 591 4195 ἡμῖν
603 4134 772 4196 assumptum
786 4145 818 4181 ex
832 4126 865 4180 B.
975 4123 1294 4194 ιό.“1οροσολυμίτσιςδι“

94 4315 271 4387 ροσολυμίτσς
288 4318 316 4372 δι’
334 4319 427 4386 μόνους
445 4317 497 4373 Ed.
552 4317 648 4374 Statim
660 4319 706 4373 τὸν
717 4317 760 4371 ι’πὶ
777 4316 877 4374 τούτοις
893 4317 1033 4387 προσάψαι
1050 4318 1132 4388 λόγον
1144 4315 1177 4370 Β.
1190 4320 1241 4371 τᾶν
1253 4315 1297 4371 ι’πί

94 4412 178 4485 τούτῳ
189 4414 330 4484 προσάψαι
343 4415 430 4484 λόγων
442 4413 495 4470 Ed.
636 4414 678 4469 18.
697 4401 787 4484 σχῆμα
802 4413 834 4468 Β.
883 4412 1006 4468 Adnotat
1018 4411 1090 4467 Aub.
1104 4430 1133 4468 se
1145 4414 1234 4484 σχῆμα
1247 4428 1296 4483 pro

96 4486 201 4556 σχίσμα
212 4484 404 4540 emendavisse.
1016 4526 1019 4531 .
