3038 5018
90 288 199 359 ἀντι.
265 291 324 358 IN
354 295 388 359 8.
411 289 665 361 JOANNEM.
712 292 807 360 12113.
831 292 878 360 Π.
924 292 1025 359 CAP.
1049 293 1108 360 IV.
1224 294 1289 360 269

90 454 262 558 χορηγόν·
288 454 322 539 ’τί
340 455 412 561 γάρ
430 452 514 571 ᾔδεις
530 460 626 565 φησὶ
647 455 702 552 την
718 453 837 564 θωρεάν
854 459 910 536 τού
928 459 1014 538 Θιού
1040 465 1100 537 καὶ
1126 461 1178 542 τίς
1202 456 1289 537 ἔστιν

91 585 108 656 ὁ
136 575 245 680 λόγον
266 614 330 676 σοι,
351 578 394 661 σῗν
422 579 463 661 ἀν
481 579 610 696 ᾔτησας
637 584 743 662 ιιάτόν.
783 580 852 659 τίνι
880 580 915 657 δ’
935 577 981 659 ἀν
1003 583 1062 660 καὶ
1087 577 1219 682 πρέποι
1245 576 1323 663 τόδ

90 699 300 803 χαρίζεσθαι
316 700 362 782 τά
381 707 502 802 Θεοῦ,
533 699 584 804 μὴ
603 705 682 808 ούχδ
699 700 790 783 κατά
808 700 924 809 φύσιν
941 701 1017 783 ὄντι
1034 707 1141 809 Θεῷς

142 821 248 934 ’Ὕδυρ
266 823 306 905 δὲ
324 825 385 935 ζάν
403 827 583 908 ἀποκαλεῖ
596 823 663 926 τὴν
676 823 847 929 ζωοποιάν
861 833 925 904 τοῦ
944 824 1154 924 Πνεύματος
1173 822 1290 922 δόσιν,

59 943 138 1023 ὁδί
156 945 199 1046 ἧς
217 952 275 1027 καὶ
293 944 403 1048 μόνης
421 951 444 1049 ἡ
462 947 705 1053 ἀνθρωπότης,
724 949 838 1026 καίτοι
856 953 929 1031 τοῖς
947 949 986 1026 ἐν
1004 945 1104 1050 ὄρεσι
1121 945 1289 1050 πρέμνοις

91 1068 303 1171 αύαινομένη
331 1071 607 1175 παραπλησίως,
635 1067 729 1178 ξηρά
757 1102 796 1150 τε
826 1068 894 1170 ἤδη
924 1073 983 1150 καὶ
1009 1070 1132 1171 πάσης
1160 1067 1289 1169 ἀγονος

91 1192 219 1292 ἀρετῆς
245 1201 323 1280 ταῖς
349 1203 413 1275 τοῦ
441 1191 614 1290 διαβόλου
641 1194 866 1296 κακουργίαις
892 1192 1173 1295 ἀναδεδειγμένη,
1197 1188 1290 1294 πράς

91 1312 135 1394 τὸ
162 1317 312 1422 ἀρχαῖον
338 1318 567 1422 ἐπανατρέχει
593 1320 657 1416 τῆς
685 1314 831 1423 φύσεως
858 1311 1006 1413 κάλλος,
1028 1318 1086 1394 καὶ
1113 1314 1179 1413 τὴν
1203 1312 1289 1416 ζωο-

90 1435 196 1517 ποιάν
212 1439 406 1521 ἐκπίνουσα
424 1438 538 1544 χάριν,
557 1437 798 1541 πολυτρόποις
815 1439 964 1540 ἀγαθῶν
981 1437 1087 1522 ἰδέαις
1103 1438 1320 1540 περιανθί·ο

46 1587 78 1629 10
92 1560 196 1664 ζεται,
221 1567 280 1641 καὶ
307 1569 355 1648 εἰς
383 1562 458 1672 ἕξιν
484 1565 762 1659 ἀναβλαατῶσα
788 1561 854 1660 τὴν
883 1558 1089 1668 φιλάρετον,
1111 1560 1285 1668 εὐτραφε-

92 1682 248 1770 στάτους
266 1690 330 1786 τῆς
347 1691 396 1772 είς
414 1682 509 1767 Θεὸν
527 1684 671 1789 ἀγάπης
689 1686 811 1786 ἀνίησι
830 1691 982 1768 κλῶνας.
1021 1692 1182 1766 τοιοῦτον
1199 1684 1245 1764 δέ
1255 1717 1291 1764 τι

92 1812 151 1888 καὶ
180 1807 239 1888 διά
268 1817 332 1889 τοῦ
361 1807 550 1914 προφήτου
578 1809 693 1914 φησὶν
719 1806 879 1888 Ἡσαΐου
906 1805 998 1911 πράς
1026 1806 1119 1906 ἡμᾶς
1149 1807 1170 1887 ἀ
1197 1806 1291 1891 θεός

92 1940 115 1976 “
135 1929 343 2032 Εύλογήσει
361 1966 406 2031 με
423 1930 470 2011 τά
486 1931 592 2033 θηρία
609 1940 674 2011 τοῦ
692 1933 816 2033 ἀγροῦ,
835 1934 995 2034 σειρῆνες
1019 1933 1078 2009 καὶ
1101 1930 1290 2033 θυγατέρες
1335 1925 1452 2051 ἓζξξῆ

93 2063 117 2099 “
134 2059 332 2156 στρουθῶν,
354 2054 408 2135 ότι
432 2054 545 2135 ἔδωκα
569 2057 673 2158 ε’ντῇ
699 2051 817 2161 ἐρήμῳ
846 2055 940 2156 ὕδωρ
964 2054 1022 2133 καὶ
1048 2050 1231 2150 ποταμοὺς
1252 2056 1291 2134 ἐν

45 2192 80 2255 ¹5
95 2181 178 2283 “qi
203 2176 353 2286 ἀνύδρῳ,
374 2179 523 2258 ποτίσαι
549 2175 591 2256 τὸ
617 2176 718 2279 γόνος
743 2210 812 2275 μου
836 2172 878 2256 τό
903 2172 1083 2273 ἐκλεκτὸν,
1106 2173 1197 2255 λαόν
1219 2209 1291 2273 μου

94 2312 116 2349 “
134 2300 176 2382 δν
198 2300 505 2405 περιεποιησάμην
527 2300 592 2384 τὰς
619 2298 747 2404 ἀρετάς
773 2334 843 2399 μου
870 2299 1102 2400 διηγεῖσθαι.”
1140 2299 1290 2380 ἔσεσθαι
1334 2366 1410 2418 mor.

94 2424 132 2506 δὲ
150 2430 208 2506 καὶ
225 2425 292 2526 τὴν
309 2434 374 2506 τοῦ
393 2425 528 2504 δικαίου
546 2423 680 2530 ψυχὴν,
701 2434 722 2471 “
736 2428 785 2508 ὡς
803 2423 917 2531 ξύλον
935 2421 1151 2526 ἕγκαρπον,”
1171 2420 1289 2525 ἕτερός
1334 2432 1440 2547 3⁸¹¹ss

93 2583 147 2633 τις
174 2553 269 2656 φησὶ
296 2557 369 2629 τῶν
396 2550 518 2651 ἀγίων,
542 2549 601 2626 καὶ
628 2550 811 2627 ἀνατελεῖν
835 2546 911 2646 μὲν,
933 2549 1021 2626 ὡσεὶ
1047 2544 1179 2650 χόρτον
1205 2548 1321 2624 ἀνα-ο
1350 2535 1460 2626 lblA.

94 2672 209 2771 με’σον
227 2675 365 2770 ὕδατος,
383 2669 614 2778 ὀφθήσεσθαι
630 2670 668 2751 δὲ
686 2673 735 2756 ὡς
753 2669 849 2750 ἶτεάν
866 2672 922 2751 ἐπὶ
942 2668 1142 2773 παραῤῥέον
1161 2670 1267 2773 ὕδωρ.
1334 2644 1379 2772 ff'
1391 2645 1453 2695 ψ’

45 2816 80 2856 ²0
150 2794 398 2896 Δυνατὸνμέν
416 2795 569 2878 οὖντοῖς
591 2793 782 2898 εἰρημένοις
807 2797 865 2874 καὶ
890 2792 1010 2894 ἑτέρας
1036 2792 1128 2891 ἡμᾶς
1151 2794 1288 2872 ἐπισω-

93 2918 207 3022 ρεύειν
228 2917 293 3003 τάς
317 2917 389 2999 ἀπὸ
415 2921 478 3016 τῆς
505 2915 600 3001 θείας
624 2920 769 3022 γραφῆς
794 2916 1001 3020 μαρτυρίας,
1020 2915 1063 2992 δι’
1084 2909 1135 2992 ιδν
1160 2911 1205 3013 ἦν
1232 2919 1291 2993 καὶ

92 3039 195 3142 μάλα
211 3042 340 3148 ῥᾳδίως
358 3039 593 3136 ἐπιδεικνύειν,
612 3041 660 3122 ὡς
678 3041 716 3118 ἐν
736 3039 862 3122 ὕδατος
878 3038 1106 3142 προσηγορίᾳ
1130 3032 1173 3115 τὸ
1196 3040 1290 3116 θεῖον

92 3165 271 3249 πολλάκις
289 3161 564 3261 κατωνόμασται
580 3169 731 3260 πνεῦμα.
771 3157 813 3240 τὸ
839 3157 876 3240 δὲ
901 3159 1040 3243 τούτοις
1063 3160 1157 3258 ἡμᾶς
1177 3159 1287 3265 ἐμφι-

93 3294 267 3392 λοχωρεῖν
285 3287 327 3366 ού
346 3283 477 3388 καιρός·
511 3283 565 3363 διὸ
591 3282 635 3382 δὴ
659 3280 771 3364 πάλιν
790 3281 919 3386 ἑτέροις
943 3278 1182 3391 ε’πινηξόμεθα
1198 3279 1290 3386 πρὸς

44 3426 79 3491 25
93 3408 137 3490 τὸ
171 3410 263 3514 μέγα
300 3410 359 3489 καὶ
394 3405 517 3488 πλατὺ
551 3413 624 3488 τῶν
659 3408 763 3488 θείων
799 3405 1037 3511 θεωρημάτων
1072 3404 1291 3509 ἐπειγόμενοι

92 3531 262 3637 πέλαγος.

133 3732 237 3822 Κύριε,
263 3732 338 3798 οὔτε
365 3731 514 3807 ἀντλιιμα
541 3729 624 3816 ἔχειο
653 3728 705 3794 καὶ
732 3727 769 3797 τὸ
797 3728 905 3818 φρέαρ
932 3726 1000 3794 ἐστὶ
1028 3728 1116 3808 βαθύ·
1155 3728 1255 3796 πόθεν

430 3843 488 3912 οὖν
515 3845 599 3932 ἔχεις
625 3845 663 3912 τό
690 3844 779 3935 ὕδωρ
806 3844 844 3912 τὸ
871 3838 952 3935 ςῶνς

1302 3619 1325 3686 b

149 4003 269 4086 Οὐδὲν
296 4011 368 4084 τῶν
395 4005 433 4083 ἐν
461 4002 632 4111 συνηθείᾳ
662 4002 824 4103 πλέονὴ
857 4000 948 4105 γυνη)
983 3998 1207 4109 φαντάζεται,
1234 4003 1293 4081 καὶ

95 4297 114 4351 6
134 4223 463 4320 nspwlssaeaspo'nssd
560 4240 585 4279 2.
603 4223 626 4311 δ’
638 4171 800 4364 δνέρςδὶόΒ.)
888 4238 915 4309 3.
934 4218 1247 4312 τδ.-Ι·τοῦΕά.ἱιὶς,ἰίο
1260 4219 1294 4273 Β.

116 4295 305 4366 .αυαινομενη]
318 4298 406 4352 οάαινο
439 4316 650 4367 νηποραινομενη
675 4292 933 4416 ςιςὲΒωναινομενη
1026 4308 1049 4346 e.
1154 4290 1180 4344 8.
1198 4310 1293 4344 mm·

97 4366 184 4437 τρίχει
197 4367 230 4420 Β.
242 4368 375 4437 ἀνατρέχει
433 4407 440 4422 .
521 4383 548 4436 9.
566 4365 700 4419 ἀκτίνουσα
739 4401 746 4417 .
770 4434 781 4448 .
793 4383 826 4416 πε
891 4361 968 4430 ’(ιται
1007 4400 1015 4416 .
1096 4377 1137 4415 11.
1155 4381 1180 4416 τι
1191 4377 1246 4415 om.
1259 4358 1293 4415 Β.

100 4439 142 4492 18.
160 4458 199 4493 τις
209 4446 378 4507 assumptum
391 4454 422 4492 ex
437 4436 470 4490 Β.
587 4451 630 4504 23.
648 4434 678 4489 κδ
691 4431 724 4488 Β.
736 4453 783 4488 του
966 4432 1009 4486 28.
1027 4432 1057 4486 ιδ
1070 4428 1132 4503 ζῶ]
1146 4429 1231 4488 Addit
1242 4429 1294 4496 καί,

97 4504 632 4578 πόθενοδνσοιτδόδυρτδίάνιθως
