3038 5018
232 287 297 348 454
537 285 576 348 Β.
600 284 808 349 CYRILLI
838 284 1129 349 ALEXANDR.
1257 287 1299 349 vi.
1314 305 1366 372 30,
1380 304 1432 370 31.

282 449 403 556 Ἔργον
422 450 484 528 οῦν
504 449 574 551 ἀρα
600 455 645 554 τῇ
671 449 830 556 φιλοθεῖρ
854 453 959 555 ψυχῇ
984 449 1105 533 πίστις
1129 450 1152 548 ἡ
1180 456 1228 534 είς
1253 449 1432 551 Χριστὸν,

235 575 293 652 καὶ
318 572 604 680 ἀξιολογώτερον
627 573 774 680 σφόδρα
798 569 840 651 τὸ
864 574 1069 675 ἐπείγεσθαι
1093 580 1238 672 μᾶλλον
1256 582 1329 658 τοῖς
1353 577 1435 676 περὶ

207 696 344 776 οαῦτοῦ
372 702 671 802 κατασοφοῦσθαι
699 692 833 797 λόγοις,
860 696 974 798 ἤγουν
1001 704 1077 780 ταῖς
1106 699 1144 776 ἐν
1170 697 1271 806 τύπῳ
1301 731 1436 798 προσε-

236 817 369 923 δρεύειν
387 827 516 903 σκιαῖς.
548 818 817 917 ἀποθαυμάσεις
836 819 874 899 δὲ
890 819 1003 900 πάλιν
1021 822 1161 900 κάκεῖνο
1179 819 1269 924 πρὸς
1286 821 1435 905 τούτοις·

237 942 329 1047 ἔχων
360 940 432 1047 γάρ
460 945 499 1022 ε’ν
529 942 598 1023 ἔθει
612 976 615 982 ·
631 940 794 1046 Χριστὸς
831 943 944 1045 λόγου
976 949 1155 1024 ποιεῖσθαι
1192 946 1327 1044 μηδένα
1362 951 1468 1027 τῶν5

238 1067 484 1169 διερωτώντων
508 1074 756 1169 πειραστικῶς,
776 1064 863 1147 αῦτδ
888 1064 979 1171 πρὸς
1003 1066 1046 1148 τὸ
1070 1065 1187 1172 παρὸν
1209 1073 1436 1165 οἰκονομικῶς

238 1191 474 1293 ἀποκρίνεται·
504 1195 533 1270 εῖ
559 1193 617 1271 καὶ
642 1188 718 1296 ᾔδει
742 1189 854 1270 πάλιν
877 1189 1225 1296 ὠφεληθησομίνους
1249 1190 1358 1270 οὐδέν·
1387 1198 1436 1276 είς

69 1333 142 1384 ἱππ·
238 1313 438 1415 κατάκριμα
462 1314 590 1397 αὐτοῖς·
628 1311 752 1416 ὥσπερ
778 1313 915 1392 οὖνκαὶ
939 1312 1122 1416 ε’νὲτέροις
1146 1314 1262 1419 φησίν
1281 1320 1361 1394 “Εί
1385 1313 1436 1414 μὴ

70 1412 161 1450 Μ’
238 1446 260 1483 “
277 1434 393 1537 ἦλθον
411 1439 469 1516 καὶ
493 1435 663 1537 ἐλάλησα
687 1438 814 1535 αὐτοῖς,
834 1438 1010 1538 ἁμαρτίαν
1028 1438 1092 1516 οῦκ
1111 1436 1271 1542 εἴχοσαν·
1303 1442 1377 1518 νυνὶ
1397 1438 1437 1518 δὲ

238 1571 260 1608 “
277 1559 467 1666 πρόφασιν
485 1561 548 1640 οῦκ
565 1558 689 1665 ἔχουσι
707 1562 787 1663 περὶ
806 1564 869 1659 τῆς
887 1560 1061 1662 ἁμαρτίας
1078 1561 1225 1644 αῦτῶν.”
1456 1595 1494 1634 10

204 1677 226 1743 d

188 1788 343 1861 3οΕἶπον
374 1791 430 1861 οὖν
462 1796 551 1880 αὐτῷ
582 1794 621 1860 Τί
657 1791 713 1860 οὖν
744 1791 850 1860 ποιεῖε
886 1794 923 1861 ’σὺ
959 1790 1103 1875 ουμεῑον,
1133 1795 1186 1860 ἵνα
1223 1791 1345 1871 ἴδωμεν
1383 1797 1438 1861 καὶ

188 1934 223 1992 31
291 1922 515 1998 πιστεύσωμέν
545 1944 616 2003 σοι,
650 1921 682 1986 τί
712 1921 848 2011 ὲρτάςιρτ
884 1918 914 1986 οἷ
946 1921 1086 2008 πατέρες
1118 1920 1212 1999 ἡμῶν
1242 1922 1366 2007 ἔφατον
1399 1924 1439 1988 τό

290 2049 395 2122 μάννα
422 2047 457 2112 ἒν
479 2052 518 2138 τῇ
547 2047 671 2135 ἐρήμῳ,
697 2045 807 2112 καθώο
834 2046 903 2112 ἐστι
930 2046 1149 2134 τετραμμένον
1171 2046 1289 2134 Ἄρτον
1315 2045 1352 2111 ὲκ
1379 2049 1439 2110 τοῦ

289 2171 428 2260 οὐρανοῦ
455 2172 580 2238 ἔδωκεν
609 2168 719 2238 αὐτοῖς
747 2170 873 2259 φατεῖν.

301 2336 588 2416 Έκκαλιίπτεται
625 2334 716 2415 κατὰ
752 2333 873 2440 βραχῦ
909 2340 982 2414 τῶν
1017 2335 1198 2415 Ἰουδαίων
1233 2335 1257 2435 ἦ
1295 2334 1438 2437 γνώμη,
1460 2376 1498 2435 15

240 2457 352 2538 καίτοι
381 2456 615 2539 λανθάνουσα
645 2494 724 2543 πως
756 2462 814 2537 καὶ
845 2462 883 2538 ἐν
914 2458 1171 2564 ἀφανεστέροις
1199 2457 1250 2538 ἔτι
1282 2492 1436 2538 κατακε-

239 2585 410 2686 χωσμεῦη
446 2591 519 2666 τοῖς
554 2589 754 2685 λογισμοῖς·
798 2582 961 2690 ἔφασκον
997 2580 1062 2680 μὲν
1093 2579 1166 2686 γάρ
1197 2585 1242 2690 ἐξ
1270 2584 1444 2668 ἀπονοίας

212 2718 263 2784 e“
282 2706 334 2787 Τί
357 2712 523 2805 ποιῶμεν,
542 2707 600 2786 ἵνα
622 2704 848 2809 ἐργαζώμεθα
875 2705 921 2786 τά
949 2706 1036 2809 ἔργα
1063 2715 1128 2786 τοῦ
1146 2708 1273 2803 Θεοῦ,”
1291 2705 1355 2787 ἅτε
1384 2707 1443 2807 δὴ,

241 2828 401 2933 καθάπερ
419 2829 487 2931 ἤδη
508 2830 732 2935 προείπομεν,
752 2830 976 2938 ἐξαρκοῦσαν
994 2831 1134 2936 ἔχοντες
1160 2829 1225 2930 τὴν
1246 2829 1303 2910 διά
1327 2837 1444 2910 Μωυ-

240 2956 333 3038 σέως
350 2954 509 3055 ἐντολὴν,
528 2962 576 3038 είς
592 2954 635 3033 τὸ
655 2955 831 3034 δυ’νασθαι
849 2952 939 3059 πρὸς
957 2961 1083 3035 πᾶσαν
1101 2952 1228 3040 αῦτοῦς
1246 2957 1445 3036 ἀπευθῦναι
1460 2997 1502 3039 20

73 2699 155 2764 Supra

75 2781 128 2815 ver.
141 2766 179 2814 28.

240 3079 390 3185 σοφίαν,
420 3081 462 3158 δι’
492 3078 535 3179 ἧς
563 3077 608 3159 ἀν
633 3084 751 3159 είδεῖεν
776 3076 818 3158 τῦ
846 3077 1039 3183 εὐάρεστον
1062 3081 1236 3160 ἐπιτελεῖν
1263 3086 1314 3188 τῷ
1341 3086 1441 3190 Θεῷ·

253 3204 263 3229 ι

242 3204 325 3280 αλλ’
346 3203 507 3302 ἡγνοεῖτό
534 3239 612 3287 πως
640 3203 753 3283 καίτοι
780 3211 938 3287 τοιοῦτος
966 3200 1017 3283 ὧν
1040 3206 1077 3283 εὐ
1099 3205 1218 3288 αὐτοῖς
1245 3206 1265 3284 ὁ
1290 3202 1445 3303 σκοπῖνς,

242 3326 509 3427 ἀπογυμνοῦσαι
546 3325 584 3406 δὲ
620 3331 696 3407 νυνὶ
732 3329 791 3406 καὶ
827 3324 920 3406 κατὰ
956 3323 1077 3431 βραχῦ
1113 3326 1278 3429 πρόεισιν
1314 3333 1365 3413 είς
1398 3327 1446 3409 τὸ

244 3447 518 3554 ἐμφανεστερου·
538 3452 633 3530 “Οῦ
651 3449 722 3552 γάρ
740 3452 820 3531 ἐστι
838 3450 1026 3554 κρυπτὸν,”
1037 3449 1128 3531 κατά
1146 3450 1212 3549 τὴν
1230 3460 1293 3531 τοῦ
1312 3456 1442 3551 Σωτῆ-

242 3607 306 3676 ρος
337 3571 473 3678 φωνὴν,
501 3570 557 3652 “δ
586 3573 627 3652 οῦ
655 3572 983 3679 φανερωθήσεται.”
1021 3575 1059 3654 τί
1082 3576 1200 3654 τοίνυν
1227 3574 1306 3675 ἤδη,
1335 3579 1446 3680 φασὶ,
1462 3611 1501 3671 25

242 3698 280 3777 τί
303 3701 410 3782 ποιεῖς
439 3696 480 3775 σῦ
509 3700 661 3800 σημεῖον;
690 3697 884 3796 τετίμηται,
917 3703 1021 3804 φησὶ,
1052 3702 1110 3777 καὶ
1140 3699 1223 3778 λίαν
1252 3696 1394 3783 εἰκότως
1425 3701 1448 3780 ὁ

75 3846 137 3901 810
148 3846 189 3901 Δ.
214 3821 412 3928 ομακοίριος
449 3824 625 3920 Μωυσῆς,
662 3820 863 3926 παρεδέχθη
900 3820 991 3926 πρὸς
1034 3823 1216 3922 μεσιτείαν
1253 3828 1349 3903 Θεοῦ
1384 3827 1450 3904 καὶ

199 4018 204 4027 .
242 3947 451 4049 ἀνθρώπων.
492 3950 552 4025 καὶ
580 3943 651 4047 γὰρ
679 3944 722 4044 δὴ
750 3949 809 4025 καὶ
838 3948 970 4048 ἀρκοῦν
998 3947 1105 4027 ἔδωκε
1133 3952 1276 4053 σημεῖον·
1312 3947 1450 4054 ἔφαγον

74 3444 171 3524 ⁸:..¹²¹¹⁰·

74 3526 127 3559 vm.
141 3519 179 3573 17.

277 4167 304 4221 6.
320 4169 383 4222 αι’ντδ
396 4185 449 4221 om.
465 4166 497 4220 Β.
581 4185 608 4238 9.
626 4164 734 4238 εἴχοσαν
747 4166 783 4220 Ι).
796 4163 869 4237 εἶχον
882 4165 932 4220 Ed.
983 4165 1079 4221 Statim
1093 4171 1137 4221 νῦν
1151 4166 1183 4221 Β.
1267 4184 1309 4221 10.
1328 4169 1450 4238 περὶτῆς

240 4236 363 4307 ἁμαρτίας
375 4239 458 4291 αὐτῶν
470 4237 516 4290 οῦκ
528 4237 636 4307 ἔχουσιν
647 4238 753 4292 inverso
765 4236 858 4291 ordine
872 4237 905 4291 Β.
918 4237 953 4291 cf.
966 4237 1036 4291 infra
1047 4251 1099 4308 352
1112 4255 1136 4292 e.
1149 4254 1202 4309 373
1215 4237 1241 4292 b.
1338 4255 1380 4292 11.
1401 4240 1450 4295 οῦν

240 4309 285 4362 alt.
299 4309 522 4377 etm'aassumpta
535 4325 567 4360 ex
582 4307 614 4361 B.
696 4323 737 4378 13.
755 4307 838 4364 καθώς
850 4309 909 4361 ἐστι
924 4307 954 4362 B.
968 4306 1139 4362 κατὰτδΕά.
1222 4322 1263 4379 17.
1280 4309 1328 4377 μέν
1339 4326 1397 4365 om.
1413 4311 1449 4365 B.

244 4379 285 4431 18.
304 4379 362 4432 τὰς’
395 4379 457 4431 αΒ.
471 4381 500 4431 τὸ
513 4379 590 4448 ἔργον
603 4376 654 4431 Ed.
780 4395 823 4434 20.
841 4379 933 4434 αι’ντοῦς
946 4379 1017 4432 B.D.
1032 4379 1109 4432 αι’ντδν
1122 4377 1174 4433 Ed.
1224 4377 1320 4433 Statim
1332 4379 1449 4436 ἀπευθῦ·

240 4448 334 4502 νααθαι
375 4489 381 4502 .
454 4466 496 4502 21.
515 4450 643 4502 ἐπιτελεῖν
654 4457 823 4518 assumptum
837 4467 868 4502 ex
884 4448 916 4502 B.
998 4465 1041 4530 πρ.
1060 4447 1109 4520 εἷς]
1122 4451 1189 4520 πρὸς
1203 4449 1235 4503 Β.
1317 4466 1361 4518 24.
1381 4454 1449 4507 κατὰ

240 4518 286 4586 τὴν
297 4522 343 4573 τοῦ
356 4522 473 4587 Σωτῆρος
485 4521 574 4588 φωνὴν
587 4528 648 4588 post
660 4519 873 4588 φανερωθήσεται
886 4528 1036 4588 transponlt
1050 4519 1082 4574 B.
