3038 5018
88 307 258 394 vi.28,29.
291 309 347 373 IN
379 311 411 376 S.
436 311 690 376 JOANNEM.
736 309 921 375 LIB.III.
966 308 1070 374 cAP.
1087 309 1128 373 V.
1220 310 1281 371 451

88 473 121 549 δ’
143 469 187 549 ἀν
207 479 324 553 νοοῖτο
343 479 400 554 καὶ
420 474 507 559 Υἱὸς
524 474 616 577 πρὸς
637 476 794 578 Πατέρα,
813 479 871 555 καὶ
891 472 1021 577 Πατὴρ
1042 475 1088 553 αὖ
1108 471 1221 554 πάλιν
1237 476 1286 557 ὡς

88 594 180 698 πρὸς
190 595 291 694 Υὶδν,
303 601 341 677 ἐν
351 607 417 706 μιᾷ
427 598 492 697 μὲν
506 599 617 705 ἀμφω
633 605 678 705 τῇ
693 599 812 705 φύσει,
824 597 1039 705 διηρημένως
1052 597 1089 678 δὲ
1103 597 1171 678 ἀνά
1181 597 1319 701 με’ροςὶ)

89 717 262 821 ἑκάτερος,
281 725 329 805 ὡς
358 723 530 827 ὑπάρχων
548 720 819 821 ῖδιοσνστάτως,
838 721 936 822 πλὴν
962 725 1003 801 οῦ
1030 723 1148 823 πάντη
1173 727 1287 803 διακε-

89 842 283 942 κομμένως,
302 845 382 925 οῦδὲ
405 847 487 951 δίχα
511 856 575 926 τοῦ
592 840 712 951 ἑτέρου
730 845 773 925 τὸ
791 845 921 950 ἕτερον.
961 850 1020 926 καὶ
1043 842 1167 948 ὥσπερ
1191 845 1289 946 ἦσαν

58 966 127 1044 5ε’ν
155 967 206 1045 ἑνὶ
233 973 284 1074 τῷ
312 971 507 1068 νομίσματι
535 968 599 1049 δύο
626 974 792 1073 δραχμαὶ,
820 969 862 1050 τὸ
890 973 928 1049 ἐν
955 969 1132 1070 ποσότητι
1160 972 1289 1073 με’τρον

90 1095 298 1193 ῖσομοιροῦν
325 1093 506 1192 ἀλλήλαις
534 1098 592 1174 καὶ
620 1091 818 1192 οὐδαμόθεν
845 1093 1103 1192 ἐλαττούμενον
1131 1094 1289 1200 ἔχουσαι,
1390 1110 1393 1114 ’

91 1215 184 1293 οὕτω
219 1214 358 1317 νοήσεις
390 1216 433 1297 τῦ
465 1222 502 1298 ἐν
529 1219 651 1318 μηδενὶ
683 1218 944 1319 παραλλάττον
976 1221 1039 1317 τῆς
1073 1219 1196 1302 οὐσίας
1227 1227 1292 1298 τοῦ

92 1342 183 1416 Υὶοῦ
200 1337 290 1440 πρός
310 1338 407 1421 Θεὸν
424 1346 483 1421 καὶ
502 1342 659 1444 Πατέρα,
677 1337 700 1439 ἦ
721 1341 766 1420 αῦ
783 1339 896 1422 πάλιν
914 1341 1046 1421 ἐκείνου
1064 1340 1154 1444 πρὸς
1173 1340 1291 1439 αὐτόν,

93 1461 176 1562 ῦγιῦ
200 1495 238 1540 τε
264 1462 391 1544 λοιπὸν
413 1465 477 1544 τὸν
499 1466 555 1570 ἐφ’
581 1463 697 1545 ἀπασι
721 1468 898 1568 τοῖςπερὶ
924 1466 1033 1544 αὐτοῦ
1057 1467 1291 1565 λαλουμένοις

42 1584 215 1690 ιοέκδέξη
243 1584 367 1687 λόγον.

1305 1724 1322 1761 U

122 1811 222 1884 Εἶπον
250 1816 306 1885 οὖν
334 1821 423 1906 αὐτῷ
450 1821 488 1888 Τί
515 1830 681 1904 ποιοῦμεν,
709 1825 761 1889 ἵνα
788 1823 996 1912 ὲρταςώμεθα
1023 1822 1060 1889 τό
1088 1823 1183 1911 ἔριον
1210 1825 1266 1886 τοῦ
1308 1833 1344 1887 28

296 1945 380 2011 Θεοῦ
392 1977 401 2029 ;
437 1948 596 2036 ἀπεκρίθη
619 1949 747 2016 Ἰιιοοῦε
775 1947 827 2012 καί
854 1941 944 2012 εἶπεν
972 1946 1093 2014 αὐτοῖς.
1310 1973 1346 2029 29

153 2109 233 2188 Οῦκ
258 2110 302 2217 ἐξ
327 2112 466 2212 ἀγαθῆς
494 2111 648 2195 διανοίας
676 2112 698 2212 ἡ
726 2119 865 2208 πεῦσις,
883 2112 968 2189 ἀλλ’
991 2110 1080 2207 οῦδὲ,
1099 2108 1224 2211 ὥσπερ
1251 2110 1296 2188 ἀν

96 2267 149 2317 τις
182 2233 410 2334 ῦποτοπήσαι
439 2234 560 2340 τυχὸν,
588 2236 626 2314 ἐκ
658 2237 894 2343 φιλομαθείας
926 2235 1045 2318 αὐτοῖς
1077 2231 1242 2337 πρόεισιν
1274 2233 1296 2331 ἡ

46 2386 82 2445 15
97 2357 281 2461 ἐρώτησις,
299 2358 423 2459 γε’γονε
449 2356 488 2439 δὲ
511 2366 657 2457 μᾶλλον
675 2361 713 2438 ἐκ
736 2364 879 2459 πολλῆς
897 2360 1074 2461 ἀγαντῆς
1092 2357 1297 2462 ἀλαζονείας

98 2482 117 2558 ὁ
145 2479 268 2582 λόγος.
307 2479 431 2584 ὥσπερ
459 2479 532 2585 γάρ
559 2481 660 2562 οῦδὲν
682 2479 773 2586 πράς
801 2481 852 2568 οἷς
879 2480 1015 2588 ᾔδεσαν
1040 2481 1220 2588 ἀξιοῦντες
1247 2479 1298 2560 ἔτι

97 2609 221 2701 μαθεῖν
238 2611 428 2710 μονονουχὶ
453 2606 612 2687 τοιοῦτόν
630 2640 664 2686 τι
691 2606 808 2712 φασίν
824 2604 946 2703 Ἅλις,
965 2602 994 2683 ὦ
1019 2606 1132 2704 οὗτος,
1150 2606 1235 2705 ἡμῖν
1252 2601 1299 2684 τά

100 2726 158 2805 διά
187 2726 387 2812 Μωυσέως·
427 2729 531 2825 ’ίσμεν
555 2731 618 2810 οῦκ
645 2728 809 2827 ἐ’λαττον,
832 2731 924 2833 ἤπερ
950 2733 1069 2834 ἐχρῆν,
1093 2728 1139 2810 τά
1166 2731 1222 2838 ἐφ’
1247 2726 1334 2811 οίςά

98 2849 143 2929 ἀν
171 2850 297 2951 δεήσαι
325 2851 573 2934 συντείνεσθαι
600 2851 663 2933 τὸν
688 2861 761 2934 τῶν
788 2856 892 2934 θείων
920 2853 1034 2955 ἔργων
1058 2852 1296 2953 ἐπιστήμονα.

48 3014 87 3053 ιο
100 2976 135 3054 τί
157 2973 195 3054 δὲ
220 2975 291 3079 ἀρα
318 2976 360 3056 τὸ
384 2976 505 3056 καινὸν
526 2978 681 3062 ἐποίσεις
708 2976 814 3061 αὐτὸς
842 2983 915 3060 τοῖς
942 2974 1019 3056 κατ’
1039 2979 1148 3056 ἐκεῖνο
1177 2985 1300 3080 καιροῦ

101 3099 404 3200 διατεταγμένοις;
435 3102 473 3180 τί
491 3100 528 3180 δὲ
554 3100 706 3208 διδάξεις
724 3098 765 3180 τό
785 3101 901 3207 ξένον,
922 3098 943 3179 ῦ
961 3098 1011 3199 μὴ
1031 3099 1089 3179 διά
1108 3107 1179 3180 τῶν
1198 3100 1301 3178 θείων

100 3222 183 3321 ἡμῖν
200 3224 457 3326 προεσημάνθη
475 3225 621 3328 λόγων,
652 3227 779 3304 οὐκοῦν
797 3224 841 3332 ἐξ
857 3224 1026 3307 ἀπονοίας
1044 3231 1189 3320 μᾶλλον
1207 3223 1300 3327 ἤπερ

101 3345 211 3430 ὅντως
243 3350 281 3428 ἐκ
314 3353 539 3454 φιλομαθοῦς
570 3347 813 3450 προαιρέσεως
845 3348 867 3447 ἡ
904 3346 1087 3451 ἐρώτησις.
1140 3346 1230 3453 ἔχεις
1265 3380 1300 3426 τι

101 3480 239 3551 τοιοῦτο
267 3475 325 3551 καὶ
352 3472 451 3574 παρά
478 3477 530 3580 τῷ
557 3474 718 3579 μακαρίῳ
749 3471 941 3580 Ματθαίερ·
972 3471 1110 3556 νεανίας
1137 3470 1203 3569 μὲν
1228 3469 1300 3573 γάρ

51 3628 88 3687 25
101 3628 164 3692 τις,
201 3597 263 3674 οῦκ
300 3595 547 3704 εῦποριστάτῳ
584 3593 774 3696 κτημάτων
810 3596 998 3702 περιουσίᾳ
1037 3594 1330 3700 περιχεάμενος,ο

103 3717 322 3799 ὑπαινίττετό
340 3753 416 3802 πως
433 3725 481 3805 είς
499 3718 541 3799 τό
562 3722 689 3823 χρῆναι
711 3717 841 3801 λοιπόν
858 3717 923 3819 τὴν
943 3718 1011 3798 ῦιτά
1031 3723 1114 3824 Θεῷ
1139 3719 1301 3797 δουλείαν

103 3842 341 3946 είσίρχεσθαι.
392 3842 510 3943 ἐπειδὴ
547 3842 584 3922 δὲ
620 3842 704 3943 ἧκεν
734 3848 782 3928 είς
815 3841 878 3922 τάν
910 3844 1065 3942 Ἰησοῦν,
1097 3839 1302 3922 σπουδαίως

103 3964 373 4066 ἀνεπυνθάνετο,
396 3969 434 4046 τί
455 3967 525 4074 χρὴ
550 3972 639 4071 δρᾶν
657 3967 775 4064 αὐτόν,
794 3968 853 4047 ἵνα
876 3972 935 4047 καὶ
958 3971 1023 4066 τῆς
1048 3967 1190 4046 αἰωνίου
1212 3965 1301 4068 ζωῆς
1347 3963 1468 4080 §.vignole

141 4205 166 4275 αἱ.
183 4190 229 4258 μὲν
241 4199 411 4259 assumptum
423 4207 454 4243 ex
470 4190 501 4242 B.
550 4188 692 4260 τὴνφύσιν
704 4187 737 4242 Β,
818 4205 844 4258 3.
863 4189 986 4259 ὑπάρχων
999 4189 1033 4243 ὣς
1045 4188 1150 4241 inverso
1162 4184 1255 4240 ordine
1269 4185 1304 4242 B.

105 4303 129 4359 7.
148 4274 330 4356 οιπαράλλάῖον
343 4285 376 4338 Β.
451 4302 492 4339 11.
505 4288 627 4353 ποιοῦμεν
640 4283 673 4338 Β.
684 4288 797 4349 ποιῶμεν
810 4282 862 4337 Ed.
875 4283 910 4336 cf.
923 4283 992 4336 infra
1003 4281 1114 4353 3088d0
1190 4280 1231 4334 16.
1243 4278 1304 4350 ᾖδε·

106 4357 168 4428 σαν]
187 4365 214 4421 -1-
230 4357 262 4410 ἀν
275 4357 307 4411 B.
432 4370 472 4426 17.
486 4353 570 4422 Ἀλις,
583 4353 703 4425 δοῦπος]
716 4353 775 4408 ἀλλ’
789 4351 853 4409 ἴσως
862 4355 947 4464 ρὸῦτως
961 4353 993 4407 Β.
1053 4352 1086 4406 τὰ
1100 4351 1162 4406 B.D
1176 4370 1231 4423 mg.
1245 4370 1271 4407 v.
1286 4352 1304 4406 Ι.

107 4479 134 4530 in
148 4477 198 4531 Ed.
212 4495 267 4547 mg.
280 4480 332 4531 τῶν
345 4477 381 4532 D.
396 4476 447 4531 Ed.
634 4492 677 4530 20.
696 4475 726 4528 τὸ
738 4452 836 4544 καινόν]
850 4476 891 4527 καὶ
903 4474 975 4528 κενὸν
990 4472 1020 4526 Β.
1086 4469 1218 4542 αὖτὸς]α’
1244 4473 1256 4486 ‘
1272 4470 1305 4526 B.

108 4564 150 4614 24.
167 4548 280 4618 μὲνοω.
295 4545 329 4601 Β.
402 4563 444 4617 25.
463 4546 654 4616 ιῦπιριστάτων
668 4544 699 4598 Β.
713 4546 889 4618 ιάπεριστάτιρ
903 4545 938 4599 D.
1012 4557 1054 4614 27.
1073 4544 1107 4600 ἀνι
1118 4559 1167 4613 pro
1179 4493 1261 4598 είςπὶά.

658 4647 754 4711 3³¹2
