3038 5018
234 303 298 365 356
538 303 577 368 B.
601 304 812 370 CYRILLI
843 303 1132 370 ALEXANDR.
1332 317 1363 364 v.
1378 316 1434 384 30.

199 474 248 540 b.
291 466 358 548 Τίς
385 465 448 545 οὖν
476 468 495 546 ὁ
523 472 587 567 τῆς
615 474 803 570 διασκευῆς
830 475 893 569 τῆς
921 473 958 550 ἐν
985 469 1099 578 τούτῳ
1128 464 1270 571 τρόπος,
1298 462 1321 564 ἦ
1355 468 1437 545 πῶς

234 586 360 669 ἑαυτὸν
382 587 448 688 μὲν
474 590 609 694 εἰσάγει
637 594 804 696 κρίνοντα
831 595 983 692 δικαίως,
1008 595 1157 675 ἐκείνους
1185 587 1224 669 δὲ
1252 589 1433 684 οὐδαμῶς,

235 711 415 814 εἰρήσεται
438 712 561 794 πάλιν.
599 714 851 819 τεθεράπευκεν
868 720 906 796 ἐν
924 714 1104 823 σαββάτῳ
1128 713 1193 793 τὸν
1209 710 1434 815 παράλοτον,

235 835 392 936 ἠλέησεν
410 836 600 939 ἄνθρωπον
618 837 773 942 μακροὺς
792 843 830 919 ἐν
848 839 1025 940 νοσήματι
1045 839 1318 943 κατατρίψαντα
1344 830 1434 937 χρό-

236 993 327 1055 νους,
354 957 465 1062 ὀρθὴν
490 959 657 1061 δηλονότι
686 966 743 1041 καί
771 960 912 1064 ἀγαθήν
935 964 987 1042 ἐπ’
1008 964 1104 1068 αὐτῷ
1131 959 1198 1059 τὴν
1222 961 1330 1066 κρίσιν
1351 955 1469 1062 ἑξε-5

236 1082 384 1182 νεγκῶν.
424 1083 491 1163 ἔδει
509 1083 582 1188 γάρ
600 1088 826 1188 ε’ποικτείρειν
843 1090 901 1166 καί
924 1088 962 1165 ἰν
977 1082 1157 1191 σαββάτῳ
1176 1081 1240 1161 τὸν
1258 1081 1433 1177 κείμενον,

236 1207 295 1284 καί
329 1213 522 1286 συστεῖλαι
555 1205 622 1307 μὲν
654 1209 718 1288 τὸν
746 1206 852 1288 ἐ’λεον
884 1210 1047 1304 οὐδαμῶς
1077 1211 1174 1286 αἰδοῖ
1202 1211 1247 1309 τῇ
1279 1206 1360 1304 περὶ
1391 1201 1436 1280 τὸ

236 1327 441 1426 σάββατον,
461 1330 682 1431 εἰκαιοτάτην
702 1332 955 1432 ἐπιτηδεύοντα
982 1330 1048 1431 τήν
1069 1328 1270 1424 εὐλάβειαν.
1310 1322 1437 1426 ῶσπερ

207 1451 275 1533 οδέ
307 1455 365 1531 καὶ
398 1456 436 1533 ἐν
463 1455 645 1562 σαββάτῳ
679 1458 736 1534 καί
771 1457 791 1536 ὁ
824 1455 952 1559 Πατήρ
983 1451 1123 1557 ἐνεργὸς
1154 1455 1236 1554 περὶ
1267 1447 1334 1547 τὴν
1361 1454 1438 1527 τῶν

237 1577 446 1673 κτισμάτων
473 1579 676 1677 οἰκονομίαν
702 1581 791 1677 ε’στί,
819 1578 962 1663 πάντως
990 1577 1028 1657 δὲ
1056 1578 1098 1656 δι’
1127 1581 1228 1671 Υῖοῦ,
1255 1575 1348 1653 οὕτω
1377 1574 1438 1650 καί
1455 1604 1496 1644 10

238 1698 357 1784 αὐτός·
388 1698 467 1778 οὐδὲ
495 1699 566 1803 γὰρ
593 1702 873 1803 ἀποστερεῖσθαι
902 1705 974 1781 δεῖν
996 1702 1060 1780 τὸν
1084 1699 1186 1780 ε’λέου
1210 1696 1375 1793 δεόμενον
1398 1695 1439 1773 ἐν

178 1882 185 1895 .
238 1820 421 1930 σαββάτῳ
448 1821 506 1903 διά
531 1822 573 1903 τὸ
598 1823 791 1917 σάββατον
808 1825 1020 1928 ἐδοκίμαζεν,
1039 1826 1112 1904 ἐπεὶ
1137 1823 1257 1924 κύριον
1275 1818 1351 1923 ᾔδει
1371 1826 1439 1898 τοῦ

88 1949 94 1960 ’
144 1947 162 2025 ’.
238 1945 433 2040 σαββάτου
452 1945 515 2026 τὸν
535 1946 611 2027 υῖὸν
629 1957 692 2027 τοῦ
711 1950 913 2052 ἀνθρώπου·
945 1947 1025 2028 οὐδὲ
1043 1946 1115 2050 γὰρ
1134 1948 1154 2025 ὁ
1172 1946 1360 2046 άνθρωπος
1379 1941 1439 2022 διὰ

238 2067 281 2148 τὸ
299 2068 493 2164 σάββατον
510 2072 659 2172 ἐγένετο,
678 2070 778 2151 ἀλλὰ
796 2071 839 2151 τὸ
857 2069 1051 2165 σάββατον
1068 2068 1127 2148 διὰ
1148 2068 1212 2148 τὸν
1230 2068 1435 2170 ἄνθρωπον.

238 2193 366 2271 οὐκοῦν
380 2193 469 2295 ὀρθή
487 2193 553 2290 μὲν
569 2197 626 2274 ἐπὶ
644 2193 782 2278 τούτοις
802 2198 859 2273 καὶ
878 2192 998 2296 ἀγαθὴ
1016 2202 1080 2272 τοῦ
1097 2197 1264 2293 Σωτῆρος
1282 2195 1299 2283 ἦ
1320 2192 1440 2296 κρίσις,
1458 2224 1498 2283 15

238 2317 280 2395 οὑ
314 2315 372 2394 διά
408 2314 449 2394 τὸ
487 2315 681 2411 σάββατον
712 2317 778 2416 τὴν
810 2320 867 2397 ἐπὶ
901 2323 953 2423 τῷ
985 2315 1128 2423 κειμένῳ
1160 2314 1441 2420 φιλανθρωπίαν

239 2437 556 2536 άποκωλύσαντος,
584 2442 669 2518 ἀλλ’
699 2439 788 2541 ὅπερ
817 2437 912 2520 οἶδεν
939 2443 988 2524 ὡς
1016 2437 1109 2522 Θεὸς
1138 2443 1299 2541 ἐνεργεῖν·
1337 2435 1440 2537 πηγὴ

205 2560 311 2664 ᾱγδιρ
336 2561 559 2662 ἀγαθότητος
585 2564 606 2662 ἡ
632 2564 709 2642 θεία
734 2563 845 2671 φύσις
869 2565 960 2643 ε’στί·
992 2571 1097 2642 τοῦτο
1119 2565 1177 2641 καί
1199 2563 1237 2639 ἐν
1256 2558 1441 2665 σαββάτῳ

239 2684 469 2784 ποιήσαντος.
526 2686 547 2784 ή
581 2686 623 2766 δέ
648 2722 690 2789 γε
723 2694 795 2767 τῶν
828 2689 1009 2767 Ἰουδαίων
1042 2686 1158 2787 κρίσις
1194 2686 1217 2783 ή
1253 2686 1307 2763 ἐπ’
1341 2681 1442 2789 αὐτῷ

240 2807 474 2907 λυπουμένων
508 2809 566 2888 διὰ
602 2808 644 2890 τὸ
680 2810 883 2907 σάββατον,
916 2813 974 2890 καί
1007 2808 1066 2889 διά
1100 2817 1206 2888 τοῦτο
1243 2807 1442 2912 φονῶντων
1458 2841 1501 2882 αο

241 2931 332 3012 κατὰ
359 2942 424 3013 τοῦ
452 2931 563 3033 μηδὲν
591 2931 840 3034 ἀδικήσαντος,
867 2940 945 3017 πῶς
976 2935 1018 3012 οὐ
1047 2934 1130 3012 λίαν
1158 2934 1236 3010 ἐστὶ
1268 2937 1341 3014 τοῖς
1373 2928 1442 3028 μὲν

172 3145 178 3157 ,
243 3058 348 3140 θείοις
366 3055 559 3163 άπᾴδονσα
577 3057 707 3156 νόμοις·
737 3059 936 3159 γέγραπται
953 3054 1025 3159 γάρ
1042 3058 1215 3162 (ἰἈθῲον
1228 3058 1286 3133 καί
1304 3054 1444 3133 δίκαιον

243 3190 264 3228 “
283 3181 347 3260 οὐκ
373 3179 607 3264 άποκτενεῖς·”
637 3180 681 3286 ἐξ
702 3179 884 3280 ὠμότητος
911 3179 948 3258 δί
972 3186 1117 3277 μᾶλλον
1135 3182 1199 3276 τῆς
1223 3178 1284 3256 ἀπ’
1304 3178 1440 3273 αὐτῶν,

242 3308 301 3383 καί
318 3305 382 3384 οὐκ
401 3306 439 3383 ἐκ
456 3311 529 3383 τῶν
547 3309 650 3408 ἱερῶν
669 3306 846 3406 ηὑρημένη
865 3302 1087 3406 γραμμάτων
1102 3335 1113 3398 3

299 3427 419 3530 Δίχου
446 3429 565 3507 τοίνυν
589 3430 648 3507 ε’πί
676 3427 814 3510 τούτοις
840 3427 915 3524 μετ’
945 3425 1136 3532 ἐμφάσεώς
1164 3458 1257 3508 τινος
1285 3423 1444 3524 λε’γοντα
1461 3454 1501 3516 α5

212 3546 306 3627 οτδν
324 3550 469 3649 Ἰησοῦν
495 3550 585 3652 πρὸς
609 3548 692 3634 τοὺς
718 3553 773 3656 ἐφ’
794 3548 846 3633 οἷς
870 3551 1044 3653 εὐεργετεῖ
1064 3549 1356 3654 χαλεπαίνοντας,
1381 3549 1444 3625 καὶ

242 3678 316 3755 τοῖς
353 3669 420 3772 μὲν
456 3675 569 3756 ὁσίοις
606 3674 715 3752 αὐτοῦ
753 3673 923 3776 κρίμασιν
957 3671 1252 3772 ἐπισκήπτοντας,
1284 3672 1442 3748 άκολου-

243 3801 393 3879 θοῦντας
418 3793 456 3875 δὲ
479 3802 604 3892 μοναῖς
629 3803 707 3881 ταῖς
730 3798 865 3876 ἑαυτῶν
886 3797 1122 3895 ἐννοίαις,καί
1146 3792 1188 3873 τὸ
1215 3791 1325 3899 δόξαν
1347 3791 1446 3896 ἔχειν

243 3921 357 4022 ὀρθῶς
385 3916 495 4019 νόμον
522 3915 646 4022 ῶσπερ
675 3917 906 4023 ὁριζομενους,
935 3916 1003 3998 κοίν
1030 3916 1151 4026 άπᾴδη
1180 3923 1231 4025 τῷ
1246 3935 1249 3940 ’
1262 3914 1359 4023 νόμῳ
1387 3922 1446 3995 Οὐ

280 4189 306 4243 3.¹
324 4173 532 4243 τεθεραπευκέναι
546 4175 578 4230 Β.
701 4193 728 4241 4.
746 4176 853 4244 μακραῖς
866 4174 898 4229 Β.
1024 4175 1049 4228 8.
1069 4173 1248 4242 ἐπιτηδεύοντα
1262 4171 1294 4226 Β.
1307 4170 1447 4240 ε’πιτηδεύ-

244 4265 318 4298 οντας
331 4243 381 4298 Ed.
489 4263 515 4315 9.
534 4247 575 4300 καὶ
588 4245 660 4317 prius
672 4255 841 4315 assumptum
854 4262 887 4298 ex
901 4243 933 4299 B.
981 4244 1091 4315 ἐνεργῶς
1103 4244 1136 4298 Β.
1237 4261 1278 4298 ιο.
1296 4242 1449 4310 οἰκονομίαν

246 4312 278 4367 Β.
291 4313 483 4405 ἕνήρηεωνίῗρᾶ.
623 4333 662 4371 11.
682 4316 721 4370 δεῖ
734 4315 767 4368 Β.
798 4384 806 4405 ,
913 4331 953 4368 12.
973 4317 1019 4368 τοῦ
1032 4316 1395 4404 σαββάτοηαςαμωρῑῑιαιοκ
1410 4313 1447 4368 Β.

242 4400 288 4505 ἰᾶ.
306 4384 675 4525 ῖδιδνῖῚΒοίιδάίοἰῖιάάεουωρωαι
686 4475 721 4510 εκ
731 4386 772 4509 1Ιί
791 4407 864 4440 ww
875 4395 902 4438 et
914 4393 1013 4524 mg?
1026 4385 1182 4526 ῖάίιίυἰ]θῖί-α
1188 4382 1394 4508 Quaem
1409 4382 1447 4508 g

243 4469 288 4576 οῖ.
305 4526 393 4591 μόναις
405 4527 459 4580 τοῖς
471 4527 567 4579 εὀυτῶν
578 4526 684 4583 ι’ννοίαις
697 4496 816 4598 [οἰνάίαις
829 4522 912 4596 Cod.]
928 4524 960 4580 B.
973 4495 1061 4595 μόνοις
1073 4527 1127 4583 τοῖς
1138 4526 1234 4580 ἑαυτῶν
1247 4495 1297 4579 Ed:
1437 4493 1447 4508 “
