3038 5018
91 286 112 350 i.
129 308 179 369 14.
279 290 337 353 IN
368 291 400 356 S.
425 290 680 355 JOANNEM.
725 290 871 354 LIB.I.
917 288 1019 353 CAP.
1044 287 1105 351 IX.
1228 285 1290 348 139

90 453 211 552 ἐπειδὴ
235 452 273 534 δὲ
299 454 358 533 δαὶ
382 453 448 556 τὴν
470 453 683 558 παράβασιν
706 454 902 557 ἐκολάζετο,
920 451 962 534 τό
982 464 1002 500 “
1016 455 1071 551 Γῆ
1099 447 1214 530 εἶκαὶ
1241 455 1290 534 είς
1334 453 1446 586 ξω·

91 587 113 623 “
131 581 200 677 γῆν
232 578 448 685 ἀπελεάση,”
481 578 562 659 τότε
600 581 741 664 δικαίως
778 579 918 658 ἀκούων
950 575 1190 676 ἀπεγυμνοῦθη
1226 577 1291 672 τῆς

91 699 249 804 χάριτος·
279 702 505 781 ἀπανίστατο
524 702 562 782 δὲ
579 708 644 802 τῆς
661 702 786 804 γηΐνης
803 700 940 803 σαρκὸς
960 702 981 801 ἡ
999 698 1092 799 πνοὴ
1111 703 1174 796 τῆς
1190 696 1290 800 ζωῆς,

91 824 268 922 τουτέστι,
295 826 337 905 τὸ
367 831 517 925 Πνεῦμα
543 835 607 907 τοῦ
635 830 805 930 λέγοντος
832 825 931 927 Ἐγώ
963 831 1032 922 εἰμι
1064 824 1087 924 ἦ
1119 819 1200 923 ζωὴ,
1231 823 1291 898 καὶ

58 947 212 1029 5πίπτει
230 948 273 1027 τὸ
291 949 382 1056 ζῴον
400 957 448 1034 εἰς
467 949 622 1030 θάνατον
641 950 700 1030 διὰ
718 949 829 1052 μάνης
847 954 910 1047 τῆς
928 947 1074 1049 σαρκὸς,
1088 943 1323 1047 σωζομεῦηςῐ)

91 1073 130 1149 ε’ν
162 1071 345 1178 ἀθανασίᾳ
376 1078 440 1172 τῆς
471 1079 605 1180 ψυχῆς,
633 1078 706 1154 ἐπεὶ
738 1078 795 1155 καὶ
822 1072 913 1177 πρὸς
940 1071 1053 1172 μόνην
1080 1070 1197 1173 εἴρητο
1224 1068 1289 1166 Τὴν

91 1191 213 1295 σάρκα
246 1206 268 1242 “
285 1200 338 1295 Γῆ
372 1194 404 1277 εἶ
439 1201 498 1276 καὶ
536 1204 584 1281 είς
620 1203 689 1299 γῆν
721 1195 936 1302 ἀπελεάσῃ.”
989 1194 1056 1275 ἔδει
1092 1194 1211 1273 τοίνυν
1247 1192 1289 1272 τὸ
1335 1208 1375 1257 Ib-

90 1319 256 1414 μάλιστα
283 1323 515 1401 κινδυνεῦσαν
537 1324 574 1400 ἐν
601 1322 695 1421 ἡμῖν,
715 1319 930 1423 γοργότερον
953 1316 1212 1420 ἀνασώζεσθαι
1232 1318 1290 1395 καὶ

91 1449 291 1548 συμπλοκῇ
315 1442 429 1524 πάλιν
450 1450 496 1550 τῇ
521 1445 612 1547 πρὸς
636 1443 727 1545 ζωὴν
749 1443 815 1544 τὴν
839 1443 930 1524 κατὰ
957 1443 1071 1548 φάσιν
1096 1443 1288 1540 ἀνακαλεῖ·

45 1599 78 1639 ιο
91 1570 180 1643 σθαι
198 1571 288 1669 πρὸς
307 1570 529 1673 ἀφθαρσίαν.
563 1569 631 1648 ἔδει
650 1568 691 1649 τὸ
709 1567 889 1654 πεπονθὸς
908 1568 1017 1647 λύσιν
1036 1564 1208 1667 εῦράσθαι
1226 1571 1290 1642 τοῦ

91 1696 213 1767 κακοῦ.
274 1690 343 1768 ἔδει
379 1693 508 1772 λοιπὸν
545 1694 719 1792 ἀτονῆσαι
755 1691 797 1773 τό
835 1703 856 1740 “
875 1696 929 1791 Γῆ
965 1687 997 1770 εἷ
1036 1692 1095 1769 καὶ
1133 1694 1179 1770 είς
1221 1690 1291 1787 γῆν

92 1819 114 1855 “
133 1811 349 1917 ἀπελεῦση,”
378 1814 568 1900 ἑνωθέντος
595 1814 794 1921 ἀφράστως
820 1824 884 1895 τοῦ
915 1814 1091 1898 πεσόντος
1120 1813 1290 1908 σώματος

91 1937 144 2039 τῷ
159 1932 206 2012 τά
222 1935 342 2016 πάντα
360 1936 591 2039 ζωογονοῦντι
612 1939 733 2047 Λόγῳ.
1246 1980 1250 1986 ·
1302 1962 1321 2005 0

150 2057 273 2160 Σάρκα
301 2061 372 2162 γὰρ
400 2061 467 2141 ἔδει
495 2063 691 2163 γενομένην
711 2065 830 2159 αὐτοῦ,
858 2066 921 2160 τῆς
949 2061 1009 2138 ἀπ’
1039 2061 1148 2138 αῦτοῦ
1177 2091 1286 2156 μετα·

45 2207 77 2266 15
93 2187 198 2283 σχεῖν
219 2184 431 2269 ἀθανασίας·
466 2193 524 2265 καὶ
552 2185 625 2290 γὰρ
650 2185 695 2266 ἀν
720 2186 773 2286 ε’ίη
798 2192 870 2265 τῶν
895 2181 1137 2264 ἀτοπωτάτων.
1160 2180 1202 2260 τὸ
1225 2179 1291 2280 μὲν

91 2312 165 2404 πῦρ
195 2307 365 2388 ἐντιθέναι
396 2307 571 2389 δύνασθαι
598 2316 675 2393 ταῖς
704 2311 804 2393 ῦλαις
832 2313 896 2409 τῆς
928 2305 1018 2387 κατὰ
1051 2306 1167 2411 φύσιν
1195 2306 1292 2410 αὐτῷ

92 2429 303 2530 προσούσης
320 2433 494 2534 ἐνεργείας
511 2433 577 2531 τὴν
590 2434 628 2511 ἐν
641 2432 810 2533 αἰσθήσει
827 2431 1011 2533 ποιότητα,
1025 2436 1083 2511 καὶ
1100 2430 1290 2533 μονονουχὶ

91 2554 363 2657 μετασκευάζειν
381 2562 429 2638 είς
454 2554 557 2636 ἑαυτὸ
581 2555 627 2635 τὰ
652 2559 689 2635 ἐν
707 2555 759 2641 οἷς
783 2555 827 2636 ἀν
846 2558 983 2657 γένοιτο
1005 2559 1194 2654 μεθεκτῶς·
1226 2550 1290 2632 τὸν

92 2672 131 2751 δέ
149 2674 236 2777 ῦπὲρ
254 2679 374 2756 πάντα
392 2688 455 2759 τοῦ
474 2685 569 2759 Θεοῦ
588 2678 721 2781 Λόγον,
740 2680 790 2779 μὴ
809 2678 952 2765 πάντως
976 2680 1112 2759 οἴεσθαι
1137 2674 1179 2756 τὸ
1202 2675 1290 2755 ἴδιον

45 2833 78 2871 ιο
92 2797 230 2897 ἀγαθὸν
246 2800 510 2902 ἐνεργάσασθαι
534 2809 579 2907 τῇ
605 2807 724 2906 σαρκὶ,
741 2805 905 2884 τουτέστι
929 2804 994 2903 τὴν
1017 2802 1119 2905 ζωήν.
1159 2799 1290 2897 ταύτης

92 2920 155 2998 οῦν
172 2918 266 3019 οἶμαι
284 2926 450 3023 μάλιστα
467 2932 530 3024 τῆς
548 2928 661 3010 αἰτίας
680 2927 780 3006 ἕνεκα
799 2929 861 3007 τὸν
881 2925 984 3028 ἀγιον
999 2921 1288 3027 Εὐαγγελιστὴν,

90 3044 164 3123 ἀπὸ
197 3054 260 3125 τοῦ
295 3047 473 3133 παθόντος
512 3050 675 3146 μάλιστα
712 3049 755 3129 τὸ
791 3052 879 3158 ζῴον
912 3050 1143 3150 σημαίνοντα,
1176 3048 1322 3151 σάρκαᾶ

90 3167 258 3269 γενέσθαι
277 3170 340 3250 τὸν
358 3181 422 3251 τοῦ
439 3178 536 3253 θεοῦ
554 3173 677 3273 Λόγον
696 3180 814 3254 εἰπεῖν·
845 3175 903 3252 ἵνα
923 3178 1038 3274 θεωρῇ
1060 3205 1111 3255 τις
1134 3171 1224 3266 ὁμοῦ
1244 3164 1287 3246 τὸ

90 3299 230 3394 τραῦμα
262 3299 321 3374 καὶ
350 3294 393 3375 τὸ
424 3296 624 3402 φάρμακον,
659 3295 701 3376 τὸ
734 3306 866 3377 νοσοῦν
899 3299 956 3377 καὶ
987 3294 1051 3376 τὸν
1082 3290 1213 3394 ἰατρὸν,
1245 3288 1288 3369 τὸ

45 3445 77 3504 25
91 3418 299 3514 κεκλιμένον
329 3424 379 3502 είς
411 3418 565 3499 θάνατον
594 3424 652 3499 καὶ
684 3420 748 3500 τὸν
780 3424 963 3523 ἐγείραντα
992 3417 1082 3523 πρὸς
1115 3413 1215 3518 ζωὴν,
1245 3411 1288 3492 τὸ

91 3541 214 3645 φθορᾷ
233 3539 452 3639 νενικημένον
470 3549 527 3622 καὶ
545 3541 609 3622 τὸν
628 3545 823 3624 ἐλαύνοντα
842 3543 909 3644 τὴν
923 3541 1074 3647 φθορὰν,
1086 3540 1128 3621 τὸ
1145 3534 1287 3642 θανάτῳ

90 3663 264 3762 κρατηθὲν
289 3668 346 3743 καὶ
374 3672 438 3744 τοῦ
465 3667 620 3747 θανάτου
647 3668 712 3747 τὸν
735 3669 926 3769 κρείττονα,
954 3666 996 3746 τὸ
1025 3665 1113 3768 ζωῆς
1142 3665 1288 3761 ἐστερη-

130 3916 153 3952 1.
170 3899 201 3953 τό
213 3916 266 3954 om.
281 3899 313 3954 B.
420 3914 483 3972 4-7.
501 3904 542 3956 καὶ
553 3902 823 3975 πίπτει-ἅσελεύσῃ]
839 3904 914 3960 Haec
926 3901 1135 3972 verbafcitantur
1146 3898 1173 3951 in
1187 3893 1287 3977 emp
1308 3950 1311 3958 Δ

92 3966 211 4022 Genesin
229 3969 262 4024 ad
281 3972 332 4026 loc.
352 3970 380 4024 in
399 3969 469 4026 Bibl.
488 3971 517 4027 S.
535 3971 636 4044 Synodi
656 3975 812 4046 Mosquensi
831 3970 1286 4042 conserv.(cod.380‚oli11111³2¹ms

92 4038 225 4094 secundae
237 4041 299 4095 solio
311 4043 350 4112 5.)
558 4059 583 4115 7.
602 4043 699 4114 σάρκα]
717 4052 745 4108 ÷
760 4049 790 4099 τὸ
804 4045 886 4100 Cord.
934 4045 986 4098 ἔδει
998 4061 1051 4096 om.
1066 4042 1088 4094 Ε
1100 4042 1195 4094 lacuna
1206 4038 1286 4092 facta.

91 4109 196 4235 grob]
210 4114 240 4179 τῇ
254 4109 287 4165 Β.
300 4113 384 4166 invito
397 4112 479 4168 Cord.
578 4131 618 4169 10.
638 4115 762 4184 εὒράσθοι
777 4115 808 4170 Β.
822 4113 943 4185 εὑρέσθαι
956 4113 1006 4168 Ed.
1102 4126 1143 4164 12·
1160 4111 1287 4164 mdmff

60 4206 67 4214 ·
118 4179 493 4251 ,Cord.npoumcdvrocssd.
593 4201 633 4255 13.
653 4189 684 4238 τὰ
696 4203 786 4240 assum
806 4195 863 4239 tum
876 4204 908 4239 ex
923 4185 955 4238 B.
968 4182 1050 4237 Cord.
1150 4189 1191 4246 14·
1208 4199 1286 4247 pm·

91 4253 168 4321 σχεῖν
181 4252 216 4304 Ι).
230 4251 311 4306 Cord.
325 4253 376 4308 Ed.
387 4255 521 4326 μετίσχειν
534 4255 560 4307 D
573 4272 628 4325 mg.
641 4258 770 4326 μετὴσχεν
784 4204 816 4309 Ε.
952 4254 992 4308 16.
1013 4254 1053 4306 καί
1067 4269 1115 4322 pro
1126 4253 1171 4318 τῆς
1185 4249 1287 4329 Μὶθῦῗ·

94 4323 136 4375 18.
154 4323 242 4376 ἑαυτὸν
256 4322 288 4376 B.
361 4341 404 4378 20.
421 4325 611 4395 ἐνεργάσοσθοι
623 4326 702 4380 edidi.
740 4327 827 4380 Verba
841 4325 971 4396 quaedam
987 4320 1174 4394 promerebis
1187 4320 1286 4374 desen-

91 4391 158 4445 benn
173 4391 215 4454 Β,
228 4393 390 4464 ἐργάσασθαι
402 4397 488 4477 prima
499 4397 565 4459 vice,
578 4396 768 4468 ἐνεργάσασθαι
780 4395 898 4450 secunda
910 4396 966 4449 vice
977 4394 1093 4449 exhibet.
1105 4390 1287 4478 ἐνεργάζεσθαι

93 4463 129 4516 D.
143 4462 193 4516 Ed.
207 4463 360 4535 ε’νεργάσθοι
375 4466 437 4538 (αις)
452 4467 478 4519 D
491 4485 547 4537 mg.
726 4483 768 4537 23·
787 4466 909 4539 γενέσθω
923 4465 1006 4520 Cord.
1020 4465 1072 4521 Ed.
1083 4461 1239 4536 γεγενησθοι
1252 4458 1285 4515 Β.

92 4549 134 4600 25.
153 4535 306 4603 κεκλημένον
320 4534 352 4590 Β.
460 4552 503 4608 27.
520 4538 551 4590 τὸ
564 4536 596 4591 Β.
608 4537 653 4591 τὸν
666 4535 716 4590 Ed.

661 4639 715 4687 ΤΞ
