3038 5018
245 301 310 365 286
549 303 588 368 B.
613 260 819 368 ονίιιυιι
850 304 1136 369 ALEXANDR.
1338 303 1449 370 imo.

246 469 325 570 ουχὶ
351 464 409 544 διά
431 471 495 566 τῆς
515 468 750 570 ὑπομνήσεως
769 477 817 554 εἷς
836 468 1010 578 ἐξήγησιν
1029 477 1196 547 καλοῦσα
1213 468 1277 547 τὸν
1296 467 1446 570 Κύριον·

247 600 268 635 “
290 595 375 674 Πῶς
400 589 471 694 γάρ
498 590 557 689 σῦ,
585 596 713 698 φησὶν,
734 594 905 679 Ἰουδαῖος
931 593 1088 696 ὢνπαρ’
1114 596 1201 690 ἐμοῦ
1223 598 1316 672 πιεῖν
1342 597 1450 673 αἰτεῖς

247 724 268 760 “
287 714 451 815 γυναικός
476 718 731 817 Σαμαρείτιδος
757 719 869 816 οῦσης
882 719 915 815 ;”
945 715 1065 814 ἐπειδὴ
1090 715 1138 812 δέ,
1157 725 1221 794 τοῦ
1246 720 1310 814 τῆς
1333 749 1445 814 κατη-

245 835 386 941 χήσεως
404 836 592 941 προϊόντος
611 837 736 941 λόγου,
755 843 814 919 καὶ
837 839 1029 945 προφήτην
1047 837 1227 940 ὡμολόγει
1250 835 1337 918 εἶναι
1364 849 1446 916 λοι-

245 959 326 1056 πὸν,
350 960 541 1067 φάρμακον
566 970 612 1047 εἰς
641 965 825 1067 σωτηρίαν
851 973 1022 1060 λαβοῦσα
1050 962 1114 1042 τὸν
1139 959 1304 1066 ἔλεγχον,
1325 960 1483 1062 ἑτέραν5

246 1084 343 1191 αύτῷ
360 1090 525 1188 προσῆγε
543 1084 609 1184 τὴν
626 1095 755 1165 πεῦσιν
773 1087 935 1188 λέγουσα
961 1092 1173 1193 φιλομαθοῦς
1193 1096 1215 1131 “
1230 1090 1279 1165 Oi
1297 1084 1450 1186 πατέρες

246 1218 268 1255 “
286 1209 387 1307 ἡμῶν
409 1212 447 1288 ἐν
474 1215 525 1318 τῷ
553 1209 626 1313 ὄρει
653 1208 767 1317 τούτιρ
793 1211 1084 1311 προσεκύνησαν,
1112 1212 1169 1288 καὶ
1198 1210 1294 1307 ὑμεῖς
1321 1209 1450 1308 λέγετε

216 1342 268 1397 ⁰“
288 1332 342 1412 ὅτι
364 1335 401 1412 ἐν
418 1333 685 1435 Ἱεροσολύμοις
709 1336 810 1412 ἐστὶν
829 1336 849 1413 ὁ
875 1330 983 1416 τόπος
1009 1331 1099 1412 ὅπου
1126 1339 1343 1435 προσκυνεῖν
1361 1335 1446 1413 δεῖ.”

245 1457 330 1534 ἀλλ’
350 1456 554 1537 ἐδιδάσκετο
582 1465 688 1536 τοῦτο
712 1452 837 1552 πιίλιν,
858 1459 907 1540 ὡς
933 1457 1008 1563 ἥξει
1034 1453 1133 1552 ποτέ,
1151 1462 1297 1555 μᾶλλον
1316 1454 1354 1534 δέ
1377 1454 1449 1554 ἤδη

244 1576 421 1680 πάρεστιν
445 1582 464 1657 ὁ
490 1579 620 1683 καιρὸς,
645 1579 728 1660 καθ’
749 1579 790 1660 δν
813 1586 846 1659 οὶ
874 1582 1038 1679 ἀληθινοὶ
1064 1581 1312 1680 προσκυνηταὶ
1338 1575 1382 1658 τὸ
1409 1582 1448 1657 ἐν
1466 1611 1504 1651 10

245 1701 345 1803 ὅρεσι
364 1711 438 1785 τοῖς
455 1707 512 1783 ἐπὶ
531 1708 598 1805 γῆς
616 1711 831 1806 προσκυνεῖν
849 1702 1115 1805 παρωσάμενοι,
1132 1701 1198 1802 τὴν
1212 1703 1448 1806 ὑψηλοτέραν

245 1828 303 1904 καὶ
328 1827 366 1906 ἐν
383 1827 557 1923 πνεύματι
583 1828 751 1927 λατρείαν
771 1828 1017 1930 προσοίσουσι
1043 1833 1094 1931 τῷ
1118 1831 1202 1931 θεῷ
1227 1827 1286 1904 καὶ
1309 1827 1443 1926 Πατρί.

244 1945 342 2057 μόνῳ
361 1948 399 2028 δέ
416 1951 564 2051 πρέπειν
583 1953 756 2029 ἀναθεῖσα
775 1949 820 2029 τὰ
839 1948 1024 2029 κάλλιστα
1041 1955 1093 2056 τῷ
1112 1954 1275 2054 Χριστῷ,
1294 1952 1352 2027 καὶ
1378 1948 1448 2048 τὴν

243 2075 299 2152 ἐπὶ
335 2080 408 2156 τοῖς
440 2075 604 2171 ἀμείνοσι
637 2081 775 2175 γνῶσιν
807 2081 880 2156 τοῖς
912 2074 1043 2153 ἐκείνου
1076 2069 1218 2176 χρόνοις
1248 2070 1447 2173 τηρήσασα

74 2173 176 2301 ws-
243 2206 265 2244 “
285 2197 454 2296 Οἴδαμεν,
475 2200 601 2303 φησὶν,
622 2196 677 2276 ὅτι
695 2198 822 2294 μεσίας
841 2197 991 2301 ἐρχεται,
1011 2199 1030 2275 ό
1050 2194 1243 2297 λεγόμενος
1262 2193 1442 2297 Χριστὸς,
1464 2224 1501 2284 ¹5

209 2329 265 2393 d“
284 2318 371 2399 ὅταν
389 2317 479 2425 έλθη
498 2323 637 2416 ἐκεῖνος,
655 2324 853 2422 ἀναγγελεῖ
868 2321 951 2419 ἡμῖν
968 2318 1122 2399 πάντα.”
1153 2321 1239 2424 ὁρᾷς
1259 2318 1355 2401 ὅπως
1373 2321 1444 2421 ἤδη

242 2442 284 2521 τὸ
312 2445 458 2545 γύναιον
486 2442 649 2548 εύτρεπές
676 2450 724 2526 είς
752 2441 794 2522 τῦ
821 2441 1002 2523 πιστεύειν
1026 2443 1199 2543 ἐγίγνετο,
1227 2446 1285 2522 καὶ
1315 2441 1445 2546 ῶσπερ

241 2567 320 2645 τινὰ
344 2573 497 2665 βαθμῶν
516 2568 763 2661 ἀναβαίνουσα
790 2565 900 2662 θέσιν,
920 2570 957 2645 ἐκ
982 2574 1119 2669 μικρῶν
1137 2564 1377 2669 ἐρωτημάτων
1396 2575 1445 2653 εἰς

242 2691 472 2794 ὑψηλοτέραν
506 2691 581 2798 ἕξιν
612 2693 801 2796 ἀνατηδηῖ;
838 2689 906 2768 ἐδει
938 2692 1058 2769 τοίνυν
1089 2692 1180 2794 αὐτῇ
1213 2691 1444 2794 τρανοτέραις

240 2810 304 2912 μέν
321 2815 389 2914 ήδη
408 2822 544 2922 φωναῖς
562 2817 793 2917 ἀπογυμνοῦν
811 2811 853 2892 τὸ
876 2812 1107 2913 ποθούμενον,
1128 2812 1170 2893 τὸ
1195 2813 1232 2893 δέ
1256 2817 1294 2892 ἐν
1313 2817 1443 2895 ἐλπίσι
1462 2849 1502 2889 20

239 2936 441 3039 σωφμενον
473 2942 624 3043 ἀγαθαῖς
660 2937 892 3041 παρατιθέναι
928 2937 1059 3017 λοιπὸν
1090 2941 1127 3017 ἐν
1162 2936 1246 3042 ὄφει
1286 2937 1444 3039 λέγοντα

238 3064 331 3164 Ἐγῶ
359 3071 426 3167 εῖμι
456 3073 471 3144 ὁ
500 3063 619 3143 λαλῶν
648 3100 712 3142 σοι.

294 3185 582 3290 Ἐπιτρεπόντων
610 3193 800 3288 τοιγαροῦν
829 3193 901 3268 τοῖς
930 3184 1110 3283 νεήλυσιν,
1137 3191 1169 3264 οἱ
1197 3184 1238 3264 τὸ
1266 3189 1441 3267 διδασκα-
1478 3256 1490 3285 ,

208 3309 343 3389 θλικδν
361 3311 398 3387 ἐν
418 3310 624 3410 ἐκκλησίαις
643 3310 782 3413 ἔχοντες
800 3308 1024 3406 ἐπιτήδευμα,
1042 3311 1106 3388 τὸν
1124 3314 1187 3408 τῆς
1206 3308 1442 3413 κατηχήσεως

239 3435 499 3531 ἀναμασιῖισθαι
523 3432 645 3533 λόγον,
665 3435 758 3511 οὕτω
783 3466 820 3510 τε
846 3430 975 3511 λοιπὸν
998 3432 1298 3511 καταδεικνύντων
1319 3434 1441 3518 αὐτοῖς
1459 3460 1498 3520 ²5

238 3555 302 3636 τὸν
329 3557 483 3654 Ἰησοῦν,
511 3558 549 3634 ἐκ
577 3563 704 3657 μικρᾶς
730 3555 975 3656 παιδαγωγίας
1006 3558 1064 3635 ἐπὶ
1092 3555 1157 3654 τὴν
1185 3556 1441 3660 ἐντελεστέραν

238 3684 302 3778 τῆς
318 3679 475 3763 πίστεως
494 3678 770 3781 ἀναβιβάζοντες
788 3685 937 3779 γνῶσιν.
981 3684 1014 3758 οἱ
1034 3677 1070 3758 δέ
1090 3677 1153 3758 τὸν
1172 3683 1355 3781 ἀλλογενῆ
1379 3684 1440 3760 καὶ

237 3806 331 3883 οῦτω
368 3801 602 3906 προσήλυτον
634 3800 859 3903 ἁρπάζοντες,
893 3804 951 3881 καὶ
987 3807 1124 3901 σκηνῆς
1157 3800 1221 3899 μέν
1254 3803 1340 3881 ε’ίσω
1373 3808 1440 3903 τῆς

237 3929 414 4029 ἐσωτέρας
438 3926 650 4024 ποιούμενοι,
670 3926 765 4006 θύειν
784 3927 821 4005 δέ
847 3927 1005 4009 ἀνίπτοις
1031 3927 1082 4005 έτι
1107 3930 1213 4031 χερσὶ
1237 3925 1301 4006 τὸν
1323 3925 1440 4025 ἀμνὸν

237 4051 493 4155 ε’πιτρεποντες,
513 4054 571 4130 καὶ
590 4052 641 4158 τῶ
659 4054 722 4148 τῆς
742 4047 935 4152 ἱερωσύνης
955 4051 1241 4155 καταστέφοντες
1260 4048 1440 4156 ἀξιώματι
1456 4078 1498 4134 30

272 4296 299 4344 4.
317 4269 380 4330 εῖναι
392 4276 484 4329 λοιπὸν
497 4276 619 4344 ὁμολογεῖ
632 4273 664 4328 B.
794 4289 820 4342 9.
838 4274 914 4325 τοῦτο
926 4288 981 4325 om.
998 4271 1030 4325 B.
1162 4289 1203 4342 13.
1222 4273 1253 4325 τὰ
1266 4281 1439 4343 assumptum

263 4397 315 4450 fB.
420 4409 459 4464 17.
479 4395 604 4461 εῦπρεπές
618 4394 647 4447 Β.
697 4359 798 4462 ἐγέῖιετο
812 4392 844 4446 Β.
944 4410 985 4463 19.
1004 4392 1082 4460 αὐτήν
1096 4393 1127 4447 B.
1228 4409 1270 4446 21.
1289 4392 1388 4463 ὄφεσιν
1402 4393 1437 4447 Β.

302 4466 403 4520 'roms
416 4465 442 4517 ἐν
455 4465 602 4533 ἐκκλησίαις
614 4465 718 4518 inverso
730 4463 823 4518 ordine
837 4464 869 4517 B.
1032 4476 1075 4529 25.
1094 4462 1276 4533 ἀναμοσῖισθιτι
1292 4463 1361 4517 B.D.
1374 4463 1438 4518 ἀνσ-

355 4535 391 4588 ααι
406 4535 454 4588 Ed.
