3038 5018
92 304 146 370 vii.
162 326 212 393 13.
272 307 330 371 IN
361 306 673 374 S.JOANNEM.
719 304 814 370 ΙιΙΒ.
839 303 899 368 1v.
944 299 1048 368 cAP.
1064 301 1106 364 V.
1226 297 1290 361 597

91 471 149 550 ἐπὶ
173 471 317 558 ταύταις
342 475 460 556 αι’πῶν
478 482 556 560 ταῖς
573 474 767 579 λοιδορίαις
786 472 1010 577 ἐγκλήματα·
1037 480 1059 520 “
1075 469 1170 551 Οὐαὶ
1177 469 1198 497 ”
1218 466 1291 569 γάρ
1337 465 1401 596 ξω
1409 465 1453 516 ffi·

93 599 209 698 φησιν
239 607 259 644 “
278 599 406 695 αὐτοῖς,
434 598 490 679 ὅτι
517 599 755 700 ἀπιπήδησαν
782 596 844 680 ἀπ’
870 598 968 697 ἐμοῦ·
1010 593 1160 674 δείλαωί
1183 598 1289 689 εἰσιν,

94 728 116 764 “
134 718 189 798 572
211 720 402 820 7ῖσὲβησαν
419 727 468 807 είς
493 722 565 822 ε’μέ·
594 720 666 826 ἐγὼ
691 721 729 803 δέ
753 719 1017 826 ἐλυτρωσοῖμην
1035 716 1173 817 αὐτούς,
1191 717 1293 798 αὐτοὶ

94 853 115 889 “
133 841 171 923 δέ
189 847 444 945 κατελάλησαν
463 848 538 927 κατ’
557 849 644 946 ἐμοῦ
662 847 815 954 φενδῆ.”

60 1126 80 1186 5
112 1127 229 1196 Οὐδείς
254 1129 366 1207 μέντοι
391 1131 426 1197 ὲν
453 1129 618 1223 παρῤιισίᾳ
643 1131 756 1198 ἐλάλει
782 1129 856 1220 περὶ
883 1130 984 1196 αὑτοῦ
1010 1128 1064 1196 διὰ
1090 1127 1147 1196 τὸν
1173 1129 1276 1214 φόβον
1310 1138 1346 1198 13

558 1263 625 1332 τῶν
647 1264 828 1332 Ἰουδαίων.

150 1427 217 1507 Ἐν
243 1435 318 1512 τοῖς
340 1428 523 1513 Ἰουδαίοις
551 1430 571 1510 ὁ
598 1428 823 1533 γογγυσμὸς,
848 1432 907 1511 καὶ
935 1425 995 1512 δεδι
1022 1428 1073 1515 τδυ
1101 1428 1206 1535 φόβον
1233 1426 1326 1509 τότε
1342 1441 1464 1499 408Δ-

95 1547 268 1650 Ἰουδαίων,
289 1552 414 1632 ούδένα
432 1552 613 1633 δύνασθαί
626 1560 742 1659 φησιν
760 1557 790 1636 ἐν
809 1559 977 1665 παρ’ῥησία
996 1558 1134 1633 λαλεῖν.
1169 1552 1296 1631 οὐκοῦν

94 1673 279 1780 ἐξαιρέτως
298 1671 480 1760 Ἰουδαίους
499 1674 658 1779 ὀνομάζει
677 1677 759 1763 τοὺς
777 1684 849 1758 τῶν
865 1678 1049 1758 Ἰουδαίων
1067 1674 1296 1783 ἐξάρχοντας,

45 1827 82 1869 ¹0
96 1800 160 1877 οὐκ
187 1799 361 1905 ἀξιώσας,
386 1798 434 1884 ὦς
462 1834 505 1902 γε
532 1834 594 1899 μοι
622 1800 796 1908 φαίνεται,
817 1789 1083 1905 πρεσβιπέρονς
1110 1793 1295 1898 αύτούς,ἢ

96 1922 217 2023 ἱερέας,
247 1920 269 2023 ἢ
302 1922 421 2027 ἕτερόν
451 1958 486 2003 τι
513 1931 721 2026 προσειπεῖν
749 1930 823 2003 τῶν
850 1924 1068 2005 τοιούτωνὸ
1101 1920 1295 2005 θεσπέσιος

97 2045 384 2147 Εύαγγελιστῆς,
403 2042 501 2156 ζήλῳ
518 2053 570 2154 τῷ
587 2046 679 2151 πρὸς
703 2048 888 2141 εύσέβειαν
905 2044 996 2150 πρὸς
1016 2045 1084 2147 τὴν
1102 2048 1155 2127 ἐπ’
1176 2047 1295 2127 αὐτοῖς

98 2169 218 2266 λύπην
237 2155 462 2269 ἠκονημένας,
481 2170 543 2255 οὓς
566 2169 611 2270 δὴ
632 2174 690 2250 καὶ
716 2170 869 2266 εἰκότως,
887 2174 936 2255 ὡς
953 2169 1018 2249 τὸν
1035 2166 1162 2271 νοητὸν
1181 2202 1291 2248 κατα-

98 2291 310 2397 φθείροντας
340 2295 549 2392 ἀμπελῶνα,
573 2301 794 2376 καταιτιᾶται
828 2293 947 2396 λέγων
974 2295 1012 2373 ἐν
1039 2291 1243 2399 προφήταις
1274 2293 1296 2372 ὁ

46 2433 83 2495 15
98 2417 190 2500 Θεός
222 2427 243 2463 “
257 2416 428 2514 Ποιμένες
463 2422 599 2498 πολλοὶ
634 2418 837 2525 διέφθειραν
873 2414 938 2498 τὸν
974 2414 1171 2515 ἀμπελῶνί
1208 2449 1291 2514 μου,

97 2550 118 2588 “
137 2538 314 2639 ἐμόλυναν
337 2541 403 2640 τὴν
423 2541 549 2643 μερίδα
574 2576 655 2640 μου,
673 2541 809 2622 ἔδωκαν
831 2541 957 2643 μερίδα
984 2537 1203 2639 ἐπιθυμητήν
1225 2572 1295 2637 μου

96 2674 118 2710 “
136 2671 185 2747 είς
222 2663 354 2766 ἔρημον
384 2664 533 2762 ἄβατον,
566 2663 715 2767 ἐγενήθη
751 2668 801 2750 είς
837 2661 1047 2771 ἀφανισμὸν
1079 2661 1294 2745 ἀπωλείας.”

96 2793 173 2870 πῶς
201 2784 272 2889 γὰρ
300 2790 363 2868 οὐκ
390 2784 588 2888 οἰησόμεθα
615 2787 859 2895 κατεφθάρθαι
887 2784 963 2867 κατ’
983 2784 1155 2887 ἀλήθειαν
1179 2787 1293 2886 ἀμπε-

97 2917 199 2990 λῶνα
226 2909 289 2990 τὸν
316 2908 531 2991 δεσποτικὸν
559 2917 635 2996 ταῖς
663 2913 797 2992 ἐαντῶν
825 2909 1039 3013 βδελυρίαις,
1068 2909 1127 2990 ίντε
1161 2912 1220 2988 καὶ
1255 2908 1295 2988 τὸ

1307 2439 1328 2506 b
1340 2409 1415 2462 Hier.
1421 2409 1465 2460 xii.

1343 2488 1382 2535 ιο,
1395 2487 1434 2525 ιτ.

46 3065 85 3106 ²0
98 3041 276 3116 συνειπεῖν
294 3038 346 3142 τῷ
369 3036 495 3145 ἀγαθῷ
518 3037 576 3115 καὶ
595 3034 779 3135 θανμοῖσαι
798 3033 909 3134 μόνον
927 3033 970 3113 τὸ
992 3032 1173 3132 θαύματος
1192 3032 1296 3139 ἄξιον

97 3155 298 3261 ἐπισφαλὲς
326 3158 575 3255 ἀπεδείκνυον,
620 3157 884 3264 φορτικωτέραν
913 3156 952 3237 δέ
985 3156 1040 3236 ότι
1073 3163 1148 3242 τοῖς
1182 3156 1291 3258 ἡγου-

96 3282 214 3382 μένοις
242 3289 315 3362 τῶν
342 3280 525 3362 Ἰουδαίων
553 3280 620 3381 τὴν
649 3280 805 3362 κόλασιν
834 3278 1067 3384 ἀπεργάζεται
1099 3277 1189 3379 μετὰ
1222 3286 1295 3359 τῶν

97 3409 225 3489 ἄλλων
243 3411 301 3487 καὶ
319 3415 436 3504 τοῦτο,
455 3406 524 3486 τίνι
547 3411 620 3484 τῶν
638 3406 677 3485 εὖ
702 3404 932 3510 φρονούντων
950 3406 1161 3509 ἀμφίβολον
1176 3436 1187 3501 ;
1219 3400 1325 3483 ῖδοὺθ

97 3531 170 3632 γὰρ
187 3527 272 3625 ἔδοι),
292 3529 386 3608 δέδιέ
399 3562 438 3607 τε
458 3533 516 3608 καὶ
534 3529 764 3638 καταφρίττει
786 3530 851 3629 μὲν
868 3528 962 3613 ἄπας
987 3525 1114 3614 αὐτοὺς
1142 3529 1162 3608 ὁ
1187 3525 1292 3625 λαὸς,

45 3687 84 3747 ι5
97 3656 139 3734 ού
156 3657 436 3756 παιδαγωγεῖται
454 3651 493 3732 δέ
511 3651 603 3733 κατὰ
622 3654 742 3754 νόμον,
760 3654 843 3733 ἀλλ’
864 3651 944 3733 οὐδὲ
967 3652 1033 3756 ζην
1052 3651 1296 3734 ἐκδιδάσκεται

98 3776 188 3857 κατὰ
206 3776 321 3877 λόγον
338 3775 402 3856 τὸν
418 3775 609 3881 πρέποντα,
627 3779 740 3857 καίτοι
759 3780 817 3857 καὶ
835 3778 938 3876 μάλα
954 3775 1148 3880 προθύμως
1165 3774 1295 3878 οἷσπερ

98 3898 143 3979 ἂν
172 3899 373 4006 ἐπιτόξειαν
406 3900 641 3997 ὑποκείμενος.
693 3899 874 4006 ἀπόδειξις
906 3899 978 4003 γὰρ
1007 3905 1071 3998 τῆς
1103 3904 1152 3983 εὶς
1185 3899 1295 4001 ἄκρον

99 4027 280 4126 ὑποταγῆς
307 4023 327 4102 ὁ
355 4023 485 4128 φόβος·
515 4030 734 4130 παρανομεῖν
756 4031 958 4128 τοιγαροῦν,
980 4019 1003 4121 ἢ
1031 4021 1074 4102 τὸ
1101 4027 1153 4130 τῷ
1183 4055 1289 4122 νομο-

133 4274 159 4330 5.
178 4258 237 4328 περὶ
251 4259 283 4313 B.
296 4259 360 4329 ὖπέρ
373 4257 425 4312 Ed.
583 4276 624 4315 ιο.
642 4258 657 4328 φ
670 4277 725 4314 om.
739 4258 772 4312 Β.
934 4274 975 4312 11.
993 4256 1124 4328 φὲτερόν]
1138 4255 1247 4328 ὕστερόν
1261 4257 1293 4312 Β.

101 4349 142 4398 14.
161 4333 176 4384 δ
188 4340 358 4402 assumptum
371 4348 404 4385 ex
417 4330 449 4384 B.
613 4345 654 4398 15.
672 4331 718 4385 τὸν
730 4329 868 4398 ἄμπελῶνιί
880 4326 942 4399 μου]
956 4328 1003 4397 τὴν
1013 4330 1124 4399 ποίμνην
1135 4350 1185 4398 μου
1196 4329 1238 4382 καί
1250 4330 1295 4383 τὸν

98 4452 343 4523 α’μπελῶνόμουΒ.
429 4467 469 4523 17.
488 4413 606 4536 δῖιῖλείας
621 4451 653 4505 Β.
740 4467 782 4521 19.
801 4451 896 4504 ιἀυτῶν
910 4448 942 4504 Β
954 4449 1039 4504 αὐτῶν
1052 4448 1103 4505 Ed.
1151 4449 1248 4504 dom.
1263 4447 1294 4502 Β.

100 4559 142 4596 ιι.
162 4543 202 4596 ὅτι
215 4560 268 4596 om.
284 4541 315 4596 B.
424 4556 466 4607 ιι.
486 4539 554 4595 aeas&
564 4536 605 4609 τι]
619 4538 688 4593 aian
701 4538 772 4595 ἐντὸς
787 4536 818 4591 Β.
866 4538 932 4594 ἅπας
945 4545 1114 4608 assumptum
1127 4555 1159 4591 ex
1174 4535 1205 4590 B.
