3038 5018
229 277 296 343 ιιι
533 240 1124 344 B.cYR1LL1ALExANDR.
1265 286 1430 352 mms-

179 514 331 592 τιἈμιίν
367 515 454 592 ἀμιίν
489 517 576 590 λὲτω
616 513 688 594 ὑμῖν
727 518 777 583 ὅτι
817 517 835 583 ίι
879 515 935 582 τὸν
974 516 1070 590 λίπον
1110 534 1171 590 μου
1207 510 1337 575 ἀκούων
1375 504 1430 570 καί

280 641 443 706 πιστεύων
467 644 514 727 τῷ
540 640 704 721 πέμψαντί
730 666 770 720 με
793 642 859 728 ἔχει
885 639 970 731 ζωιίν
995 637 1137 706 αἰώνιον
1172 636 1224 702 καί
1252 632 1298 700 είι
1326 633 1430 722 κρίσιν

280 766 339 831 ούκ
373 766 513 855 ἔρχεται,
548 768 633 834 ἀλλὰ
670 770 887 848 μεταβέβηκεν
922 768 960 833 ἐκ
996 773 1053 833 τοῦ
1096 764 1238 831 θανάτου
1280 759 1327 826 cic
1368 758 1430 825 τιίν

281 891 377 982 γωιίν.

287 1099 502 1206 Ἀποδείξας
525 1097 593 1200 ἤδη
618 1098 676 1180 διὰ
697 1107 770 1181 τῶν
786 1099 1050 1205 προλαβόντων
1069 1099 1281 1202 ἀρκούντως,
1299 1098 1347 1178 ὡς
1366 1094 1469 1177 ούκ5

232 1227 281 1307 εἰς
307 1222 418 1321 μόνον
440 1221 687 1326 ἁμαρτάνουσι
715 1224 778 1305 τὸν
796 1224 886 1306 Υἰδν
909 1231 942 1306 οἰ
969 1225 1122 1308 τάλανες
1146 1225 1319 1318 Ἰουδαῖοι,
1337 1229 1430 1299 τολ-

232 1353 369 1447 μῶντες
392 1349 557 1448 ἐπιτιμᾶν
576 1347 704 1452 οἷσπερ
727 1348 772 1429 ἀν
791 1350 880 1456 λε’γη
904 1348 1100 1446 διδάσκων,
1122 1347 1144 1449 ἢ
1165 1349 1223 1428 καί
1245 1343 1435 1448 ἐργάζηται

233 1473 317 1574 παρ’
338 1474 469 1570 αὐτοῖς,
490 1473 590 1553 ἀλλά
615 1477 672 1553 καὶ
697 1481 744 1558 εἰς
769 1474 877 1554 αύτὸν
895 1475 1150 1574 ἀμαθαίνοντες
1173 1474 1437 1570 πλημμελοῦσι

204 1594 298 1676 ατὸν
319 1597 475 1699 Πατέρα,
495 1598 553 1676 καί
577 1596 667 1677 ὅσον
689 1597 771 1698 ἧκεν
793 1604 840 1681 εἰς
864 1597 930 1697 τὴν
948 1603 1021 1677 τῶν
1039 1595 1229 1700 εἰρημένων
1247 1592 1437 1695 ἐνέργειαν,

234 1722 462 1824 περιστείλας
491 1728 542 1829 τῷ
572 1721 678 1828 φόβῳ
705 1719 747 1802 τὸ
772 1718 920 1824 θράσος,
939 1724 997 1801 καί
1024 1721 1091 1824 ξγυ
1109 1721 1306 1801 ἀναπείσας
1329 1719 1439 1796 ἐπιει-
1455 1749 1496 1790 10

237 1843 407 1946 κέστερον
433 1851 478 1951 τῇ
507 1852 579 1925 τῶν
606 1845 787 1944 ἐσομένων
815 1846 942 1943 ἐλπίδι,
969 1844 1098 1925 λοιπὸν
1125 1842 1315 1945 σαγηνεύει
1343 1838 1440 1942 πρὸς

237 1969 438 2050 εύπείθειαυ.
476 1971 540 2049 ούκ
563 1972 719 2075 ἀτέχνως
745 1969 782 2050 δέ
804 1970 917 2050 πάλιν
934 1968 998 2049 τὸν
1013 1971 1069 2050 ἐπὶ
1087 1968 1225 2052 τούτοις
1240 1963 1440 2063 ἐποιήσατο

236 2092 361 2196 λόγον.
416 2092 533 2195 ἐπειδὴ
568 2091 640 2197 γάρ
674 2092 766 2174 οἰδευ
799 2094 849 2174 ἐτι
887 2102 1083 2177 νοσοῦντας
1119 2091 1202 2177 τοὺς
1233 2089 1439 2185 Ἰουδαίους,

236 2215 579 2319 σκανδαλιζομένους
611 2253 650 2298 τε
683 2218 734 2298 ἐτι
765 2222 846 2321 περὶ
878 2219 997 2316 αὑτοῦ,
1027 2217 1140 2298 πάλιν
1171 2214 1338 2322 ἀναφέρει
1369 2210 1441 2311 τὴν

236 2340 361 2420 πίστιν
393 2347 440 2424 εἰς
473 2339 515 2421 τὸ
547 2341 747 2446 πρόσωπον
779 2351 843 2423 τοῦ
877 2347 973 2422 Θεοῦ
1008 2346 1068 2422 καί
1101 2338 1255 2443 Πατρδς,
1288 2339 1356 2442 ούχ
1387 2339 1439 2420 ὡς
1457 2361 1499 2423 15

237 2462 362 2544 ἑαυτὸν
389 2464 413 2544 ἐ
486 2468 605 2562 τιθείς,
629 2468 714 2545 ἀλλ’
738 2470 786 2551 ὡς
814 2466 872 2547 διὰ
899 2465 965 2567 τὴν
994 2465 1194 2564 ταυτότητα
1220 2467 1284 2563 τῆς
1312 2461 1440 2543 οὐσίας

239 2591 297 2666 καὶ
320 2590 359 2667 ἐν
378 2592 497 2693 Πατρί
518 2590 724 2689 τιμώμενος.
760 2588 843 2676 τούς
870 2590 911 2670 δέ
933 2625 976 2693 γε
1003 2589 1248 2685 πιστεύοντας,
1267 2588 1308 2666 ού
1332 2585 1441 2685 μετό-

205 2735 228 2801 d
239 2745 326 2816 χους
353 2711 503 2792 ἔσεσθαι
530 2713 640 2813 μόνον
660 2718 724 2814 τῆς
752 2719 879 2796 αἰωνίου
897 2713 993 2824 ζωῆς,
1014 2712 1115 2792 ἀλλὰ
1144 2717 1202 2792 καί
1225 2709 1289 2791 τὸν
1311 2712 1349 2789 ἐκ
1373 2714 1443 2808 τῆς

242 2835 381 2943 κρίσεως
432 2836 690 2945 διαφεύξεσθαι
741 2841 913 2935 κίνδυνον,
963 2837 1224 2935 δικαιουμένους
1269 2831 1442 2933 δηλονότι

240 2958 500 3065 διισχυρίζεται,
534 2961 793 3066 κεκερασμένου
826 2963 944 3042 ἐλπίδι
981 2962 1175 3064 προτείνων
1207 2959 1272 3040 τὸν
1304 2957 1438 3064 φόβον.
1458 2987 1503 3028 20

239 3085 333 3164 οὕτω
375 3084 446 3190 γὰρ
485 3083 530 3185 ἦν
567 3085 815 3191 ἐνεργέστερόν
850 3121 928 3171 πως
969 3088 1027 3165 καί
1069 3085 1330 3186 δεικτικιύτερον
1363 3090 1443 3168 τοῖς

240 3209 475 3312 ἀκροωμένοις
502 3211 783 3314 ἀπεργάσασθαι
811 3207 874 3291 τὸν
903 3208 1027 3313 λόγον.

189 3431 342 3508 ο5Ἀμιίν
368 3432 455 3509 ἀμιίν
482 3434 570 3507 λὲτω
600 3431 672 3511 ύμῖν
699 3438 749 3503 ὅτι
779 3435 907 3524 ἔρχεται
938 3436 1011 3524 ὥρα
1044 3435 1097 3501 καί
1125 3439 1181 3500 νύν
1207 3434 1294 3501 ἐστιν
1322 3436 1377 3503 ὅτε
1411 3432 1443 3501 οί

293 3559 402 3646 νεκροί
442 3559 608 3626 ἀκούσωσι
649 3563 709 3626 τιία
750 3568 864 3648 ρωνιίε
899 3566 956 3628 τοῦ
992 3558 1069 3626 Υίού
1105 3566 1162 3627 τοῦ
1199 3560 1283 3626 Θεοῦ
1321 3559 1374 3625 καί
1411 3559 1444 3627 οί

292 3682 492 3750 ἀκούσαντες
518 3687 674 3774 ζήσουσιν.
1463 3697 1505 3757 25

211 3818 229 3861 ο

297 3887 365 3969 Ἐκ
389 3890 543 3972 θανάτου
569 3890 659 3994 πρὸς
684 3890 775 3996 ζωὴν
792 3891 1067 3992 μεταβήσεσθαι
1094 3890 1177 3978 τοὺς
1204 3891 1448 3979 πιστεύοντας

242 4014 360 4113 εἰπὼν,
377 4012 502 4094 ἑαυτὸν
520 4016 678 4121 εἰσφέρει
703 4020 766 4116 τῆς
790 4017 1006 4119 ἐπαγγελίας
1025 4015 1178 4120 ἐργάτην
1195 4019 1255 4105 καὶ
1273 4016 1362 4097 ὅλου
1380 4026 1449 4098 τοῦ

278 4239 304 4296 5.
323 4225 469 4295 ἀρκούντων
478 4226 510 4281 Β.
583 4227 609 4282 8.
627 4227 798 4296 ἀμαθάνουτες
812 4228 844 4284 Β.
918 4246 959 4284 10.
978 4228 1043 4297 ζωὴν
1055 4245 1104 4299 pro
1117 4230 1161 4297 ζῆν
1171 4229 1202 4284 Β.
1277 4245 1319 4284 11.
1335 4231 1383 4299 τῆς
1394 4246 1449 4299 pro

241 4298 274 4381 ιγ]ι
289 4297 322 4349 Β.
439 4315 480 4365 14.
499 4320 526 4351 τε
539 4298 577 4351 ἔτι
591 4298 623 4352 Β.
636 4298 756 4354 τουτέστι
770 4299 821 4354 Ed.
841 4369 848 4386 .
943 4301 984 4353 18.
1002 4301 1111 4356 ἔσεσθαι
1122 4303 1201 4369 μόνον
1212 4302 1257 4388 τῇς
1269 4300 1383 4390 αἰωνίου]
1397 4302 1450 4389 μεῖν

242 4385 288 4434 της
299 4367 401 4421 οίονίον
413 4368 522 4422 ἔσεσθαι
536 4369 568 4422 Β.
695 4387 736 4441 19.
755 4370 946 4440 διοφευξοσθαι
960 4370 993 4424 Β.
1113 4387 1155 4438 24.
1174 4372 1308 4427 ἀκουσωσι
1322 4372 1355 4426 Β.
1367 4393 1448 4425 σιτου-

243 4456 333 4560 σρντᾶρ
347 4437 373 4560 ³1)
387 4456 441 4509 mg.
454 4438 597 4494 ἀκούσουσι
607 4439 644 4495 D.
658 4439 709 4495 Ed.
788 4456 831 4511 25.
850 4440 975 4510 ζήσουσιν
988 4440 1021 4495 Β.
1034 4440 1154 4509 (νίσονται
1164 4441 1216 4496 Ed.
1301 4443 1344 4497 26.
1363 4441 1447 4515 πρὸς]

244 4525 280 4563 '¹8
333 4523 347 4560 Γ
367 4547 374 4562 ι
