3038 5018
257 297 322 360 656
561 299 599 363 B.
625 298 835 363 CYRILLI
865 297 1152 363 ALEXANDR.
1346 294 1402 360 vii.
1416 295 1461 359 28.

257 459 333 542 εἶτα
350 462 442 566 πρὸς
459 463 597 549 τούτοις
616 465 667 543 έτι
686 468 743 544 καὶ
766 464 810 571 ἐξ
829 461 878 542 ὧν
896 464 952 543 ὅτι
975 463 1046 570 χρὴ
1070 460 1121 562 μὴ
1146 461 1338 543 πιστεύειν
1355 459 1463 569 η’ίοντο

257 585 511 694 παραφρύνως,
547 586 607 666 διά
643 587 779 667 τούτων
816 589 933 667 αὐτῶν
971 586 1027 667 ὅτι
1063 585 1242 690 προσήκει
1280 583 1464 666 πιστεύειν

225 709 385 795 Ιιαῦτοῦς
404 712 582 790 ἀναπείθει
601 717 755 814 γοργῶς·
786 711 865 790 έστι
884 709 922 791 δέ
939 717 1011 790 τῶν
1030 709 1237 812 λεγομένων
1256 718 1423 791 τοιοῦτος
1444 709 1462 786 ὁ

260 841 352 917 νοῦς.
391 832 622 931 ε’θαυμοίσατέ
642 842 769 939 φησιν,
793 838 850 913 καὶ
876 835 1026 940 σφόδρα
1049 842 1234 918 ποιοῦντες
1260 834 1394 934 ὀρθῶς,
1413 832 1461 912 ῦτι

259 954 458 1060 θεοπρεπὴς
477 958 587 1042 ὅντως
610 956 798 1062 ε’νιπτάρχει
823 993 884 1058 μοι
903 957 1060 1056 δύναμις,
1080 957 1311 1062 ε’ξημεροῦσα
1335 958 1488 1062 ρᾳδιωςε

257 1081 372 1162 καίτοι
399 1089 575 1188 φονῶσαν
603 1080 669 1181 τὴν
696 1089 769 1162 τῶν
795 1081 978 1162 Ἰουδαίων
1005 1078 1173 1161 διάνοιαν·
1209 1077 1367 1181 ζητοῦσι
1394 1079 1461 1181 γὰρ

258 1207 465 1287 ἀποκτεῖναί
498 1241 543 1304 με
582 1204 673 1285 κατδι
708 1205 771 1286 τὸν
808 1203 892 1307 παρ’
928 1207 1028 1303 ὑμῶν
1065 1207 1207 1311 ἀψευδῆ
1246 1236 1286 1283 τε
1326 1205 1389 1283 καὶ
1423 1203 1465 1309 ἐξ

257 1330 438 1432 ἀκριβείας
470 1330 553 1430 παρ’
586 1330 685 1420 ῦμῶν
714 1329 907 1428 ποιηθέντα
938 1329 1061 1428 λόγον,
1092 1329 1151 1406 καὶ
1182 1324 1337 1426 πολλὴν
1371 1327 1462 1428 ἀγαν

257 1456 307 1536 είς
332 1461 439 1531 τοῦτο
466 1453 619 1532 τίθενται
647 1450 714 1550 τὴν
738 1450 914 1550 σπουδήν.
953 1452 1038 1529 ἀλλ’
1058 1448 1131 1550 ε’μέ,
1155 1452 1284 1556 φησὶν,
1308 1451 1460 1557 ἐξίστα·

257 1580 346 1654 σθαι
372 1574 451 1654 δέον
472 1577 531 1655 καὶ
559 1578 762 1680 ἀποφοιτάν
783 1579 831 1658 ὡς
858 1572 1078 1678 ποῤῥωτάτω
1104 1580 1176 1653 τῶν
1199 1572 1256 1653 ὅτι
1283 1575 1462 1675 προσήκει
1475 1611 1503 1648 ιο

228 1695 419 1802 οφονεύειν
445 1700 750 1798 βεβουλευμένων,
778 1695 880 1779 οὐδέν
907 1696 1002 1782 ὅλως
1030 1701 1093 1796 τῆς
1119 1699 1262 1777 ἐκείνων
1288 1700 1461 1781 ἀπονοίας

258 1821 467 1927 φροντίσας,
486 1823 615 1900 ἐκτῶν
633 1823 800 1903 ἐναντίων
818 1825 855 1902 έν
873 1823 1060 1927 παῤῥησίᾳ
1081 1826 1186 1899 λαλῶ
1206 1822 1266 1899 καὶ
1284 1821 1461 1925 διελέγχω

258 1951 461 2027 λυποῦντας
485 1942 549 2024 τὸν
575 1944 687 2045 νόμον
711 1944 769 2024 διά
792 1954 856 2025 τοῦ
880 1943 931 2045 μὴ
958 1944 1005 2025 τά
1032 1945 1149 2024 δίιεαια
1176 1942 1307 2046 κρίνειν
1327 1943 1462 2025 ἐθέλειν

258 2066 395 2151 αὐτούς·
423 2065 559 2173 πάσχω
578 2065 615 2148 δέ
633 2067 676 2149 τὸ
694 2068 846 2166 σύμπαν
863 2068 978 2147 οὐδέν.
1018 2069 1270 2173 ἀνεξικακοῦσι
1294 2066 1373 2169 γὰρ
1397 2067 1461 2170 οὐχ

258 2188 395 2274 ἑκόντες
422 2197 456 2270 οί
479 2192 595 2271 ποίλαι
620 2194 736 2287 δεινοί,
756 2194 815 2270 καὶ
842 2193 884 2271 οῦ
909 2196 972 2290 τῆς
998 2191 1137 2271 ἐκείνων
1155 2191 1405 2293 προαιρέσεως
1422 2190 1462 2270 τὸ
1477 2223 1504 2279 ¹5

257 2321 409 2416 πρᾶγμα
428 2314 574 2418 καρπὸς,
593 2314 693 2394 ἀλλά
711 2320 774 2413 τῆς
790 2316 876 2414 έμῆς
894 2315 1062 2421 ἐξουσίας
1080 2315 1103 2414 ἡ
1122 2313 1281 2412 δύναμις.
1322 2316 1368 2393 ού
1393 2314 1463 2416 γὰρ

257 2440 381 2542 ἐφίημι
419 2440 532 2518 καίτοι
569 2436 833 2539 λελυττηκύσιν
868 2440 987 2523 αὐτοῖς
1029 2441 1089 2517 καὶ
1128 2443 1176 2520 είς
1214 2435 1463 2539 ἀπάνθρωπον

257 2562 557 2661 ἀποτεθηγμένοις
594 2560 717 2664 ὀργὴν,
752 2560 918 2664 πράωρον
958 2567 1007 2646 είς
1046 2559 1107 2656 ε’μέ
1147 2560 1213 2659 τὴν
1250 2562 1464 2665 μιαιφονίαν

224 2686 483 2782 ᾶάποτολμάν.
522 2687 578 2763 ε’πὶ
605 2684 743 2767 τούτοις
769 2686 832 2765 οῦν
860 2685 941 2787 ἀρα,
967 2691 1073 2789 φησὶ,
1101 2686 1159 2764 καὶ
1187 2684 1272 2762 λίαν
1300 2684 1461 2780 είκότως,

257 2807 538 2912 καταπέπληχθε
565 2806 631 2906 μέν
658 2809 763 2905 ὑμεῖς,
786 2809 975 2910 ἐγνωκέναι
1003 2807 1040 2887 δέ
1068 2810 1212 2907 ἀληθῶς
1239 2805 1324 2891 τοῦς
1355 2810 1507 2909 ἦγον-,ιο

255 2927 383 3028 μένους
414 2929 517 3038 φατέ,
551 2930 606 3010 ὅτι
640 2932 711 3034 ε’γιύ
743 2939 813 3031 είμι
846 2933 867 3010 ὃ
897 2929 1073 3033 Χριστός.
1124 2934 1296 3037 λογισμῷ
1335 2931 1376 3010 δέ
1413 2938 1463 3037 τῷ
1490 2981 1497 2989 -

255 3052 428 3154 πρέποντι
445 3060 790 3138 κατακολουθοῦντες
808 3057 846 3134 ἐν
864 3054 1011 3149 τούτοις,
1029 3054 1120 3155 πρὸς
1142 3052 1189 3133 τδι
1212 3054 1251 3132 ἐκ
1276 3057 1344 3152 τῆς
1366 3056 1462 3137 θείας

256 3181 401 3280 γραφῆς
423 3177 654 3261 ἀπονεύοντες
673 3176 791 3278 λόγια,
810 3177 889 3257 δέειν
909 3180 1129 3282 ὠφελεῖσθαι
1151 3182 1298 3274 μᾶλλον
1319 3182 1369 3261 είς
1395 3177 1462 3277 τὴν

267 3298 310 3324 ’2
358 3302 366 3326 θ
412 3303 422 3328 ἱ
647 3300 657 3326 Ι
858 3299 869 3323 Ι
1091 3302 1099 3324 5
1197 3299 1206 3327 Ι
1371 3297 1381 3323 Ι

257 3331 302 3377 επ
348 3334 424 3398 εμοι
459 3307 735 3398 βεβαιουμενους
778 3305 1000 3406 καταληφιν,
1039 3334 1244 3378 τουναντιον
1280 3307 1461 3384 παθοντες

256 3421 576 3521 ε’σκανδαλίσθητε.
614 3421 686 3502 α’πὸ
706 3422 776 3527 γὰρ
799 3433 863 3504 τοῦ
888 3425 1000 3524 μόνον
1018 3427 1238 3503 ἐπίστασθαι
1257 3423 1355 3504 πίθει
1373 3434 1458 3531 εἰμὶ,
1474 3462 1503 3519 ²5

258 3545 315 3620 καί
336 3543 393 3621 διά
410 3545 505 3627 τίνος
525 3546 747 3645 γεγέννημαι,
767 3548 981 3642 νενομίκατε,
1000 3550 1126 3653 φησίν,
1144 3548 1208 3626 οῦκ
1225 3544 1316 3626 εἷναί
1331 3582 1377 3646 με
1396 3549 1461 3630 τὸν

296 3793 318 3829 ι.
337 3775 378 3829 καὶ
390 3783 560 3845 assumptum
572 3792 603 3828 ex
619 3773 651 3829 B.
661 3773 782 3828 exhibuit
794 3784 819 3829 et
833 3776 923 3830 Holst.
965 3776 1048 3850 ᾤοντο
1063 3777 1095 3832 B.
1108 3777 1213 3832 favente
1224 3795 1247 3831 a.
1260 3777 1331 3848 αὐτῷ
1345 3777 1396 3834 Ht.
1408 3779 1459 3834 Ed.

256 3863 284 3917 3.
296 3845 426 3900 ἀναπείθει
438 3850 548 3916 γοργῶς·
566 3847 624 3900 ἔστι
636 3845 665 3899 δὲ
680 3845 712 3899 Β.
724 3844 796 3917 [ἔστι
808 3845 837 3899 δὲ
849 3846 956 3902 exhibet
968 3858 995 3902 et
1007 3848 1045 3920 a.]
1055 3849 1194 3904 ἀναπείθει.
1212 3849 1308 3919 γοργός
1322 3849 1398 3902 ε’στιν
1408 3850 1459 3904 Ed·

257 3915 283 3969 6.
341 3917 538 3970 νῶοιινοοττοςί
552 3926 612 3984 post
625 3916 727 3986 Migne.
740 3920 872 3987 φωνῶοον
886 3917 919 3974 Β.
933 3918 984 3973 Ed.
1057 3979 1059 3983 ¹
1108 3933 1133 3989 7.
1152 3941 1179 3974 τε
1191 3927 1363 3990 assumptum
1376 3936 1410 3973 ex
1426 3920 1458 3974 B.

256 4005 283 4057 9.
300 3983 361 4038 αλλ’
373 3986 418 4053 ε’μί
433 3985 464 4038 Β.
477 3985 546 4038 ἀλλὰ
559 3985 602 4054 ίμί
614 4004 638 4040 α.
651 3986 829 4055 ἀλλάμιΕᾶ.
904 4005 945 4042 11.
964 3986 1262 4058 ούδὲν]αύτδςοῦδε“να.
1348 4005 1390 4060 13.
1410 3993 1459 4045 λυ·

256 4053 380 4124 ποῦντας]
395 4055 502 4111 λύοντας
515 4073 538 4108 α.
698 4071 739 4127 17.
758 4060 947 4125 λελυπηκόσιν
959 4057 1043 4112 edidit
1055 4058 1126 4112 Aub.
1138 4060 1321 4127 λελοιτηκόσιν
1337 4059 1369 4112 Β.
1383 4061 1458 4132 quod

256 4128 433 4193 λελυπηκόσιν
444 4124 595 4178 emendavit
609 4124 658 4179 Ht.
708 4127 782 4181 Haec
795 4145 848 4181 om.
862 4144 885 4180 a.
1000 4129 1041 4181 18.
1059 4130 1178 4197 πρόαρον
1190 4129 1342 4184 emendavit
1356 4129 1458 4202 Heyse.

257 4195 376 4249 Adnotat
397 4194 466 4249 idem
487 4194 667 4250 emendavisse
684 4204 711 4248 et
729 4196 890 4250 Cotelerium
909 4196 1047 4264 (Monum.
1068 4197 1138 4251 Eccl.
1159 4198 1207 4252 Gr.
1222 4199 1249 4252 ii.
1263 4201 1328 4270 ⁶36)
1351 4200 1457 4273 Migne.

258 4266 394 4319 Edebatur
405 4269 533 4334 προορῶν.
650 4281 693 4319 20.
712 4265 910 4337 καταπέπληχθε
922 4285 946 4325 a.
959 4268 1173 4338 καταπεπλῆχθαι
1186 4267 1236 4322 Ed.
1357 4287 1402 4325 τε.
1421 4276 1458 4344 τῷ

256 4395 426 4455 assumptum
440 4404 471 4439 ex
486 4385 518 4438 B.
563 4385 645 4438 Deest
658 4395 683 4438 et
695 4387 724 4440 in
736 4386 784 4440 Ht.
895 4403 937 4440 22.
950 4389 1016 4458 πρὸς
1028 4389 1060 4441 τὰ
1072 4388 1100 4442 εἰς
1112 4387 1192 4441 edidi.
1206 4353 1260 4442 έιτα
1275 4388 1318 4459 [=
1328 4354 1369 4445 :ts
1380 4413 1415 4445 το
1429 4403 1459 4446 αι

255 4454 323 4525 vid.]
337 4458 364 4509 ἐκ
379 4457 410 4509 Β.
424 4457 488 4523 πρδς
500 4454 551 4509 Ed.
690 4472 732 4526 23.
751 4457 787 4513 είς
799 4459 845 4526 τὴν
857 4475 881 4512 a.
894 4457 976 4512 είστιν
991 4458 1023 4514 Β.
1036 4457 1109 4514 ε’στιν
1123 4457 1172 4512 Ht.
1188 4458 1237 4513 Ed.
1249 4460 1276 4515 ἐς
1288 4459 1336 4526 τὴν
1350 4461 1457 4533 Migne.

258 4525 298 4578 τό.
317 4529 361 4579 τὸν
373 4533 542 4596 assumptum
555 4543 588 4578 ex
601 4523 660 4580 B.a.
