3038 5018
264 291 308 356 88
566 294 606 362 B.
629 294 837 360 CYRILLI
866 295 1153 361 ALEXANDR.
1395 293 1416 358 i.
1428 309 1460 378 5.

262 453 444 544 συνέσεοίς
469 492 509 538 τε
537 461 597 541 καὶ
624 457 836 566 φρονήσεως
864 458 1017 561 δεκτικά,
1044 467 1151 542 τοῦτο
1181 458 1348 540 δεικνύων
1374 457 1462 562 ὅπερ

262 580 347 661 εἶσί·
376 577 497 662 πάντα
522 580 594 688 γὰρ
619 584 658 664 ἐν
673 585 788 665 πᾶσίν
805 585 906 665 ἐστιν
924 585 944 665 ό
963 583 1058 669 Θεὸς
1082 586 1140 664 καὶ
1159 581 1290 687 Πατὴρ
1308 583 1351 662 δι’
1372 587 1462 663 Υίοῦ

262 704 301 785 ἐν
319 704 516 806 Πνεύματι.

228 837 250 903 b
319 827 526 915 Σκιτίανδέ
550 828 709 934 ὀνομάζει
732 828 799 932 τὴν
815 839 881 912 τοῦ
907 828 1125 940 φωτίζεσθαι
1143 828 1312 931 δεομένην
1329 827 1458 936 φύσιν,

260 949 437 1052 τουτέστι,
455 950 613 1035 καθόλου
637 952 703 1055 τὴν
720 953 883 1057 γενητήν.
922 954 1041 1054 ἐπειδὴ
1067 952 1140 1058 γὰρ
1168 953 1277 1035 αὐτὸν
1294 953 1493 1053 ὠνόμασε5

260 1073 304 1154 τὸ
332 1074 418 1184 φάς,
435 1078 559 1181 ἐτέραν
576 1077 692 1158 οὖσαν
709 1076 937 1159 ἐπιδεικνύων
959 1076 1026 1179 τὴν
1050 1080 1171 1158 ἐπιδεᾶ
1198 1079 1256 1158 καί
1284 1077 1461 1183 ἀμέτοχον

260 1198 370 1280 αύτοῦ
388 1200 508 1281 κτίσιν
525 1198 687 1303 λογικὴν,
706 1206 754 1286 είς
771 1199 814 1282 τῦ
832 1201 991 1282 ἐναντίον
1007 1200 1209 1304 περιτρέπει
1233 1209 1298 1281 τοῦ
1320 1235 1456 1300 σημαι·

260 1320 408 1421 νομένου
425 1321 492 1424 τὴν
510 1323 669 1424 δύναμιν,
688 1325 752 1405 ούκ
771 1323 844 1405 ἀπὸ
862 1332 1015 1423 σκοποῦ,
1034 1322 1127 1405 κατά
1150 1358 1193 1426 γε
1210 1322 1274 1404 τόν
1290 1323 1462 1427 ἡμέτερον

229 1478 232 1482 “
260 1453 355 1544 νοῦν,
374 1450 433 1528 καὶ
460 1454 568 1528 τοῦτο
594 1453 719 1546 ποιῶν,
741 1449 955 1529 ἀλλ’ἐκεῖνο
982 1447 1027 1548 δὴ
1053 1445 1197 1532 πάντως
1224 1448 1307 1527 καθ’
1333 1446 1461 1527 ἑαυτὸν

259 1569 444 1672 ἐννοήσας,
467 1569 522 1652 ὅτι
546 1577 619 1651 τῶν
643 1577 803 1673 γενητῶν
825 1571 848 1671 ἡ
876 1570 999 1677 φύσις,
1023 1567 1123 1652 ούδέν
1145 1568 1240 1654 ὅλως
1266 1569 1312 1678 ἐξ
1332 1571 1459 1670 ἑαυτῆς
1476 1607 1514 1647 ιο

229 1693 485 1799 οπηγάζονσα,
513 1695 665 1796 σύμπαν
698 1693 737 1775 δὲ
768 1693 811 1776 τό
843 1691 929 1776 εἶναι
961 1697 1021 1775 καὶ
1051 1692 1094 1774 τὸ
1125 1694 1163 1774 εὖ
1192 1690 1280 1774 εἶναι
1306 1699 1459 1775 τοιῶσδε

89 1823 211 1952 ἱθθῐέἣ
257 1813 369 1922 τυχόν
391 1816 561 1925 δεχομένη
587 1817 687 1924 παρά
714 1825 779 1901 τοῦ
797 1825 1040 1923 Δημιουργοῦ,
1065 1817 1207 1902 δικαίως
1234 1817 1353 1897 ἀκούει
1373 1827 1395 1865 “
1411 1819 1463 1897 Τί

257 1951 281 1989 “
298 1940 372 2048 γάρ
389 1942 480 2049 &ets
498 1940 519 2023 δ
537 1943 602 2022 οῦκ
619 1940 751 2038 ἔλαβες
767 1942 801 2040 ;”
830 1939 950 2042 ἐπειδὴ
968 1940 1006 2023 δὲ
1027 1939 1120 2045 πρὸς
1145 1948 1219 2026 τοῖς
1243 1941 1382 2039 ἀλλοις,
1400 1943 1459 2021 καί

254 2064 343 2147 asab
361 2065 555 2148 θεόσδοτον
574 2063 645 2170 ἔχει
663 2062 706 2145 τό
724 2071 814 2171 φῶς,
831 2066 896 2145 ούκ
914 2065 1051 2171 ἔχουσα
1074 2063 1242 2164 δηλονότι
1263 2061 1456 2164 λαμβάνει·

253 2187 298 2270 τὸ
320 2188 359 2270 δέ
381 2196 460 2297 φῶς
481 2189 546 2270 οῦκ
571 2186 655 2294 ἕχον
671 2187 717 2296 ἐξ
731 2189 868 2286 ἑαυτοῦ,
885 2195 964 2273 πῶς
987 2190 1051 2270 ούκ
1076 2187 1122 2268 διν
1140 2187 1193 2290 εἴη
1210 2187 1253 2269 τὸ
1270 2188 1454 2284 ἐναντίους
1475 2214 1513 2275 15

254 2307 379 2412 ἢπῶς
404 2313 467 2393 οῦκ
494 2310 540 2392 ἀν
557 2310 700 2414 λέγοιτο
725 2316 873 2408 σκοτίας
901 2310 1034 2414 πιθανὴ
1061 2310 1143 2416 γάρ,
1161 2319 1308 2412 μᾶλλον
1327 2311 1365 2393 δέ
1389 2311 1458 2411 ἤδη

255 2437 314 2515 καὶ
337 2434 599 2538 ἀναγκαιοτάτη
624 2435 721 2533 λίαν,
743 2433 934 2543 ἀπόδειξις,
957 2444 1022 2518 τοῦ
1045 2435 1112 2536 τὴν
1136 2434 1203 2536 μέν
1227 2436 1346 2516 κτίσιν
1370 2431 1459 2515 εἶναι

254 2558 416 2654 σκοτίαν,
439 2564 518 2663 φῶς
544 2557 581 2639 δέ
604 2555 719 2640 πάλιν
743 2557 808 2638 τὸν
829 2568 894 2639 τοῦ
923 2565 1019 2640 θεοῦ
1043 2557 1176 2660 Λόγον,
1199 2558 1241 2638 τὸ
1272 2561 1406 2666 φαίνειν
1429 2560 1459 2639 ἐν

255 2682 297 2791 τῇ
319 2683 443 2790 σκοτία
467 2681 503 2761 τὶ
530 2680 615 2787 φάς.
653 2687 683 2761 εί
707 2679 780 2785 γάρ
803 2680 939 2788 δέχεται
957 2690 1030 2762 τῶν
1047 2688 1205 2786 γενητῶν
1223 2681 1245 2782 ἡ
1264 2681 1377 2787 φύσις
1395 2679 1458 2761 τὸν

223 2811 322 2883 ατοῦ
346 2808 442 2884 Θεοῦ
469 2802 593 2907 Λόγον
616 2802 707 2885 κατά
730 2806 937 2903 μετουσίαν,
955 2809 1002 2891 ὡς
1029 2803 1160 2912 φῦς,ἢ
1188 2807 1237 2888 ὡς
1261 2807 1300 2884 ἐκ
1325 2803 1456 2911 φωτός·
1474 2831 1512 2870 ²0

258 2927 348 3026 αύτη
374 2926 440 3026 μέν
465 2930 513 3011 ὡς
538 2928 668 3008 σκοτία
694 2928 863 3028 δηλονότι
888 2928 1077 3027 λαμβάνει,
1096 2931 1208 3035 φαίνει
1231 2927 1270 3008 δέ
1293 2931 1332 3008 ἐν
1350 2930 1455 3034 αὐτῇ,

258 3046 420 3154 καθάπερ
443 3053 473 3131 ἐν
491 3055 615 3161 σκοτία
639 3052 674 3132 τί
701 3050 787 3158 φάς,
807 3054 828 3132 ὁ
846 3052 945 3150 Υἱός,
964 3057 993 3132 εί
1013 3055 1072 3132 καὶ
1089 3053 1153 3131 οῦκ
1171 3047 1243 3131 οἶδε
1266 3051 1410 3136 πάντως
1435 3054 1457 3152 ἡ

258 3174 389 3253 σκοτία
406 3173 448 3253 τὸ
467 3179 555 3281 φῶς·
584 3183 690 3254 τοῦτο
713 3173 787 3278 γὰρ
808 3171 905 3275 οἶμαι
923 3176 1091 3276 σημαίνει
1108 3172 1151 3254 τό
1168 3174 1214 3253 ‘H
1234 3177 1359 3255 σκοτία
1378 3178 1457 3257 αὐτό

261 3305 295 3377 ού
324 3295 530 3389 κατίλαβιν.
571 3294 687 3377 ἀπασι
709 3296 775 3396 μέν
796 3296 867 3401 γάρ
893 3299 914 3376 ὁ
937 3306 1002 3378 τοῦ
1021 3303 1117 3378 Θεοῦ
1136 3295 1257 3400 Λόγος
1284 3295 1458 3397 ἐκλάμπει

259 3426 333 3504 τοῖς
360 3419 580 3526 ἐλλάμφεως
607 3424 785 3517 δεκτικοῖς,
815 3423 873 3499 καὶ
906 3421 1048 3525 φωτίζει
1080 3419 1238 3500 καθόλου
1267 3419 1314 3499 τά
1343 3420 1458 3526 φύσιν
1473 3445 1511 3504 25

165 3644 168 3651 Ι
259 3541 388 3647 ἔχοντα
422 3549 487 3623 τοῦ
524 3541 742 3647 φωτίζεσθαι
779 3543 955 3643 δεκτικήν·
998 3546 1177 3646 ἀγνοείτω
1214 3541 1252 3623 δέ
1287 3541 1356 3622 ῦπῦ
1393 3547 1458 3643 τῆς

229 3667 418 3750 οσκοτίας·
444 3666 466 3765 ἡ
485 3663 558 3768 γάρ
575 3665 632 3743 ἐπὶ
651 3668 719 3765 γῆς
736 3665 969 3770 τυγχάνουσα
988 3665 1116 3769 λογικὴ
1136 3665 1258 3772 φύσις,
1271 3666 1457 3747 τουτέστιν

259 3791 279 3870 ό
305 3791 504 3894 ἀνθρωπος,
521 3785 723 3889 ἐλάτρευσέ
739 3822 826 3869 ποτε
853 3795 898 3894 τῇ
923 3790 1038 3870 κτίσει
1060 3787 1161 3893 παρά
1184 3787 1250 3869 τόν
1266 3792 1454 3871 κτίσαντα·

259 3919 294 3995 οῦ
324 3911 504 4008 κατελαβι
528 3909 564 3992 τέ
597 3909 685 4017 φάς·
730 3911 772 3990 ού
801 3909 874 4015 γάρ
903 3911 996 4015 ἔγνω
1028 3910 1092 3992 τόν
1118 3911 1360 4015 Δημιουργῦν,
1389 3912 1457 4014 τὴν

294 4107 319 4146 ο.
339 4092 405 4148 θεὸς
416 4090 457 4144 κοί
469 4096 608 4159 assumpta
618 4104 651 4141 ex
664 4086 697 4151 B,
709 4086 861 4142 faventibus
875 4088 897 4153 1,
910 4089 1062 4212 catenisgue
1077 4089 1134 4143 aliis
1146 4106 1213 4161 quae
1225 4091 1291 4146 θεὸς
1303 4108 1352 4160 pro
1365 4091 1456 4162 Πατὴρ

257 4160 392 4216 exhibent.
562 4172 589 4229 5.
607 4158 720 4213 καθόλου
731 4157 851 4213 τουτέστι
863 4159 969 4213 inverso
980 4176 1012 4213 or
1030 4161 1074 4213 ine
1086 4160 1190 4230 Migne.
1364 4160 1390 4213 6.
1409 4163 1456 4230 τὴν

258 4231 346 4285 ἐπιδεᾶ
358 4228 520 4285 ἐπιδεικνύων
530 4228 637 4283 inverso
651 4227 744 4282 ordine
757 4227 790 4284 B.
875 4228 1016 4301 ἀμέτοχον]
1029 4229 1092 4299 με’το
1111 4252 1141 4284 ον
1152 4228 1265 4301 conjecit
1277 4229 1303 4284 D
1317 4230 1364 4284 sed
1376 4232 1454 4285 male.

260 4316 301 4356 ιο.
320 4303 410 4370 ἐοικῆς
423 4299 529 4354 Β.Ι).Ε.
543 4299 620 4366 αὐτῆς
632 4298 684 4353 Ed.
759 4314 800 4352 11.
818 4296 912 4353 εῦοῐο.
927 4299 960 4355 B.
1035 4318 1045 4354 1
1069 4253 1149 4371 ,ἐχει
1162 4300 1194 4355 Ε.
1239 4298 1407 4371 πῶςΗοῦν
1420 4301 1454 4356 Β.

258 4367 785 4493 21.αῦτη1φοντδνΒ.αύτὴ·[λαῦττ)Ε.
822 4368 919 4424 Statim
930 4371 977 4440 μέν
988 4389 1043 4426 om.
1083 4370 1286 4425 ,habentD.E.
1350 4386 1455 4440 13.ση·

255 4441 353 4507 μιιίνειν
483 4455 526 4505 24.
545 4439 669 4506 ἐκλάμπει
682 4438 855 4509 Β.ἐλλο’μπει
868 4440 919 4496 Ed.
1008 4453 1051 4509 25.
1070 4441 1226 4513 ἐκλάμφεως
1239 4440 1272 4495 Β.
1363 4440 1406 4496 26.
1425 4441 1455 4495 δέ

256 4526 310 4563 om.
326 4509 357 4564 B.
406 4513 452 4564 τοῦ
464 4511 573 4564 σκότους
586 4507 618 4562 Ε.
