3038 5018
95 271 165 339 ιι.
284 271 342 339 m
369 244 685 340 οριοκιιιςιιιυ.
731 274 828 340 mn.
851 259 902 342 ι’
924 273 1028 341 οκν.
1051 273 1113 340 w.
1253 275 1298 339 ιο

95 435 185 523 ’ίσως
215 437 318 520 οῦδέν
344 437 553 544 ἀισιλεηειν·
596 452 618 490 “
631 441 758 522 Διόσει
788 440 859 546 γάρ
887 442 908 522 5
937 440 1070 546 Κύριος
1097 443 1196 546 ῥῆμα
1222 445 1298 525 τοῖς
1342 446 1413 563 1¹22„
1420 524 1430 561 ι
1436 524 1459 560 2·

93 569 120 609 “
135 561 462 667 εῦαγγελιᾷιμένοις
483 561 629 663 δυνάμει
653 566 813 672 πολλῇ.”
852 570 946 671 χρῆν
964 564 1007 646 δέ
1024 600 1068 669 γε
1092 562 1176 649 τοῦς
1196 563 1317 668 οίπερῑ

94 688 168 765 εἰσὶ
194 683 262 786 τὴν
285 686 454 788 τοιαιίτην
475 696 664 773 νοσοῦντες
691 688 849 787 ἀμαθίαν
874 686 1209 790 ἀναμιμνήσκεσθαι
1232 694 1298 768 τοῦ

94 809 268 912 λέγοντος
290 809 377 891 “Ὢ
404 816 438 892 οὶ
462 808 762 914 ἐγκαταλιπόντες
787 809 890 896 ὁδοῦς
915 812 1050 897 εὐθείας
1075 821 1140 892 τοῦ
1167 811 1296 915 πορεό·
1342 828 1455 880 pmii.

62 941 120 1010 δ’·
135 937 244 1015 εσθαι
260 935 300 1015 ἐν
316 935 411 1021 ὁδοῖς
427 933 617 1019 σκότους·”
654 935 748 1036 ἡμεῖς
772 933 811 1017 δέ
836 933 1037 1016 ἀκόλουθον
1058 933 1151 1040 πρὸς
1173 934 1238 1016 τὸν
1258 937 1297 1016 ἐν
1345 907 1385 958 η’

94 1062 172 1143 τοῖς
202 1056 363 1162 οὐρανοῖς
394 1057 690 1165 ἀναφθέγγεσθαι
720 1058 967 1161 μυσταγωγόν
982 1085 985 1089 ’
998 1068 1021 1106 “
1035 1058 1297 1166 Ἀπόστρεψον
1340 1070 1418 1186 ἓχὶ

92 1191 118 1230 “
135 1177 220 1266 τοῦς
236 1179 450 1288 ὀφθαλμούς
468 1215 539 1282 μου
561 1189 625 1263 τοῦ
646 1180 698 1283 μὴ
721 1186 806 1263 ίδεῖν
823 1180 1073 1283 ματαιότητα·”
1102 1179 1297 1282 ματαιότης
1343 1212 1384 1265 3⁷·
1419 1172 1426 1187 ⁹

93 1301 169 1408 γάρ
198 1301 323 1402 ὅπως,
352 1302 463 1409 λῆρός
490 1339 529 1386 τε
557 1308 615 1386 καὶ
643 1305 763 1410 ἕτερον
789 1304 890 1387 οὐδὲν
917 1304 964 1387 τὰ
993 1306 1032 1385 ἐκ
1064 1308 1128 1405 τῆς
1157 1303 1331 1385 ἐκείνωνῐ)

95 1427 390 1536 κενοφωνοόμενα
414 1428 658 1514 ἀπαιδευσίας·
696 1431 738 1510 οῦ
763 1428 836 1533 γὰρ
861 1433 910 1514 ὡς
935 1431 1050 1533 λόγον
1067 1429 1160 1535 ἔχων
1178 1429 1300 1532 ἕτερον

45 1574 81 1616 ¹0
94 1551 136 1632 ἐν
151 1551 267 1660 ἐαυτῷ
283 1561 349 1633 τοῦ
368 1551 524 1658 Πατρός,
544 1554 563 1633 5
582 1550 670 1637 Υίῦς
688 1551 753 1634 τδν
771 1560 835 1633 τοῦ
853 1550 999 1656 Πατρός
1018 1553 1158 1661 ἔφασκε
1182 1549 1299 1655 λόγον

94 1681 224 1780 τηρεῖν·
269 1677 354 1756 ἀλλ’
383 1677 460 1757 οὐδ’
489 1673 614 1779 ὥσπερ
646 1674 726 1758 τινὰ
754 1675 988 1779 παιδαγωγὸν
1014 1673 1299 1778 ἐπικομιζόμενυς
1366 1735 1368 1741 ·

94 1795 188 1901 πρὸς
214 1797 308 1899 ἡμεῖς
335 1799 488 1907 ἀφῖχθαι
516 1799 769 1906 διισχυρίσατό
795 1834 898 1898 ποτε,
930 1803 979 1886 ὡς
1011 1799 1049 1881 δέ
1078 1798 1189 1899 μόνος
1214 1804 1296 1882 ἐνυ-

94 1919 248 2027 πάρχων
265 1920 358 2004 κατὰ
378 1922 494 2030 φύσιν
510 1929 563 2032 τῷ
583 1927 712 2027 Πατρὶ,
731 1922 823 2029 ἔχων
840 1958 879 2003 τε
904 1923 950 2003 αῦ
973 1922 1088 2005 πόλιν
1106 1924 1239 2023 ὁμοίως
1260 1925 1299 2010 ἐν

96 2043 211 2152 ἐαυτῷ
230 2043 295 2126 τὸν
313 2045 471 2149 Πατέρα,
488 2053 785 2146 μεσολαβοῦντος
809 2044 929 2148 ἐτέρου
951 2045 1113 2147 μηδενός·
1145 2045 1294 2149 “Ἐγάν,
1342 2059 1415 2140 Ῑξῑῐη

46 2185 82 2248 ¹5
96 2175 119 2214 “
137 2168 265 2273 φησὶν,
281 2169 323 2249 ’ἐν
341 2175 393 2277 τῷ
412 2173 531 2274 Πατρὶ
547 2172 606 2250 καὶ
624 2171 645 2249 5
665 2168 795 2273 Πατὴρ
816 2171 855 2250 ἐν
873 2170 979 2270 ἐμοὶ,”
1000 2170 1067 2274 οὐχ
1085 2170 1106 2248 5
1125 2168 1295 2275 ἔμφυτος,
1309 2211 1328 2256 ο
1342 2142 1392 2177 nv.
1405 2139 1443 2177 η

95 2293 182 2372 ἀλλ’
202 2288 282 2372 οῦδέ
309 2291 427 2397 ἐτερός
455 2326 509 2378 τις
536 2290 660 2395 λόγος·
698 2293 783 2373 ἀλλ’
808 2293 829 2373 5
853 2292 995 2396 Πατήρ·
1032 2294 1071 2373 ἐν
1092 2293 1183 2392 ἐμαί.
1220 2299 1299 2378 πῶς

96 2415 161 2497 οῦν
177 2415 251 2520 ἀρα
267 2419 398 2516 νοῆσαι
414 2415 595 2521 προσήκοι
612 2415 654 2496 τὸ
671 2417 756 2521 παρ’
771 2417 881 2498 αῦτοῦ
897 2413 989 2520 πρὸς
1006 2416 1090 2502 τοῦς
1107 2415 1299 2501 Ἰουδαίους
1387 2521 1395 2529 μ

94 2538 287 2644 εῖρημένον,
315 2537 407 2621 ε’ίποι
439 2575 493 2624 τις
525 2537 570 2620 ἀν
598 2540 692 2640 ἡμῖν,
720 2543 780 2621 καὶ
808 2539 913 2641 μάλα
938 2539 1093 2625 εἰκότως·
1133 2536 1225 2644 πρὸς
1253 2537 1298 2640 δὴ

93 2670 202 2743 τοῦτο
232 2665 379 2767 ἐροῦμεν
409 2663 646 2763 ἀληθεύοντες
681 2661 728 2744 τά
760 2669 808 2747 είς
846 2670 929 2744 νοῦν
961 2663 1203 2760 ἀναβαίνοντα
1234 2659 1298 2743 τδν

45 2818 84 2860 ιο
94 2785 266 2890 ἡμέτερον
301 2784 515 2868 Ἐδίδασκεν
552 2788 573 2866 5
610 2785 739 2888 Σωτὴρ
782 2783 847 2868 τδν
883 2785 1190 2869 δυσπειθέστατον
1226 2791 1299 2867 τῶν

94 2909 278 2991 Ἰουδαίου
302 2908 405 3009 λαὸν,
427 2912 486 2989 καὶ
513 2908 605 2990 κατὰ
632 2907 753 3015 βραχῦ
780 2913 843 3011 τῆς
871 2913 1015 3010 νομικῆς
1043 2908 1199 3016 ἐξέλκων
1224 2919 1296 2989 λα-

94 3033 213 3136 τρείας
236 3032 320 3117 τοῦς
344 3032 598 3137 ἀκροωμένους,
622 3031 797 3139 ἐπεφώνει
820 3031 999 3115 πολλάκις
1022 3042 1045 3080 “
1057 3032 1157 3135 Ἐγώ
1180 3037 1250 3131 εἶμι
1274 3032 1298 3130 ἦ
1343 3065 1419 3118 15⁶.

95 3153 319 3255 “ἀλήθεια,”
342 3159 535 3262 μονονουχὶ
562 3156 681 3259 λέγων
700 3156 974 3237 Ἀποσείσασθε
1001 3152 1066 3236 τὸν
1088 3146 1298 3254 νομικὸν,οί

95 3279 205 3378 οῦτοι,
215 3279 332 3385 ζυγόν·
352 3279 598 3387 καταδέξοσθε
617 3276 683 3380 τὴν
697 3280 736 3361 ἐν
748 3279 924 3378 πνεύματι
941 3279 1121 3383 λατρείαν·
1141 3278 1329 3382 οίχέσθωὰ

45 3402 267 3503 25λοιπῦνὴ
290 3401 389 3502 σκιά,
406 3403 563 3508 χωρείτω
585 3401 728 3505 μακρὰν
746 3405 767 3482 5
789 3401 1140 3508 τόπος,ε’πε’λαμψεν
1158 3403 1181 3503 ἡ
1200 3400 1293 3502 ἀλῆ-

95 3532 185 3607 θεια.
226 3528 310 3607 ἀλλ’
342 3528 384 3607 οῦ
415 3533 532 3609 πᾶσιν
562 3524 672 3607 ἐδόκει
704 3533 818 3607 ποιεῖν
851 3527 981 3628 ὀρθῶς,
1009 3523 1220 3629 ἀνατρέπων
1251 3523 1297 3605 τά

96 3649 297 3746 Μωυσέως,
313 3657 458 3749 μᾶλλον
476 3648 515 3729 δέ
533 3649 633 3751 ἀγων
650 3649 706 3730 ἐπὶ
723 3648 766 3729 τὸ
786 3648 1039 3752 ἀληθέστερον,
1054 3653 1102 3732 ὡς
1121 3650 1183 3728 καί
1197 3681 1296 3732 τινας

95 3773 165 3874 ἤδη
188 3780 281 3869 βοοῖν
300 3779 346 3853 Εἰ
370 3770 416 3873 ἦν
434 3774 537 3857 οὗτος
560 3772 660 3877 παρὰ
678 3777 775 3853 Θεοῦ
800 3773 819 3852 5
843 3771 1041 3875 ἄνθρωπος,
1060 3773 1124 3852 οῦκ
1150 3771 1194 3851 ἀν
1212 3769 1295 3851 ’ἐλυε
1340 3789 1459 3843 Ib·ix·⁶.

95 3894 139 3977 τῦ
170 3894 375 3993 σάββατον·
421 3895 509 4000 ὅπερ
538 3893 583 3977 ἀν
610 3894 654 3997 ἦν
682 3897 846 3999 ἄντικρυς
874 3895 1051 4000 ἁμαρτίαν
1079 3895 1291 4001 καταψηφί-

133 4167 160 4223 3.
179 4153 295 4210 νοοῦντες
307 4151 340 4208 Β.
494 4167 519 4225 7.
537 4174 587 4223 μου
599 4112 767 4225 οευυωρῑυω
780 4169 812 4206 ex
825 4151 896 4206 D.E.
1043 4150 1069 4205 8.
1086 4151 1166 4218 λῆρός
1177 4170 1206 4203 τε
1217 4147 1296 4205 ὅντως

98 4221 205 4276 inverso
216 4221 309 4278 ordine
322 4223 356 4278 B.
378 4248 385 4264 ·-
462 4239 488 4294 9.
506 4223 717 4348 mssmv'pcra
728 4222 896 4278 ἀπαιδευσίας
908 4219 960 4274 hoc
972 4217 1065 4274 ordine
1078 4219 1111 4274 Β.
1159 4220 1248 4344 ἀοῖ-χιον
1261 4219 1294 4275 Β.

97 4291 187 4362 ἕτερον
197 4292 272 4347 οῦδέν
284 4292 354 4349 [λΕ.
366 4292 454 4364 ἕτερον
465 4294 556 4349 οῦδένα
593 4293 621 4349 d.
772 4309 813 4348 10.
831 4294 913 4362 λόγον
923 4292 1025 4360 ἔφασκε
1037 4291 1144 4344 inverso
1155 4307 1172 4344 ο
1205 4307 1248 4344 me
1261 4289 1295 4344 B.

100 4378 142 4433 13.
160 4365 242 4445 πάλιν
251 4362 284 4418 οὔ
296 4372 322 4419 et
333 4367 379 4420 τὸν
391 4364 494 4433 Πατέρα
506 4366 600 4433 ὁμοίως
611 4364 639 4418 ἐν
650 4365 732 4436 ἐαυτῷ
745 4362 851 4445 ἰονεταο
862 4360 955 4416 ordine
969 4359 1002 4414 Β.
1087 4359 1127 4415 1⁶.
1146 4358 1218 4430 οὐδὲ]
1236 4367 1264 4424 ÷
1280 4363 1295 4413 ὁ

98 4431 151 4488 Ed.
164 4443 249 4488 ιιινηο
262 4433 295 4489 Β.
402 4451 444 4490 τι.
462 4438 532 4489 λαῶν
544 4434 596 4490 Ed.
609 4450 677 4506 quae
689 4435 801 4504 conjeclt
812 4434 884 4486 λαὸν.
993 4431 1035 4485 28.
1054 4433 1069 4483 ὁ
1081 4440 1250 4501 assumptum
1262 4447 1295 4485 ex

99 4502 207 4558 B.D.E.
304 4520 345 4576 29.
365 4506 395 4559 τὸ
408 4506 544 4571 σάββατον
557 4504 663 4562 Β.Ι).Ε.
675 4505 708 4559 τδ
720 4505 843 4569 σάββατα
855 4501 906 4558 Ed.
954 4499 1261 4573 ἀναεωωρῒυωειθ.

142 4604 212 4652 VOL.
230 4605 254 4650 l.
685 4605 708 4649 Η
