3038 5018
60 310 79 371 i.
95 332 148 397 32,
161 335 213 400 33.
251 316 309 378 IN
340 317 373 383 s,
397 317 651 382 ιοΑΝΝΕΜ.
696 315 862 380 LIB.11.
908 314 1063 378 CARI.
1195 309 1256 374 179

61 479 233 579 σχηκιός;
267 487 296 558 εί
316 482 352 560 δὲ
372 489 481 561 κεῖται
505 481 649 566 πάντως
673 485 710 560 έν
729 480 907 585 ἑτερότητι
933 483 1071 586 φυσικῇ
1096 480 1142 580 τῇ
1165 477 1256 579 πρὸς

61 600 213 700 ἄλληλα
242 602 289 682 τά
318 607 492 707 εἰρημένα,
516 610 575 685 καὶ
599 605 774 704 διατέμνει
800 605 909 707 λόγος
933 606 1123 703 ἀναγκαῖος
1148 598 1254 694 αὐτὰ,

62 724 252 825 ὁράτωσαν
271 734 303 806 οί
330 732 367 807 ἐκ
393 734 545 833 μετοχῆς
571 728 613 808 τὸ
633 718 782 824 Πνεῦμα
801 727 1024 832 διδόντεςτῲ
1044 729 1254 824 Μονογενεῖ,

61 846 152 948 πρὸς
180 850 273 948 ὅσην
300 855 633 935 κατολισθαίνοντες
661 855 829 946 ἀσέβειαν
857 854 919 929 οῦκ
947 848 1188 928 αἰσθάνονται.
1227 853 1257 926 εί

29 969 133 1072 5γὰρ
152 971 301 1077 μέτοχός
324 978 402 1054 ἐστι
427 984 491 1055 τοῦ
510 974 718 1073 Πνειίμιιτος
738 977 757 1054 ὁ
776 974 874 1073 Υἱὸς,
892 972 995 1076 ἅγιον
1014 974 1051 1050 δὲ
1076 978 1121 1076 τῇ
1148 972 1291 1076 φόσειά

62 1093 103 1173 τὸ
126 1099 273 1195 Πνεῦμά
291 1104 401 1196 ἐστιν,
421 1101 485 1178 οῦκ
503 1101 606 1179 ἔσται
625 1097 715 1179 κατά
734 1101 849 1206 φάσιν
866 1097 966 1198 ἅγιος
984 1096 1099 1192 αὐτὸς,
1118 1097 1256 1200 ε’δείχθη

63 1218 100 1296 δὲ
125 1229 230 1299 τοῦτο
255 1222 359 1319 μόλις
384 1231 429 1328 τῇ
455 1225 546 1324 πρὸς
569 1224 688 1327 ἕτερον
706 1230 914 1328 συμπλοκῇ,
932 1223 1022 1323 πρὸς
1048 1221 1089 1299 τὸ
1115 1221 1258 1317 ἄμεινον

63 1339 85 1439 ἦ
112 1344 148 1419 ἐν
172 1343 299 1446 οἷσπερ
326 1345 368 1445 ἦν
387 1351 481 1452 ἀρχῇ
506 1347 596 1426 κατὰ
621 1347 725 1451 χάριν
747 1345 1131 1450 μεταστοιχειοιίμενος.
1172 1340 1256 1421 ἀλλ’

63 1465 180 1564 ὁράτω
206 1468 319 1547 πάλιν
344 1473 364 1549 ὁ
391 1471 575 1575 θεομάχος,
595 1477 642 1553 εἰς
669 1470 761 1571 ὅσην
784 1473 879 1578 αι’πῲ
904 1469 1120 1563 δυσσέβειαν
1143 1501 1255 1546 κατα·

11 1619 49 1659 10
64 1593 213 1695 στρέφει
241 1590 286 1670 τά
313 1593 569 1694 προβλήματα.
615 1601 758 1693 πρῶτον
785 1590 850 1691 μὲν
878 1593 950 1694 γὰρ
981 1591 1177 1672 άλλοίωσίς
1206 1623 1259 1672 τις

63 1715 120 1790 καὶ
140 1715 265 1815 τροπὴ,
285 1714 444 1818 καθάπερ
451 1717 530 1815 ήδη
547 1724 728 1818 προεῖπον,
741 1719 822 1819 περὶ
841 1715 904 1796 τὸν
918 1714 1008 1795 Υίὸν
1024 1713 1259 1816 εὑρεθήσεται,

64 1838 274 1922 ἀλλοιωθεὶς
293 1839 331 1918 δὲ
352 1841 432 1919 καθ’
455 1843 543 1938 ὑμᾶς
570 1844 627 1918 καὶ
651 1838 842 1946 προκόψας
868 1843 924 1919 ἐπὶ
952 1839 992 1918 τὸ
1019 1841 1172 1937 άμεινον,
1193 1840 1259 1941 οὐχ

64 1959 159 2042 ὅπως
179 1961 338 2042 ἐλάττων
355 1966 433 2043 ε’στὶ
452 1972 516 2043 τοῦ
535 1962 691 2065 Πατρός,
706 1966 789 2042 ἀλλ’
811 1964 877 2064 ἤδη
896 1998 973 2047 πως
991 1967 1048 2041 καὶ
1066 1967 1104 2042 ἐν
1123 1960 1289 2063 μείζοσιθ

64 2084 220 2185 γεγονὼς
257 2088 496 2191 δειχθήσεται·
540 2091 598 2166 καὶ
631 2087 738 2184 ὅπως,
769 2091 925 2188 ἐροῦμεν,
957 2087 1029 2165 άπὸ
1066 2091 1129 2184 τῆς
1165 2086 1260 2168 θείας

10 2226 48 2286 ¹5
64 2209 240 2302 λαβόντες
272 2215 427 2316 γραφῆς.
481 2213 500 2289 ὁ
532 2212 725 2295 θεσπέσιος
758 2216 908 2295 Παῦλος
937 2213 1016 2312 περὶ
1050 2210 1158 2288 αὐτοῦ
1190 2243 1260 2288 που

64 2335 164 2436 φησί
188 2343 210 2380 “
225 2340 344 2414 Τοῦτο
373 2340 535 2440 φρονεῖτε
564 2336 714 2418 ἕκαστος
744 2337 781 2413 ἐν
812 2337 894 2431 ὑμῖν
922 2336 1049 2430 αὐτοῖς,
1078 2331 1098 2412 δ
1131 2336 1189 2411 καὶ
1222 2335 1260 2410 ἐν
1385 2328 1399 2341 ”

64 2466 87 2501 “
104 2461 256 2562 Χριστῷ
273 2459 407 2557 Ἰησοῦ,
423 2456 461 2540 ῦς
480 2460 517 2537 ἐν
535 2465 660 2563 μορφῇ
681 2464 776 2538 Θεοῦ
796 2456 966 2563 ὑπάρχων
980 2459 1048 2561 οὐχ
1068 2452 1260 2559 ἁρπαγμὸν

63 2589 85 2626 “
105 2579 268 2679 ἡγήσατο
293 2580 334 2660 τὸ
359 2579 445 2660 εἶναι
470 2581 536 2661 ’ίσα
561 2587 656 2689 Θεῷ,
682 2584 766 2660 ἀλλ’
790 2581 916 2661 ἑαυτὸν
939 2582 1088 2661 ε’κένωσε
1114 2579 1259 2688 μορφήν

64 2713 86 2748 “
105 2703 235 2783 δούλου
270 2705 406 2802 λαβὼν,
439 2709 476 2784 ἐν
508 2705 701 2804 ὁμοιώματι
739 2706 938 2805 ἀνθρώπων
970 2705 1169 2807 γενόμενος,
1200 2709 1260 2784 καὶ
1335 2781 1337 2786 ,

10 2852 49 2892 ²0
64 2837 86 2873 “
104 2827 266 2930 σχήματι
291 2831 441 2929 εὑρεθεὶς
467 2832 514 2912 ὡς
540 2830 727 2931 ἅνθρωπος
752 2830 989 2909 ἐταπείνωσεν
1012 2827 1171 2909 ἑαυτόν·”
1202 2828 1290 2908 Sua
1314 2851 1376 2906 120
1388 2848 1428 2904 A.

62 2950 255 3030 τοίνυνκαὶ
274 2951 345 3056 πρὸ
363 2953 428 3051 μὲν
446 2957 509 3051 τῆς
528 2953 829 3054 ε’νανθρωπήσεως
847 2950 891 3050 ἦν
908 2956 947 3031 ἐν
964 2958 1088 3058 μορφῇ
1106 2955 1164 3031 καὶ
1183 2951 1260 3031 ἶσό-

62 3106 142 3171 τητι
160 3083 224 3153 τοῦ
244 3073 398 3178 Πατρός,
418 3074 510 3155 κατά
529 3076 565 3156 δέ
583 3076 646 3155 τὸν
664 3082 726 3173 τῆς
746 3074 1048 3178 ε’νανθρωπήσεως
1070 3076 1200 3179 χρόνον
1219 3074 1260 3154 τῦ

65 3200 215 3294 Πνεῦμα
241 3197 367 3309 λαβῷν
386 3200 430 3306 ἐξ
453 3200 604 3303 οὐρανοῦ
632 3197 791 3301 ἡγιάσθη
817 3201 892 3278 κατ’
912 3199 1070 3294 ε’κείνους,
1093 3199 1261 3300 κρείττων

63 3353 102 3398 τε
139 3319 214 3419 ἅμα
251 3326 309 3401 καὶ
345 3322 472 3425 μείζων
504 3326 629 3402 ἑαυτοῦ
664 3322 722 3403 διά
754 3325 886 3422 ταύτην
916 3324 1162 3429 ἀναπέφανται
1195 3320 1261 3420 τὴν

10 3470 48 3529 25
63 3446 189 3541 αἰτίαν,
216 3446 392 3549 ῦπεροιίρει
420 3446 588 3546 δηλονότι
615 3443 746 3526 λοιπὸν
773 3449 830 3526 καὶ
859 3444 901 3524 τό
928 3453 992 3525 τοῦ
1019 3445 1260 3547 γεννήσαντος

60 3567 201 3667 μέτρον.
243 3573 300 3647 καὶ
330 3575 358 3647 εί
385 3566 428 3648 τό
452 3575 600 3666 Πνεῦμα
629 3567 756 3662 λαβιῦν
781 3574 828 3653 είς
856 3568 896 3648 τὸ
925 3568 1171 3671 ῦπερεπέκεινα
1197 3575 1261 3647 τοῦ

65 3690 211 3794 Πατρῦς
238 3691 461 3791 ἀναβέβηκεν
486 3693 639 3799 ἀξίωμα,
660 3699 819 3794 κρεῖττον
841 3693 911 3795 ἄρα
938 3696 1015 3771 ἐστὶ
1044 3690 1085 3772 τῦ
1112 3698 1260 3790 Πνεῦμα

64 3816 122 3891 καὶ
149 3816 258 3893 αὐτοῦ
283 3823 346 3894 τοῦ
367 3813 522 3917 Πατρός,
541 3815 607 3914 τήν
631 3819 705 3895 κατ’
727 3818 834 3895 αι’ποῦ
859 3823 910 3921 τῷ
928 3822 1005 3923 Υίῴ
1030 3815 1292 3920 χαριῷμενονο

63 3935 253 4040 ὑπεροχήν.
300 3939 353 4020 τίς
377 3939 440 4017 οὖν
462 3940 532 4041 άρα
557 3940 615 4017 καὶ
640 3939 731 4041 πρὸς
754 3939 867 4038 μάνην
892 3941 955 4018 οὐκ
980 3938 1171 4041 ἀποφρίξει
1194 3936 1260 4035 τὴν

10 4097 49 4155 30
63 4059 197 4159 άκοήν;
231 4062 391 4165 χαλεπὸν
418 4062 483 4161 μέν
510 4062 582 4164 γὰρ
611 4061 721 4146 ὅντως
751 4069 808 4142 καὶ
835 4060 878 4141 τῦ
906 4062 965 4141 διά
991 4068 1064 4140 τῶν
1091 4063 1260 4140 τοιούτων

100 4347 125 4383 2.
144 4331 286 4401 ἀναγκαίως
299 4330 332 4383 Β.
478 4351 518 4402 13.
535 4333 595 4386 ἀλλ’
609 4331 669 4402 ήδη]
684 4332 761 4385 ἀλλεῖ
774 4332 805 4384 Β.
952 4332 992 4385 16.
1011 4334 1129 4402 φρονεῖτε
1146 4331 1177 4384 Β.
1191 4334 1258 4402 φρο-

62 4402 136 4456 νείτω
151 4400 201 4454 Ed.
249 4402 336 4456 αὐτοῖς
353 4413 521 4471 assumptum
540 4420 572 4456 ex
593 4403 624 4460 Β.
643 4403 677 4456 cf.
696 4402 765 4455 infra
787 4419 831 4455 121
847 4420 871 4464 a,
894 4403 942 4471 185
955 4420 985 4466 e;
1005 4402 1039 4455 ad
1059 4400 1152 4455 Herm.
1170 4418 1222 4467 404
1235 4420 1259 4465 e,

64 4472 116 4541 718
126 4472 159 4534 b;
180 4471 295 4526 derecta
308 4470 359 4525 fide
376 4472 459 4538 141b.
568 4489 610 4526 οι.
629 4474 670 4525 καὶ
683 4472 757 4542 prius
769 4482 937 4544 assumptum
950 4491 981 4526 ex
996 4472 1029 4527 B.
1136 4487 1179 4537 ²4·
1197 4472 1258 4527 ἀνα-

63 4542 177 4612 πέφαται
192 4542 227 4594 D.
320 4543 362 4595 28.
381 4546 426 4596 τοῦ
438 4560 492 4597 om.
506 4543 608 4613 Migne.

619 4644 707 4689 ΑΗ
