3038 5018
79 295 188 381 vi.27.
256 299 313 364 IN
344 300 658 368 S.JOANNEM.
704 302 889 368 LIB.III.
935 302 1038 368 CAP.
1060 304 1102 370 V.
1213 308 1277 369 443

78 469 221 569 σαφῶς,
239 470 297 547 καί
316 467 374 547 διὰ
392 467 528 548 τούτων
547 469 629 568 ἡμῖν
646 471 709 548 οὐκ
733 471 771 549 ἐκ
796 472 859 567 τῆς
882 468 1008 553 οὐσίας
1027 468 1197 575 ὐποίρχων
1215 477 1279 549 τοῦ

81 587 226 690 Πατρός
248 593 268 669 5
287 591 374 675 Υἱὸς
393 592 647 682 ἀναδείκνυται,
667 590 768 671 ἀλλὰ
793 598 939 692 μᾶλλον
957 591 1194 693 ἆπεικόνισμα
1215 597 1280 690 τῆς

79 710 204 796 οὐσίας
226 715 347 794 αὐτοῦ.
386 712 483 794 έστω
507 713 546 794 δὲ
571 713 616 812 δή
644 749 679 793 τι
703 724 873 812 τοιοῦτον,
897 718 1023 822 φησίν,
1047 715 1067 794 5
1095 721 1226 823 φαμεν·
1257 715 1279 813 ἦ

79 837 252 938 σφραγὶς,
282 837 361 937 ἤτοι
398 835 440 916 τὸ
474 836 695 940 σήμαντρον,
727 842 824 945 κηρῷ
861 838 971 944 τυχὸν
1003 839 1115 940 ἤγουν
1147 839 1281 942 ἑτέραις

47 958 185 1041 snmus
210 960 412 1060 ἐπιτηδείως
439 959 606 1065 ἐχούσαις
633 966 682 1044 είς
709 959 751 1039 τὸ
780 967 908 1054 λαβεῖν
933 961 1197 1060 ε’νθλιβόμενον,
1221 964 1311 1041 καὶο

79 1076 147 1180 τὴν
170 1081 363 1183 ὁμοιότητα
387 1081 501 1183 μόνην
525 1083 732 1190 ἐγχαράξειν
756 1082 822 1182 τὴν
845 1085 981 1183 ἑαυτοῦ,
1004 1083 1116 1165 πόλιν
1143 1088 1275 1166 ε’πανα·

79 1204 255 1307 κομίζεται
291 1205 391 1309 παρὰ
427 1215 491 1286 τοῦ
527 1206 831 1309 προσθλίβοντος,
866 1205 1039 1309 ζημιωθὲν
1074 1209 1119 1315 ἐξ
1154 1210 1280 1289 ἑαυτοῦ

78 1329 201 1428 μηδέν·
232 1331 344 1414 οὕτως
374 1333 394 1411 5
427 1329 556 1432 Πατὴρ
585 1327 675 1430 πρὸς
705 1329 779 1409 τὸν
793 1328 883 1410 Υίὸν
912 1330 1000 1410 ὅλον
1029 1329 1154 1412 ἑαυτὸν
1181 1334 1280 1419 ε’νιεῖς

80 1453 138 1529 καὶ
167 1451 370 1553 ἐνσημιίνας
402 1451 537 1556 τρόπον
569 1450 648 1532 τινὰ
677 1453 721 1530 δι’
756 1451 1019 1554 ἀκριβεστάτης
1050 1458 1113 1553 τῆς
1145 1455 1276 1552 ὁμοιώ-

30 1609 67 1650 ιο
79 1609 185 1676 σεως,
199 1577 262 1656 οὐκ
281 1575 324 1682 ἐξ
340 1577 465 1656 ἑαυτοῦ
481 1575 625 1661 πάντως
642 1575 712 1681 ἕχει
731 1575 838 1678 μέρος
856 1579 1044 1680 ὡσπεροῖνν
1061 1582 1124 1678 τῆς
1142 1576 1279 1669 οὐσίας,

79 1699 192 1800 ἤγουν
209 1700 253 1806 ἐξ
275 1701 383 1799 αὐτῆς
403 1699 604 1799 νοούμενον,
621 1696 705 1779 ἀλλ’
726 1702 774 1783 ὡς
799 1698 915 1780 εἰκόνα
940 1698 1053 1801 μόνην
1071 1704 1129 1781 καὶ
1154 1701 1280 1800 ὁμοίω-

79 1856 143 1902 σιν
160 1825 303 1925 ἀκριβῆ.

134 1945 280 2048 Ὀροίτω
303 1946 347 2047 δὴ
370 1944 483 2027 πάλιν
501 1947 522 2026 5
541 1943 760 2053 φιλομαθὴς,
780 1945 835 2026 ότι
860 1949 919 2027 καὶ
944 1955 1007 2026 νῦν
1025 1948 1109 2048 ἡμῖν
1128 1952 1176 2033 ὡς
1198 1947 1281 2057 ὄφις

79 2071 101 2150 5
119 2067 163 2149 δι’
181 2071 340 2155 ε’ναντίας
358 2072 526 2176 ε’πιπηδᾷ,
544 2073 603 2150 καὶ
625 2077 674 2155 εἰς
699 2072 794 2177 ὕψος,
820 2070 910 2175 αἴρει
934 2069 1000 2170 τὴν
1017 2077 1072 2150 ῖοῖν
1097 2071 1316 2173 γε’μονσανᾶ

31 2220 67 2283 15
81 2191 256 2300 κεφαλήν·
295 2195 381 2274 ἀλλ’
411 2194 431 2272 5
459 2192 674 2296 συνθραύων
701 2191 765 2277 τὰς
793 2191 957 2299 κεφαλὰς
984 2201 1048 2273 τοῦ
1076 2192 1280 2297 δράκοντος,
1328 2219 1452 2270 mlxxiii.

80 2317 300 2420 συνθραύσει
327 2319 384 2396 καί
412 2316 556 2416 ταύτην,
576 2318 634 2395 καὶ
663 2316 773 2396 δώσει
800 2314 914 2396 πάλιν
933 2317 1017 2416 ἡμῖν
1038 2315 1080 2396 τὸ
1106 2318 1283 2397 δύνασθαι
1331 2296 1368 2346 ¹⁴⁸

80 2437 144 2525 τοῖς
175 2437 425 2543 πολυτρόπους
454 2440 573 2519 αὐτῶν
603 2440 824 2543 δυστροπίας
857 2440 1100 2543 ὐπεκδραμεῖν.
1146 2439 1283 2542 λεγέτω

80 2564 199 2644 τοίνυν
215 2565 299 2664 ἡμῖν
321 2565 341 2642 5
367 2569 491 2647 δεινοῖς
518 2563 612 2662 ἡμᾶς
639 2562 768 2666 ἀρτίως
796 2561 1064 2664 περικτνπήσας
1092 2561 1228 2664 λόγοις·
1260 2565 1283 2665 ἤ

80 2688 242 2791 σφραγὶς
266 2686 346 2788 ἤτοι
372 2683 415 2765 τὸ
441 2684 652 2787 σήμαντρον
670 2684 712 2765 τὸ
738 2685 783 2791 ἐξ
806 2687 895 2785 ὕλης
920 2685 1029 2789 τυχὸν
1046 2687 1284 2787 πεποιημένον

29 2845 68 2887 νο
81 2807 159 2908 ἤτοι
189 2814 342 2912 σιδηρᾶς
372 2806 486 2911 ἤγουν
512 2813 577 2909 τῆς
607 2808 680 2888 ἀπὸ
712 2816 863 2912 χρυσοῦ,
889 2804 942 2912 ἄρ’
970 2810 1050 2912 οὐχὶ
1075 2806 1219 2892 πάντως
1246 2811 1284 2887 έν

79 2932 282 3036 χαρακτῆρί
308 2967 377 3012 τινι
406 2933 664 3032 κατασημαίνει
695 2930 740 3010 τὰ
767 2932 805 3010 ἐν
833 2929 885 3015 οῖς
913 2933 1057 3032 γίνεται,
1077 2929 1099 3032 ἢ
1119 2934 1177 3010 καί
1201 2933 1314 3037 δίχαο

81 3058 304 3159 χαρακτῆρος
323 3054 426 3135 ἕσται
444 3088 482 3135 τε
500 3057 559 3134 καὶ
577 3054 794 3154 νοηθήσεται
812 3053 1047 3154 σήμαντρον;
1076 3054 1163 3131 ἀλλ’
1187 3050 1284 3150 οἶμαι

79 3184 151 3262 τοῖς
177 3212 229 3262 τις
255 3178 317 3257 οὖν
337 3177 392 3257 ὅτι
415 3181 475 3256 καὶ
500 3185 573 3256 τῶν
595 3178 678 3280 παρ’
696 3177 849 3272 ἐκείνοις,
868 3179 926 3255 καὶ
951 3177 1018 3281 οὐχ
1039 3174 1129 3256 ἑκὼν
1148 3177 1282 3275 ὁμολο-

80 3301 225 3402 γήσειεν
248 3300 321 3381 ἀπὸ
350 3309 414 3380 τοῦ
443 3299 642 3403 πρέποντος
671 3296 763 3403 πρὸς
791 3297 902 3397 αὐτὴν
929 3297 1192 3399 συνελκόμενος
1219 3298 1285 3399 τὴν

29 3447 68 3515 τ5
81 3422 262 3522 ἀλήθειαν,
291 3423 346 3504 ὅτι
379 3422 423 3524 δὴ
452 3423 596 3508 πάντως
628 3425 666 3501 έν
696 3425 895 3526 χαρακτῆρι
927 3428 1114 3528 σφραγιεῖ·
1141 3456 1282 3528 χαρακ-

81 3550 188 3648 τῆρος
225 3545 264 3626 δὲ
301 3547 395 3650 δίχα,
427 3544 519 3626 κατά
555 3579 596 3648 γε
628 3544 692 3624 τὸν
723 3547 761 3624 ἐν
794 3550 846 3653 τῷ
882 3547 1053 3647 πρέποντι
1090 3545 1284 3648 λογισμὸν,

82 3671 256 3766 οὐδαμῶς.
295 3669 354 3750 ὅτε
387 3671 517 3766 τοίνυν,
545 3666 706 3770 καθάπερ
738 3667 822 3767 ἡμῖν
853 3667 875 3767 ἤ
903 3668 981 3747 θεία
1012 3667 1285 3772 διαμαρτύρεται

81 3789 217 3899 γραφὴ,
238 3804 258 3840 “
272 3789 458 3897 χαρακτὴρ
482 3795 546 3891 τῆς
570 3789 832 3874 ὐποστοίσεως”
853 3797 917 3869 τοῦ
937 3795 1033 3870 Θεοῦ
1057 3793 1116 3869 καὶ
1139 3790 1285 3895 Πατρός
1330 3792 1399 3921 ΙΒΒΞΒ·

81 3915 182 3994 ε’στιν
200 3917 220 3995 5
239 3917 337 4012 Υἱὸς,
354 3918 391 3995 ἐν
410 3916 500 4020 αὐτῇ
518 3949 556 3994 τε
575 3913 627 3993 οὐν
646 3911 826 4013 δηλονότι,
844 3915 904 3991 καί
921 3912 966 4018 ἐξ
982 3915 1091 4011 αὐτῆς
1110 3918 1285 4019 φυσικῶς,

26 4070 70 4129 -30
83 4037 189 4123 αὐτὸς
213 4042 251 4119 ἐν
278 4043 346 4118 τίνι
373 4033 729 4138 κατασημαίνετοαῆ
754 4034 812 4115 διὰ
840 4036 936 4119 τίνος
964 4036 1085 4138 ἑτέρου
1111 4041 1314 4143 σφραγιεῖς
1333 4063 1450 4122 aon.

83 4164 291 4263 χαρακτῆρα
322 4160 385 4240 τὸν
416 4162 504 4241 ἴδιον
536 4162 556 4238 5
588 4158 740 4260 Πατῆρς
778 4160 820 4238 οὐ
852 4157 924 4262 γὰρ
958 4158 1002 4259 δή
1035 4192 1089 4242 τις
1120 4161 1193 4261 ἐρεῖ
1221 4158 1285 4237 τὸν

123 4383 145 4422 1.
165 4370 211 4421 τοῦ
224 4370 326 4438 Πατρὸς
337 4368 459 4439 ὑπάρχων
471 4368 577 4424 inverso
588 4365 683 4421 ordine
695 4366 728 4422 B.
951 4385 977 4439 3.
997 4367 1013 4421 ὅ
1024 4375 1191 4437 assumptum
1205 4383 1236 4421 ex
1251 4366 1285 4423 B.

85 4438 110 4490 8.
130 4437 216 4510 ε’νιεὶς]
230 4439 311 4494 ἐνθεὶς
325 4438 356 4493 Β.
489 4455 529 4495 ιο.
548 4439 685 4508 ὣσπεροῦν
699 4437 730 4492 Β.
744 4438 834 4507 ὥσπερ
848 4437 899 4494 Ed.
1026 4454 1068 4493 21.
1088 4436 1102 4506 ἤ
1116 4445 1285 4508 assumptum

84 4526 117 4560 ex
131 4507 165 4562 Β.
273 4524 316 4564 22.
335 4530 362 4563 τε
376 4526 429 4563 om.
444 4509 476 4564 Β.
1060 4544 1063 4549 -

641 4612 732 4680 μα
