3038 5018
241 283 306 347 418
544 281 583 344 B.
607 279 815 343 OYRILLI
845 278 1133 343 ALEXANDR.
1266 275 1307 338 vi.
1324 293 1373 352 ιο,
1390 292 1438 358 ¹3·

241 445 391 551 τροφήν·
431 454 536 525 τοῦτο
561 442 632 548 γάρ
659 447 848 544 ὑποδηλοῖ,
872 442 914 524 τὸ
943 444 1014 524 άπὸ
1042 446 1175 543 κριθῆς.
1214 439 1273 520 διὰ
1300 438 1339 519 δέ
1366 443 1441 518 τῶν

242 569 407 676 ὀψαρίων
426 569 448 669 ἡ
468 566 525 648 διὰ
543 575 615 647 τῶν
634 567 763 647 ἁλιέων
781 567 910 673 τροφή,
929 566 1093 647 τουτέστι
1114 564 1161 646 τά
1183 562 1441 670 τρυφερώτατα

242 701 316 775 τῶν
344 702 408 774 τοῦ
437 694 604 794 Σωτῆρος
628 698 799 791 μαθητῶν
820 690 1100 793 συγγράμματα·
1130 694 1188 770 καὶ
1219 688 1283 768 δύο
1316 693 1440 781 ταῦτα,

243 821 368 926 φησὶν,
406 814 650 896 άποστολικδν
687 817 725 893 έν
762 816 845 914 ἡμῖν
881 817 940 894 καὶ
976 811 1209 917 εὐαγγελικδν
1246 809 1440 909 διαλάμπει

209 941 419 1045 άκήρυγμα.
459 940 570 1040 ἄμφω
598 937 636 1020 δέ
663 948 776 1019 ταῦτα
803 945 876 1018 τῶν
895 938 1024 1018 ἁλιέων
1041 935 1222 1055 εὑρήματα
1243 940 1301 1015 καὶ
1327 946 1473 1034 hoyo-5

243 1068 396 1171 γραφίαι
426 1065 669 1162 πνευματικοί.
722 1061 898 1169 ἀναμίξας
930 1071 1121 1163 τοιγαροῦν
1152 1064 1172 1142 ὁ
1206 1059 1334 1162 Σωτὴρ
1367 1063 1441 1140 τοῖς

240 1196 408 1272 παλαιοῖς
432 1187 478 1268 τά
505 1187 576 1285 νέα,
596 1186 654 1266 διά
680 1187 790 1286 νόμου
812 1191 870 1265 καὶ
893 1184 1114 1286 μαθημάτων
1132 1183 1301 1286 διαθήκης
1319 1186 1443 1280 καινῆς

241 1319 313 1392 τῶν
332 1318 381 1396 εῖς
398 1311 506 1391 αι’ντδν
522 1308 768 1391 πιστευόντων
785 1309 849 1394 τάς
867 1308 991 1416 ψυχάς
1014 1311 1207 1417 ἀποτρέψει
1230 1307 1320 1411 πρδς
1338 1304 1445 1408 ζωὴν,

240 1440 354 1535 δῆλον
372 1437 426 1516 ὅτι
444 1434 510 1534 τὴν
529 1435 682 1514 αίιόνιον.
724 1435 777 1515 ὅτι
801 1433 873 1536 γάρ
894 1434 939 1541 ἐξ
960 1433 1090 1514 ἁλιέων
1108 1439 1142 1513 οἱ
1165 1436 1331 1533 μαθηταὶ,
1352 1430 1443 1532 πρό·

242 1564 354 1659 δηλον
373 1558 487 1659 δήπου
509 1561 567 1637 καὶ
586 1558 715 1664 σαφές·
747 1565 776 1637 εἱ
803 1557 873 1660 γάρ
898 1561 956 1637 καὶ
983 1557 1033 1657 μὴ
1056 1556 1188 1640 πάντες
1213 1554 1334 1660 τυχὸν,
1354 1553 1443 1633 ἀλλ’
1461 1589 1497 1630 ιο

240 1684 381 1786 ἐπείπερ
400 1685 490 1761 είσὶν
508 1685 546 1760 ἐν
564 1683 683 1764 αι’ντοῖς
701 1685 734 1760 οὶ
758 1691 920 1779 τοιοῦτοι,
939 1683 1031 1761 οὕτω
1050 1686 1114 1781 τῆς
1131 1685 1188 1761 ἐπὶ
1207 1688 1281 1764 τοῖς
1299 1680 1442 1783 εἰρημέ-

242 1840 315 1888 νοις
334 1807 502 1905 ἀληθείας
520 1807 540 1884 ὃ
559 1802 670 1908 λόγος
688 1805 771 1905 ἡμῖν
790 1806 853 1884 οὐκ
870 1804 1105 1911 ἐξοιχήσεται.

213 1961 231 2003 e

193 2037 303 2103 ιιὨι
334 2037 368 2104 δὲ
401 2038 658 2118 ὲνεπλήσθιισαν,
689 2039 776 2112 λε’τει
810 2035 879 2104 τοῐι
914 2035 1074 2115 μαθιιταῑι
1110 2039 1208 2103 αὺτοῦ
1238 2036 1446 2111 Συνατάτετε

193 2193 228 2251 ¹3
293 2164 333 2229 τά
361 2165 618 2252 περισσεύσαντα
646 2165 826 2244 κλάσματα,
845 2165 898 2229 ἵνα
925 2166 969 2241 μά
997 2189 1027 2230 τι
1051 2165 1225 2229 άπάλιιται.
1261 2162 1445 2237 συνύπατον

293 2286 360 2369 οὖν,
384 2289 435 2354 καί
459 2289 611 2365 ὲτὲμισαν
631 2288 761 2355 δώδεκα
790 2289 944 2378 κοφίνους
972 2292 1168 2366 κλασμάτων
1192 2289 1230 2353 ἐκ
1256 2289 1321 2354 τῶν
1345 2289 1446 2353 πέντε
1463 2310 1497 2369 15

293 2415 403 2502 άρτων
431 2414 497 2478 τῶν
525 2413 686 2501 κριθίνων,
714 2417 798 2503 άπερ
826 2415 1035 2504 ὲπερίσσευσε
1062 2412 1130 2481 τοῖς
1158 2415 1351 2504 βεβρωκόσι.

297 2575 426 2682 Δόξειε
454 2575 520 2674 μέν
539 2577 583 2655 ἅν
600 2613 652 2686 τερ
680 2584 799 2683 φειδοῖ
823 2586 895 2659 τῶν
923 2583 1196 2687 περισσευμάτων
1214 2585 1287 2662 τοῖς
1316 2581 1447 2658 ἑαυτοῦ

240 2705 416 2800 μαθηταῖς
448 2699 612 2806 ἐπιτάξαι
642 2701 806 2805 Χριστὸς
835 2704 1031 2806 συλλέγειν
1060 2701 1162 2783 αι’ντά.
1205 2703 1303 2800 ἀλλ’,
1334 2697 1448 2800 οἶμαι,

239 2830 447 2903 παστισοῦν
465 2821 633 2922 ἐννοήσαι
649 2824 867 2927 πρεπόντως,
885 2830 934 2910 ὡς
959 2828 1023 2907 οὐκ
1047 2825 1093 2908 άν
1111 2833 1158 2910 είς
1181 2834 1286 2906 τοῦτο
1312 2859 1444 2928 μικρο·

74 2967 190 3024 28η
211 2946 369 3048 ιλογίας
396 2948 623 3042 καταβαίνειν
651 2948 835 3053 ἠνέσχετο·
867 2952 926 3030 καὶ
952 2953 991 3031 τί
1014 2950 1111 3052 λέγω
1137 2948 1323 3052 Χριστόςς
1355 2949 1446 3029 ἀλλ’
1462 2977 1498 3018 ²0

241 3069 320 3150 οὐδὲ
350 3068 399 3154 εἷς
432 3104 487 3154 τις
518 3077 591 3149 τῶν
623 3073 706 3152 καθ’
725 3073 830 3172 ἡμᾶς.
870 3074 909 3153 τί
937 3072 1010 3176 γὰρ
1042 3073 1086 3175 ἦν
1117 3077 1156 3154 ἐκ
1188 3075 1292 3155 πέντε
1322 3073 1448 3177 ἄρτων

240 3196 406 3297 κριθίνων
424 3192 467 3273 τό
490 3201 761 3300 περιλελεῖφθαι
781 3198 1107 3299 προσδοκώμενον;
1139 3199 1225 3277 ἀλλ’
1246 3197 1318 3302 ἔχει
1341 3211 1445 3278 πολ·

242 3315 312 3415 λήν
330 3319 531 3414 οἰκονομίαν
549 3321 568 3398 ὁ
586 3316 706 3421 λόγος,
726 3322 785 3399 καὶ
806 3317 848 3399 τδ
867 3326 987 3420 θαῦμα
1009 3328 1083 3406 τοῖς
1105 3320 1341 3424 ἀκροωμένοις
1362 3324 1443 3402 δια·

242 3437 353 3544 φανές
388 3437 581 3543 ἐργάζεται.
634 3442 795 3543 τοσαιίτη
832 3442 904 3547 γάρ
940 3479 994 3530 τις
1031 3444 1187 3549 ἐνέργεια
1224 3451 1448 3546 θεοπρεποῦς

241 3561 408 3668 ἐξουσίας
434 3566 515 3666 περὶ
539 3561 581 3644 τό
604 3563 756 3668 πρᾶγμά
780 3569 890 3664 ἐστιν,
910 3570 958 3652 ὡς
985 3568 1036 3668 μὴ
1061 3569 1171 3667 μόνον
1195 3570 1234 3648 ἐκ
1255 3569 1362 3649 πέντε
1380 3567 1496 3649 τδνιὸ

242 3685 394 3788 άριθμὸν
412 3688 578 3789 κριθίνων
600 3690 658 3766 καὶ
684 3689 850 3794 ὀφαρίων
874 3694 971 3770 δυοῖν
993 3693 1107 3790 δῆμον
1129 3693 1221 3770 οάτω
1246 3725 1445 3795 κατακορε-

242 3814 374 3909 σθῆναι
411 3806 540 3908 πολδν,
577 3812 662 3890 ἀλλ’
700 3810 751 3892 έτι
792 3811 884 3915 πρὸς
918 3823 1023 3894 τοῦτο
1057 3817 1115 3894 καὶ
1151 3821 1448 3917 συγκομισθῆναι

208 3932 429 4040 Βλειφάνων
447 3936 614 4040 κοφίνους
631 3936 777 4014 δώδεκα.
820 3937 945 4022 ἄλλως
968 3971 1007 4017 τε
1033 3943 1091 4018 καὶ
1111 3939 1234 4042 ἑτέραν
1251 3937 1334 4018 τινά
1351 3936 1448 4020 κατά

242 4056 284 4135 τὸ
312 4056 402 4140 είκδς
429 4056 471 4137 τὸ
500 4065 619 4156 θαῦμα
647 4057 713 4156 τὴν
738 4058 907 4140 ὑπόνοιαν
926 4062 1184 4164 ἀπεκρούσατο,
1205 4067 1250 4168 τῇ
1274 4069 1351 4142 τῶν
1370 4076 1448 4144 λει-

279 4309 302 4347 1.
322 4293 397 4361 δηλοῖ
410 4293 443 4349 Β.
579 4311 605 4364 3.
623 4294 743 4364 μαθητῶν
757 4294 815 4349 Βα.
828 4297 984 4366 μαθημάτων
997 4298 1080 4354 Cord.
1095 4299 1145 4354 Ed.
1281 4317 1324 4356 10.
1343 4302 1387 4356 ιωὶ
1400 4304 1449 4359 tlt,

239 4373 408 4433 asumptum
421 4383 453 4420 ex
467 4365 500 4420 Β.
665 4382 705 4419 11.
724 4364 796 4434 εἴπερ
810 4365 842 4419 Β.
891 4367 958 4422 οὕτω
970 4386 1024 4424 om.
1039 4370 1071 4425 B.
1108 4369 1206 4425 Statim
1217 4373 1272 4427 τοῖς
1284 4389 1335 4442 μου
1347 4375 1397 4443 τῆς
1410 4374 1449 4429 D.

243 4432 284 4486 18.
302 4434 364 4487 αὐτά
378 4433 410 4489 Β.
559 4451 602 4488 21.
620 4435 706 4506 ἄρτων
716 4446 887 4507 assumptum
900 4456 932 4492 ex
947 4439 979 4494 B.
1133 4443 1176 4496 28.
1195 4441 1346 4517 λειψάνων]
1359 4446 1450 4500 πολὺ

240 4501 368 4571 λείψανον
380 4503 412 4558 Β.
513 4521 557 4576 29.
574 4505 726 4576 θαυμαστὴν
736 4523 786 4577 pro
797 4508 828 4562 τά
840 4507 925 4578 θαῦμα
937 4511 983 4578 τὴν
996 4510 1029 4566 Β.
