3038 5018
225 283 291 348 204
529 283 567 345 B.
591 279 795 345 CYRILLI
825 280 1113 344 ALEXANDR.
1320 275 1354 340 ii.
1372 294 1426 339 11.

186 464 191 479 “
225 447 246 523 ό
274 444 423 544 σύμπας
452 449 667 550 ε’κμετρεΐται
695 445 832 550 χρόνος.
878 446 993 553 τούτῳ
1022 451 1184 551 φανεῖται
1212 436 1428 544 προσεοικὸς

77 641 83 654 .
115 610 135 678 ⁸.
225 567 267 648 τὸ
293 571 335 647 δι’
356 567 433 653 ἑνός
459 605 530 650 που
556 577 627 650 τῶν
651 570 764 671 ἁγίων
788 576 987 674 προφητῶν
1012 568 1193 671 εἰρημένον
1212 576 1233 612 “
1247 563 1425 670 Πατόξει,

153 679 159 690 1
227 702 247 738 “
267 694 324 772 καὶ
352 692 510 791 μοτώσει
538 694 639 793 ἡμᾶς,
665 692 807 794 ὑγιάσει
834 695 926 793 ἡμᾶς
953 690 1043 790 μετά
1068 691 1132 771 δύο
1160 690 1291 793 ἡμέρας
1318 691 1356 767 ἐν
1379 693 1428 792 τῇ

225 825 248 861 “
267 815 381 922 ἡμέρᾳ
404 823 449 921 τῇ
474 818 587 922 τρίτῃ·
621 824 678 897 καὶ
698 814 981 917 ἀναστησόμεθα
999 819 1056 895 καὶ
1075 813 1257 919 ζησόμεθα
1274 810 1428 892 ε’νώπιον

226 949 248 986 “
266 941 384 1037 αὐτοῦ,
409 944 467 1019 καὶ
490 939 719 1042 γνωσόμεθα·
751 940 926 1047 διώξομεν
948 947 1012 1019 τοῦ
1037 945 1170 1042 γνῶναι
1195 937 1258 1016 τὸν
1278 934 1460 1037 Κόριον,5

225 1073 248 1109 “
266 1065 312 1146 ῶς
332 1063 462 1166 ὄρθρον
481 1065 621 1163 ἕτοιμον
640 1063 838 1168 εὑρήσομεν
856 1061 996 1143 αὐτόν.”
1036 1062 1170 1168 ἔπληξε
1188 1061 1254 1163 μὲν
1271 1058 1342 1162 γάρ
1367 1056 1428 1138 διὰ

116 1178 169 1228 ιω.
254 1185 264 1211 ³
326 1190 335 1214 ⁹
377 1189 386 1215 ’
456 1187 466 1214 λ
615 1189 625 1213 Ι
783 1194 791 1218 5
838 1188 848 1214 Ι
970 1192 985 1208 ⁶
1032 1182 1048 1219 ’ἲ
1118 1188 1131 1217 x
1179 1191 1187 1214 ς
1265 1189 1281 1205 ⁸
1343 1185 1352 1210 2

224 1221 291 1286 την
316 1222 354 1266 εν
390 1193 498 1287 Αδαμ
526 1196 738 1292 παραβασιν
763 1223 872 1269 ειπων
895 1198 916 1235 “
933 1193 987 1286 Γη
1016 1222 1046 1266 ει
1073 1221 1132 1266 και
1159 1221 1207 1268 εις
1235 1218 1304 1285 γην
1331 1215 1426 1262 αττε-

197 1321 248 1374 ⁰“
267 1310 413 1417 λεόση·”
452 1311 495 1392 τὸ
524 1311 561 1392 δέ
589 1318 710 1420 φθορᾷ
738 1318 796 1391 καὶ
824 1311 966 1418 θανάτῳ
989 1309 1177 1411 πεπληγὸς
1201 1306 1314 1389 πόλιν
1337 1304 1424 1405 ε’μό·

225 1469 344 1515 τωσεν
375 1433 480 1519 αὐτὸς
514 1435 605 1515 κατά
637 1436 703 1535 τήν
735 1438 859 1540 τρίτην
887 1435 1031 1536 ἡμέραν,
1064 1432 1259 1529 τουτέστιν,
1292 1432 1356 1511 οὐκ
1388 1433 1429 1509 έν

225 1557 390 1661 πρώτοις,
416 1560 495 1639 οὐδὲ
523 1562 560 1638 ἐν
587 1560 722 1658 μέσοις,
747 1563 831 1639 ἀλλ’
862 1562 900 1639 έν
927 1560 1095 1665 ἐσχάτοις
1122 1564 1265 1658 καιροῖς,
1292 1554 1352 1635 ὅτε
1380 1555 1427 1634 δι’
1447 1586 1484 1626 ιο

225 1681 318 1779 ἡμᾶς
345 1681 535 1782 γενόμενος
563 1684 751 1786 ἅνθρωπος
778 1687 860 1786 ὑγιᾶ
887 1686 953 1783 τὴν
979 1683 1093 1792 φύσιν
1117 1681 1299 1787 ἀπέδειξεν
1323 1679 1430 1778 ὅλην,

225 1806 264 1883 έκ
291 1811 424 1907 νεκρῶν
448 1806 660 1905 ἀναστήσας
685 1810 722 1886 ἐν
742 1808 863 1915 ἑαυτῷ.
902 1805 1016 1887 διάτοι
1044 1815 1148 1886 τοῦτο
1179 1810 1338 1883 καλεῖται
1366 1805 1429 1882 καὶ

227 1938 248 1974 “
268 1928 414 2032 ἀπαρχὴ
441 1935 514 2008 τῶν
544 1929 833 2030 κεκοιμημένων·”
877 1933 1003 2011 οὐκοῦν
1029 1929 1088 2011 διά
1117 1936 1181 2009 τοῦ
1209 1928 1275 2027 τὴν
1301 1927 1429 2029 τρίτην

225 2051 361 2153 ἡμέραν
393 2058 515 2148 εἰπεῖν,
547 2055 629 2133 καθ’
662 2051 707 2153 ἡν
737 2056 757 2132 ὁ
789 2053 905 2155 γάμος
937 2057 1101 2151 ἐτελεῖτο,
1130 2049 1194 2132 τόν
1223 2057 1429 2131 τελευταῖον

61 1926 182 1976 100r.xv.

61 2005 99 2040 το.

225 2176 391 2276 σημαίνει
409 2175 543 2280 καιρόν·
575 2176 788 2276 καταμηνύει
808 2174 844 2257 δέ
863 2180 921 2258 καὶ
939 2176 1003 2256 τόν
1021 2176 1143 2257 τόπον·
1175 2178 1212 2254 ε’ν
1232 2179 1337 2279 Κανᾷ
1354 2172 1429 2275 γὰρ
1446 2199 1482 2258 15

192 2304 289 2400 (Ιτῆς
308 2303 508 2384 Γαλιλαίας
528 2302 654 2406 φησίν.
688 2301 893 2404 ε’πιτηρείτω
912 2298 950 2380 δέ
968 2300 1081 2380 πόλιν
1099 2303 1118 2379 ό
1137 2295 1356 2405 φιλομαθής·
1385 2297 1430 2375 οὐ

226 2423 299 2526 γάρ
318 2425 354 2502 έν
372 2431 447 2506 τοῖς
464 2421 731 2526 Ἰεροσολύμοις
750 2423 772 2521 ἡ
790 2423 998 2525 πανήγυρις,
1017 2422 1087 2530 ἔξω
1110 2423 1147 2502 δὲ
1172 2426 1236 2521 τῆς
1253 2420 1429 2503 Ἰουδαίας

59 2563 103 2612 Ει·
116 2562 150 2612 ¹¹·
160 2574 182 2611 1·
226 2545 269 2627 τό
296 2551 449 2642 δεῖπνον,
468 2549 516 2630 ὡς
541 2549 579 2624 έν
597 2552 642 2649 τῇ
665 2553 738 2625 τῶν
758 2550 870 2626 ἐθνῶν
889 2548 1098 2627 ἐπιτελεῖται
1124 2545 1235 2652 χώρᾳ.
1276 2547 1441 2622 “Γαλι·’

227 2681 250 2717 “
268 2670 355 2749 λαία
383 2668 455 2771 γάρ
482 2676 555 2748 τῶν
580 2671 720 2767 ἐθνῶν,”
748 2675 795 2754 ῶς
824 2673 843 2748 ό
872 2669 1060 2776 προφήτης
1088 2671 1213 2776 φησίν.
1252 2672 1363 2769 δῆλον
1389 2665 1430 2746 δὲ

229 2793 344 2892 δήπου
361 2792 505 2876 πάντως
523 2795 635 2890 ε’στὶν,
654 2796 702 2878 ῶς
721 2795 743 2894 ἡ
768 2792 834 2892 μέν
853 2800 925 2872 τῶν
943 2795 1124 2874 Ἰουδαίων
1144 2790 1344 2894 Συναγωγή
1362 2790 1430 2871 τὸν
1445 2827 1486 2868 20

228 2918 273 3023 ἐξ
299 2919 459 3018 οὐρανῶν
487 2916 680 2996 ἀπεώσατο
710 2918 875 3023 νυμφίον,
904 2917 1150 3024 προσεδέξατο
1178 2916 1226 3013 δέ,
1254 2919 1311 2995 καὶ
1344 2915 1431 2995 λίαν

228 3040 403 3139 ἀσμένως,
440 3041 464 3140 ἡ
499 3040 543 3147 ἐξ
577 3044 689 3121 ε’θνῶν
725 3042 940 3140 Ἐκκλησία.
998 3041 1137 3145 ἔρχεται
1180 3039 1217 3120 δὲ
1261 3047 1310 3124 εἰς
1345 3036 1432 3124 τοὺς

229 3167 366 3267 γάμους
394 3166 458 3244 οὐκ
486 3163 687 3264 αὐτόμολος
715 3167 735 3243 ό
760 3163 898 3265 Σωτήρ·
928 3171 1085 3248 πολλοῖς
1110 3163 1182 3266 γάρ
1208 3164 1319 3266 ἀγίων
1342 3165 1430 3242 ε’κα·

231 3295 327 3366 λεΐτο
360 3295 506 3391 φωναῖς.
560 3288 645 3367 ἀλλ’
678 3284 771 3371 οἶνος
807 3288 1024 3372 ἐπιλελοίπει
1061 3287 1145 3371 τοὺς
1180 3287 1430 3386 ἑστιωμένους·

201 3410 332 3492 οούδέν
350 3408 421 3512 γάρ
441 3409 646 3489 ἐτελείωσεν
665 3413 685 3489 ὁ
705 3409 823 3509 νόμος,
842 3412 905 3489 οὐκ
924 3408 1060 3516 ἐξήρκει
1080 3409 1171 3513 πρὸς
1193 3410 1235 3491 τὸ
1258 3412 1433 3518 εὐφρᾶναι
1450 3446 1487 3507 25

231 3535 375 3615 τελείως
398 3529 440 3611 τό
465 3530 617 3634 γράμμα
640 3532 681 3613 τὸ
702 3531 938 3613 Μωυσαϊκόν·
971 3535 1056 3612 ἀλλ’
1078 3533 1157 3614 οὐδὲ
1181 3532 1268 3613 αὐτὸ
1296 3531 1338 3612 τό
1365 3539 1433 3634 τῆς

230 3654 392 3761 ἐμφύτου
423 3654 566 3757 νήφεως
596 3657 726 3760 μέτρον
756 3662 804 3741 εἷς
836 3655 877 3736 τὸ
910 3654 1086 3736 δυ’νασθαι
1121 3654 1305 3758 διασώζειν
1337 3657 1433 3755 ἡμᾶς

230 3780 429 3885 ε’ξετείνετο.
469 3780 597 3860 οὐκοῦν
616 3778 748 3879 ἀληθές
767 3778 812 3859 ἀν
830 3780 883 3879 εἴη
903 3783 960 3859 καὶ
979 3782 1035 3885 ἐφ’
1055 3781 1155 3878 ἡμῶν
1174 3778 1216 3860 τό
1235 3777 1347 3860 Οἶνον
1366 3783 1433 3860 οὐκ

231 3903 388 4007 ἔχουσιν,
411 3909 532 3982 εἰπεῖν·
564 3905 583 3981 ὁ
612 3901 650 3982 δέ
678 3902 950 4007 πλουσιόδωρος
975 3903 1075 4001 ἡμῶν
1098 3903 1191 3989 Θεὸς
1216 3906 1257 3985 οὐ
1281 3909 1435 4010 περιορᾷ

230 4031 277 4129 τῇ
307 4032 380 4104 τῶν
408 4027 554 4126 ἀγαθῶν
582 4028 695 4133 ἐνδείᾳ
724 4027 939 4130 τριβομένην
967 4027 1032 4126 τήν
1061 4029 1185 4134 φύσιν.
1224 4026 1319 4109 οἶνον
1348 4029 1435 4127 ἡμῖν
1452 4063 1487 4121 3ο

268 4245 294 4299 3.
313 4229 414 4299 ὑγιάσει
427 4227 492 4296 ἡμᾶς
503 4240 673 4301 assumptum
685 4248 718 4283 ex
731 4230 764 4284 Β.
778 4230 859 4285 Cord.
1096 4249 1136 4285 12.
1156 4232 1184 4285 ἐκ
1198 4231 1230 4286 Β.
1245 4231 1325 4286 Cord.
1339 4234 1367 4287 ἐν
1380 4234 1435 4291 Ed.

238 4315 279 4364 14.
292 4299 435 4352 ἐπιτελεῖτο
448 4299 481 4353 Β.
507 4314 591 4438 (ὠή.
606 4301 635 4353 δὲ
648 4311 815 4424 οςιυτοήφυτιι
827 4320 859 4354 ex
874 4302 906 4356 Β.
977 4303 1124 4371 ποθέσαι.
1139 4302 1171 4356 B.
1239 4303 1435 4359 αι.ἅπεώσοτο

235 4369 262 4420 D
276 4387 329 4438 mg.
343 4368 495 4424 ἀπεώσαντο
583 4371 725 4424 ,ἀπώσατο
768 4371 840 4426 .Ed.
948 4389 991 4438 24.
1010 4373 1154 4426 ἐκλελοίπει
1167 4390 1191 4425 a.
1205 4373 1334 4426 ε’λελοίπει
1348 4373 1434 4430 Cord.

236 4453 278 4505 25.
297 4439 419 4507 ἐξήρκεσε
435 4439 505 4493 Catt.
638 4454 679 4510 27.
699 4439 813 4512 νὴψεως]
828 4442 952 4513 στόφεως
965 4443 1035 4497 Catt.
1161 4444 1204 4497 28.
1223 4444 1314 4497 οὐκοῦν
1326 4461 1380 4499 om.
1396 4445 1434 4501 l).

236 4505 334 4560 habent
348 4508 417 4562 catt.
527 4526 571 4579 30.
589 4511 650 4565 ἀλλ’
663 4507 731 4566 οἶνοι
744 4510 815 4565 Catt.
