3038 5018
82 303 126 368 vi.
139 316 192 388 51.
252 304 311 369 IN
341 302 655 370 S.JOANNEM.
701 301 796 366 LIB.
820 299 881 365 IV.
927 296 1103 363 cAP.11.
1216 295 1281 359 51⁷

82 467 192 574 όνπερ
225 469 297 575 γάρ
329 469 464 573 τρόπον
494 478 567 555 τοῖς
599 471 827 576 ἀγριαίνουσι
859 475 932 550 τῶν
960 466 1185 570 τραυμάτων,
1215 465 1282 568 οὐχ

82 590 161 678 ἐνὸς
188 596 244 673 δεῖ
268 592 461 701 φαρμάκου
487 599 715 697 προσβολῆς,
742 596 953 678 πολυειδοῦς
981 590 1020 671 δὲ
1046 597 1192 691 μᾶλλον
1218 594 1283 689 τῆς

83 716 279 819 θεραπείας,
303 721 361 798 καὶ
389 720 456 824 οὐχ
484 718 588 826 ἅπαξ
612 717 724 823 τυχὸν
745 715 1087 822 προσκομιζομένης,
1108 713 1209 793 ἀλλά
1236 716 1316 818 τήῑι

83 842 251 948 συνεχείᾳ
277 846 343 941 τῆς
370 844 561 946 ἐπαγωγῆς
592 841 896 946 ἐκπολιορκοόσης
929 839 971 920 τὸ
1002 837 1130 923 πάθος·
1172 840 1284 920 οὕτως

51 960 182 1062 ὅοῖμαι
219 969 292 1044 δεῖν
324 969 381 1046 καὶ
416 964 648 1071 ἀπηνεστάτη
685 971 790 1072 ψυχῇ
828 968 885 1044 καὶ
923 969 973 1071 νῷ
1010 959 1284 1062 κατεσκληκότι,

84 1087 222 1192 συχνάς
248 1086 498 1192 ἐπαρτόεσθαι,
518 1092 577 1169 καὶ
605 1087 914 1188 ἀλλεπαλλήλους
942 1087 1027 1167 ίέναι
1055 1085 1120 1170 τάς
1146 1088 1185 1165 ἐκ
1213 1091 1285 1164 τῶν

85 1210 315 1292 διδασκάλων
340 1214 552 1318 ἐπικουρίας·
592 1211 870 1320 καταμαλθάξαι
897 1211 970 1313 γάρ
997 1209 1120 1310 ἀνείη
1147 1207 1198 1308 μή
1227 1207 1285 1287 διά

85 1341 168 1433 μιᾶς
192 1337 251 1415 καὶ
275 1335 419 1439 πρώτης
442 1337 671 1445 ἀφηγήσεως,
692 1335 793 1415 ἀλλά
816 1371 858 1439 γε
885 1336 944 1415 διά
968 1340 1032 1434 τῆς
1056 1337 1115 1413 καὶ
1139 1333 1285 1416 ἐσαῦθις

85 1458 414 1563 προσκομιζομένης
432 1462 540 1569 αὐτῷ,
559 1465 617 1541 καὶ
635 1466 665 1541 εί
683 1459 741 1540 διά
759 1466 832 1540 τῶν
851 1461 968 1540 αὐτῶν
986 1458 1124 1563 ἔρχοιτο
1146 1453 1281 1557 λόγων.

34 1615 73 1656 ιο
86 1580 265 1667 πολλάκις
289 1593 479 1689 τοιγαροῦν
498 1587 518 1664 ὁ
538 1584 666 1689 Σωτήρ
684 1581 748 1664 τόν
767 1583 876 1664 αὐτὸν
894 1591 967 1666 τοῖς
985 1582 1169 1666 Ἰουδαίοις
1193 1582 1282 1659 ἀνα·
1297 1607 1316 1653 ο

86 1704 274 1804 κυκλήσας
291 1703 405 1808 λόγον
423 1709 645 1812 παρατίθησι
662 1708 844 1805 ποικίλως,
858 1705 946 1788 ποτὲ
965 1703 1030 1800 μὲν
1044 1702 1285 1808 αίνιγματιῦδη

87 1831 146 1908 καὶ
163 1830 325 1936 ἀσαφείᾳ
342 1836 468 1936 πολλῇ
492 1831 817 1937 κατημφιεσμένον,
835 1829 924 1911 ποτὲ
949 1829 987 1910 δέ
1013 1829 1163 1932 διπλόης
1188 1828 1283 1909 άπά·

86 1985 157 2052 οης
189 1953 483 2055 ἀπηλλαγμένον,
515 1954 707 2061 ἀφειμένον
738 1989 777 2034 τε
810 1957 868 2033 καὶ
901 1954 1035 2052 ἀνετον,
1067 1955 1125 2034 ἵνα
1156 1950 1287 2032 λοιπῦν

87 2075 354 2185 ἀπειθήσαντες,
371 2076 520 2178 μηδενὸς
544 2079 594 2158 ἔτι
617 2078 751 2158 δέοιντο
776 2075 867 2182 πρὸς
888 2077 1109 2181 κατάκρισιν,
1129 2079 1229 2157 κακοὶ
1248 2075 1285 2157 δέ

35 2219 74 2280 ¹5
88 2197 282 2280 ἀπόλοιντο
300 2207 426 2299 κακῶς,
446 2203 546 2281 αὐτοὶ
569 2205 634 2301 τῆς
657 2203 792 2282 ἑαυτῶν
811 2207 1052 2287 κατωθοῦντες
1075 2205 1199 2310 φυχῆς
1223 2205 1286 2299 τῆς

62 2364 65 2368 ·
88 2325 268 2408 ἀπωλείας
287 2323 329 2404 τὸ
348 2324 466 2432 ξίφος.

145 2446 263 2528 Οῦδέν
295 2458 486 2553 τοιγαροῦν
516 2451 805 2556 ἐπικρυψάμενος
841 2449 892 2529 ἐτι
924 2452 1040 2555 φησὶν
1073 2450 1093 2528 ὁ
1126 2446 1289 2552 Χριστός

86 2571 183 2674 Ἐγά
201 2579 268 2677 εἰμι
288 2581 304 2654 o‘
323 2571 418 2682 άρτος
438 2582 454 2655 o‘
477 2573 571 2683 ζιῦνὸ
596 2575 635 2655 εἰι
660 2577 716 2655 τοῦ
740 2576 866 2683 οὐρανοῦ
892 2572 1071 2668 καταβάς.
1108 2569 1220 2656 τόπος
1243 2571 1288 2673 ἦν

87 2695 197 2777 ἐκεῖνό
225 2703 332 2802 φησι,
356 2700 414 2776 καὶ
442 2695 530 2778 σκιά
557 2702 616 2778 καὶ
644 2698 757 2779 εἰκών.
798 2698 976 2778 ἀκούσατε
1004 2694 1196 2801 διαρρήδην
1217 2696 1323 2798 ἤδηά

33 2824 146 2900 αοκαὶ
175 2821 290 2901 οῦκέτι
322 2822 595 2921 κεκαλυμμεῦως
622 2823 717 2925 Ἐγά
743 2831 811 2929 εἰμι
840 2832 855 2904 ὁ
883 2821 981 2927 ἀρτις
1010 2832 1025 2904 ὁ
1054 2822 1124 2929 ζῦν,
1153 2819 1209 2901 ἐάν
1235 2857 1287 2906 τις

1330 2069 1456 2150 Βλίιιιλ.

1331 2152 1384 2187 ιιι.
1395 2151 1435 2201 41.

59 3005 61 3008 -
89 2942 189 3061 φάγη
208 2945 247 3026 ἐκ
272 2948 328 3026 τοῦ
351 2943 446 3055 άρτιυ
462 2945 573 3026 τοῦτον
593 2948 729 3054 ζήσεται
749 2954 794 3030 εἰς
813 2943 864 3026 τάν
883 2946 1001 3026 aiam.
1039 2949 1071 3026 οἶ
1091 2944 1135 3050 ἐξ
1158 2945 1289 3023 ἐκείνου

88 3068 267 3174 φαγόντες
285 3069 474 3150 ἀπέθανον·
496 3071 538 3149 οὐ
556 3067 629 3172 γὰρ
647 3066 692 3168 ἦν
710 3066 891 3172 ζωοποιός·
916 3069 936 3147 ὁ
956 3068 994 3149 δὲ
1012 3076 1139 3148 τοῦτον
1156 3067 1289 3147 ἐσθίων

88 3193 152 3274 τὸν
171 3195 290 3297 ἀρτον,
308 3195 495 3275 τουτέστιν
516 3193 587 3292 ἐμὲ,
605 3194 684 3293 ἤτοι
709 3193 776 3296 τὴν
800 3191 921 3298 σάρκα
945 3191 1011 3292 τὴν
1034 3190 1132 3292 ἐμὴν,
1151 3192 1287 3300 ζήσεται

90 3327 136 3405 εἰς
168 3323 220 3399 τδν
248 3318 364 3400 αἰιῦνα.
415 3319 718 3424 παραφυλακτέον
745 3327 934 3422 τοιγαροῦν
961 3319 1021 3397 καὶ
1051 3314 1289 3420 παραιτητέον

36 3461 77 3524 ²5
90 3443 180 3541 ὁμοῦ
204 3439 246 3521 τῦ
272 3442 543 3544 σκληρῦνεσθαι
568 3449 642 3526 τοῖς
668 3448 716 3526 είς
740 3443 925 3539 εῦσέβειαν
943 3441 1076 3544 λόγοις,
1096 3442 1163 3546 οὐχ
1188 3437 1291 3548 ἅπαξ

89 3566 191 3664 ἡμᾶς,
211 3565 310 3645 ἀλλά
338 3569 395 3646 καὶ
423 3565 602 3651 πολλάκις
630 3566 903 3663 μεταπείθοντος
929 3574 994 3645 τοῦ
1017 3571 1195 3668 Χριστοῦ.
1235 3564 1288 3664 ε’ίη

89 3687 160 3792 γάρ
178 3686 223 3771 ἀν
241 3691 305 3770 οῦκ
323 3690 542 3797 ἀμφίλογον,
562 3693 609 3773 ὡς
627 3689 743 3794 ἐνοχοι
759 3686 903 3776 πάντως
924 3688 1071 3769 ἔσονται
1095 3689 1318 3794 παγχαλέ·ο

89 3848 169 3897 ποις
201 3812 438 3916 ἐγκλήμασιν,
467 3819 500 3893 οἱ
527 3812 618 3918 πρὸς
647 3813 808 3919 ἐσχάτην
834 3813 1071 3898 ἐκνενευκότες
1098 3813 1285 3910 ἀπόνοιαν,

90 3942 149 4018 καὶ
174 3941 216 4017 δι’
240 3936 459 4042 ῦπερμέτρου
484 3942 547 4037 τῆς
572 3939 750 4023 ἀπειθείας
775 3941 997 4040 ἐμπαροινεῖν
1024 3940 1066 4017 οῦ
1090 3937 1286 4041 παραιτοῦ-

34 4098 78 4159 30
89 4096 188 4162 μενοι
216 4068 268 4170 τῷ
294 4068 367 4143 τῶν
395 4063 606 4143 καλλίστων
636 4065 822 4169 εἰσηγητῇ.
865 4061 924 4143 διά
951 4062 1056 4143 τοῦτό
1085 4068 1180 4169 φησι
1207 4064 1289 4166 περὶ

129 4349 153 4404 7.
172 4333 210 4404 ε’ίη
222 4332 270 4405 μὴ]
285 4334 336 4403 εἶμί
350 4334 391 4405 (=
406 4332 432 4421 εί
439 4334 486 4403 μὴ)
502 4333 534 4388 Β.
636 4334 664 4387 8.
682 4332 724 4387 διὰ
736 4331 794 4402 τῆς]
809 4332 840 4386 δι’
853 4333 931 4400 αὐτῆς
944 4332 978 4387 Β.
1081 4349 1122 4387 10.
1141 4332 1288 4388 ἀνακυκλίι-

91 4405 187 4529 κς·
220 4498 300 4532 ....
327 4402 771 4543 .υ.ι*ςῑιςιιι.ςῖ.ῗλ
836 4404 912 4491 ·¹⁸·
930 4401 1288 4530 ⁶⁸⁰333¹³s323⁸332³³ffl

93 4563 135 4617 27.
154 4548 186 4602 δν
198 4564 251 4601 om.
267 4546 299 4601 B.
353 4546 504 4618 ἀμφίβολον
518 4546 551 4603 Β.
597 4547 699 4602 πάντως
712 4545 744 4600 Β.
757 4546 850 4601 πάντες
863 4545 915 4600 Ed.
