3038 5018
213 296 279 364 ιιι
517 300 557 364 Β.
580 297 789 364 cmm
818 263 1110 364 Λουκιποιι.
1262 320 1267 325 -
1315 292 1425 379 ιιι,

217 468 305 543 σθαι
323 470 540 566 προσελθεῖν
559 468 610 571 τῷ
628 469 712 571 Θεῷ
737 466 794 543 καὶ
816 464 935 566 Πατρὶ
953 463 1056 562 ἡμᾶς,
1074 467 1105 542 εί
1121 461 1174 563 μῆ
1194 459 1258 542 διά
1276 462 1349 559 τῆς
1366 466 1429 538 τοῦ

54 576 156 693 ΨΜ·
184 588 384 690 ἆΧριστοῦ
402 589 542 686 θυσίας,
561 585 653 667 κατὰ
677 585 719 667 τὸ
746 584 928 687 είρῆμίνον
945 588 1029 691 παρ’
1050 586 1159 666 αῦτοῦ
1178 595 1205 634 “
1221 582 1334 687 Ἑγιό
1362 588 1431 682 είμι

54 745 90 825 ss
103 710 155 759 ¹³⁹·
219 722 241 760 ‘⁴
259 712 282 811 ἡ
301 710 422 813 θῦρα,”
442 713 504 791 καί
520 722 541 760 “
555 713 683 796 Οὐδεὶς
704 710 842 816 ἔρχεται
863 705 955 813 πρὸς
978 706 1041 791 τῦν
1061 708 1225 812 Πατερα,
1245 713 1281 789 εί
1307 705 1363 807 μῆ
1388 707 1432 787 δι’

219 842 241 879 “
260 835 378 931 ε’μοῦ.”
426 837 464 914 ἐν
491 835 613 942 κύκλιρ
644 833 758 936 γεμῆν
784 833 1043 937 περιτείνεσθαι
1075 831 1142 932 τῆν
1169 828 1324 931 σκηνὴν
1351 835 1428 910 δια·

218 956 338 1036 τάττει
366 965 438 1038 τῶν
462 961 499 1038 ἐν
523 959 613 1062 αὐτῇ
640 958 786 1038 πάντων
809 955 1042 1060 περιεκτικῆν,
1061 958 1110 1040 ὡς
1136 956 1226 1054 μίαν
1252 955 1459 1057 όρᾶσθαι,5

222 1083 280 1158 καὶ
296 1078 346 1180 μῆ
363 1081 517 1166 πολλάς.
547 1081 595 1166 είς
612 1079 685 1184 γὰρ
703 1084 741 1161 ἐν
758 1082 843 1180 ἡμῖν
861 1081 881 1159 ὃ
900 1078 1073 1184 Χριστὸς,
1092 1077 1160 1160 κάν
1178 1077 1431 1181 πολυτρόπως
1460 1142 1464 1147 -

221 1207 354 1303 νοῆται,
372 1204 489 1305 σκηνή
507 1204 572 1302 μὲν
591 1202 648 1285 διά
667 1204 709 1285 τὸ
727 1204 988 1303 καταπέτασμα
1009 1208 1075 1305 τῆς
1095 1200 1248 1306 σαρκός,
1272 1198 1432 1298 κιβωτὸς

222 1325 341 1407 δὲτὸν
360 1333 454 1408 θεῖον
472 1328 608 1434 ἔχουσα
632 1328 752 1427 νόμον,
771 1332 819 1412 ὡς
837 1327 958 1430 Λόγος
981 1337 1046 1409 τοῦ
1064 1335 1158 1409 θεοῦ
1177 1329 1237 1406 καί
1261 1323 1430 1428 Πατρός·

221 1449 378 1553 τράπεζα
405 1453 443 1532 δὲ
470 1452 592 1550 πάλιν,
611 1456 660 1537 ὡς
688 1450 808 1559 τροφή
835 1455 893 1532 καὶ
921 1449 1004 1556 ζωή
1033 1448 1165 1557 λυχνίαι
1193 1447 1244 1546 δὲ,
1269 1452 1324 1534 ὥς
1353 1454 1434 1554 φῶς

191 1571 351 1672 ονοητὸν
375 1579 432 1654 καὶ
460 1575 711 1675 πνευματικόν·
744 1576 802 1655 καὶ
830 1573 1090 1677 θυσιαστήριον
1114 1571 1359 1672 θυμιάματος,
1385 1575 1434 1657 ὧς
1448 1603 1480 1643 ¹⁰

221 1696 368 1781 εὐωδίας
396 1697 494 1797 ὀσμὴ
522 1704 586 1798 τῆς
613 1703 650 1780 ἐν
678 1701 862 1807 ἁγιασμῷ·
895 1702 954 1778 καὶ
981 1696 1244 1801 θυσιαστήριον
1275 1731 1432 1800 καρπω-

221 1817 356 1919 μάτων,
376 1824 424 1905 ὡς
448 1820 611 1928 σφάγιον
637 1822 725 1928 ῦπέρ
749 1827 902 1924 τῆςτοῦ
927 1821 1068 1922 κόσμου
1091 1823 1192 1925 ζωῆς.
1242 1820 1435 1925 ἁγιάζεται

223 1940 261 2022 δὲ
284 1939 404 2023 πάντα
428 1943 474 2024 τὰ
499 1947 538 2025 ἐν
555 1947 657 2051 αὐτῇ·
688 1945 789 2050 ἅγιος
811 1945 884 2050 γὰρ
906 1944 1002 2045 ὅλος,
1020 1949 1078 2027 καὶ
1104 1944 1204 2030 ῦπως
1230 1942 1284 2026 ἀν
1308 1950 1436 2046 νοῆται

223 2066 396 2169 Χριστός.

282 2193 564 2295 Καθηγουμεῦης
589 2203 780 2297 τοιγαροῦν
804 2198 868 2294 τῆς
893 2196 997 2297 ἁγίας
1021 2197 1167 2294 σκηνῆς,
1187 2194 1437 2298 συναπαίρειν
1450 2220 1482 2278 15

223 2349 263 2397 τε
286 2317 376 2421 αῦτῆ
402 2321 461 2396 καὶ
486 2319 751 2418 συγκαταλύειν
769 2322 803 2397 οἱ
827 2318 871 2426 ἐξ
889 2316 1044 2421 Ἰσραὴλ
1069 2318 1321 2417 ε’πετοίττοντο,
1340 2353 1434 2399 παι-

225 2438 388 2526 δεύοντος
412 2441 526 2522 πάλιν
548 2443 640 2542 ἡμᾶς
666 2450 730 2522 τοῦ
756 2448 852 2523 Θεοῦ
880 2445 939 2523 καὶ
964 2439 1197 2527 διδάσκοντος
1220 2443 1434 2547 χρησίμως,

226 2562 385 2664 ἡγεμόνα
414 2571 595 2645 ποιεῖσθαι
622 2568 680 2644 καὶ
709 2565 917 2667 καθηγητήν
944 2570 1008 2665 τῆς
1035 2572 1084 2650 είς
1111 2566 1302 2670 σωτηρίαν
1330 2569 1434 2660 ὁδοῦ,

228 2684 292 2766 τὸν
316 2688 359 2767 δι’
382 2687 474 2788 ῆμᾶς
499 2688 732 2791 σαρκωθίυτα
756 2688 852 2769 Θεὸν
872 2687 1005 2792 Λόγον,
1028 2692 1087 2770 καὶ
1109 2695 1184 2773 τοῖς
1208 2690 1323 2770 αῦτοῦ
1355 2695 1435 2770 δια·

61 2837 179 2897 89η.
199 2808 413 2913 ιταίγμασιν
442 2815 621 2913 ἀμελλητὶ
651 2814 898 2911 συννεύοντας,
929 2817 976 2898 είς
1005 2813 1097 2916 ζωῆν
1124 2814 1338 2909 ἀναβαίνειν
1368 2813 1482 2913 τῆνιο

229 2935 382 3016 αίῶνιον·
413 2934 433 3017 ῦ
452 2940 509 3016 καὶ
528 2941 616 3038 δρῦν
635 2939 676 3017 οῦ
694 2935 914 3038 θελήσαντες
931 2943 965 3017 οί
983 2936 1041 3018 διὰ
1059 2942 1212 3018 πολλῶν
1229 2971 1438 3039 μυσταγω-

229 3059 395 3163 γῆθίντες
422 3058 554 3162 λόγων,
584 3071 605 3108 “
619 3063 786 3161 ἀπῆλθον
815 3066 864 3146 είς
890 3059 936 3141 τὰ
964 3062 1093 3160 ὀπίσω,
1120 3063 1178 3141 καὶ
1207 3061 1327 3141 οῦκίτι
1357 3061 1437 3161 μετ’

229 3195 252 3232 “
269 3186 378 3265 αῦτοῦ
395 3184 666 3288 περιεπάτουν.”
705 3184 905 3290 σοφώτατα
924 3185 1038 3287 γεμῆν
1057 3186 1077 3264 ὁ
1095 3181 1270 3288 μακάριος
1289 3185 1440 3291 Πέτρος

228 3308 271 3388 τό
300 3314 381 3387 Ποῦ
409 3308 536 3413 ἔχομεν
563 3311 733 3389 ἀπελθεῖν
759 3307 850 3411 πρὸς
879 3309 943 3389 τὸν
966 3306 1118 3411 Σωτῆρά
1145 3314 1255 3415 φησι·
1286 3308 1334 3390 τό
1365 3310 1441 3414 γάρ

228 3428 321 3510 κατὰ
339 3431 473 3531 μηδένα
490 3431 625 3535 τρόπον
639 3434 841 3536 ἀποφοιτᾶν
854 3439 918 3514 τοῦ
932 3437 1039 3528 Θεοῦ,
1053 3438 1211 3512 συνεῖναι
1228 3431 1268 3512 δὲ
1285 3440 1440 3534 μᾶλλον
1454 3465 1485 3521 ²5

228 3555 433 3657 ἐπείγεσθαι
451 3562 707 3653 πνευματικῶς,
727 3556 840 3658 ἁγίοις
858 3554 970 3641 ὅντως
987 3553 1316 3658 πρεπωδείττατονί

61 3054 145 3119 Supra

61 3135 114 3171 τοι.
127 3117 169 3171 66.

178 3809 217 3885 ⁶9
257 3815 315 3882 Καὶ
343 3811 435 3893 ἡμεῖς
463 3817 732 3897 πεπιστεύκαμεν,
760 3817 814 3881 καί
839 3813 1027 3893 ὲτνώκαμεν
1054 3816 1092 3883 σὺ
1119 3810 1150 3882 εἷ
1175 3815 1195 3884 ὀ
1220 3817 1371 3905 Χριστόε
1398 3823 1418 3890 ὁ

196 3949 218 4014 b
681 3960 772 4034 ἄριοι
799 3965 856 4026 τοῦ
884 3958 979 4024 Θεοῦ.

287 4119 493 4219 Θαυμαστῆ
522 4129 594 4202 τῶν
618 4124 732 4224 ἀγίων
757 4122 978 4203 ἀποστόλων
1004 4122 1026 4222 ῆ
1054 4122 1188 4219 πίστις,
1210 4122 1350 4226 θερμὸς
1381 4131 1445 4227 τῆς

269 4333 292 4371 1.
311 4320 586 4406 rossaffsumptume}
598 4317 631 4371 B.
739 4334 765 4385 5.
783 4317 993 4407 πιριεκτικῶνΒ.
1047 4389 1053 4409 ,
1102 4317 1128 4410 ῦ.
1146 4318 1181 4406 μή
1195 4317 1227 4373 Β.
1241 4319 1274 4372 οῦ
1288 4319 1346 4402 ΕΘ.
1399 4323 1446 4377 ιιδτ

232 4386 439 4528 νισι,
453 4457 485 4512 ι.
499 4389 679 4530 ιππο
918 4389 1445 4539 ι;.ιοιτιιιπιςιικ

231 4544 285 4598 393
298 4545 312 4581 c
326 4528 352 4582 d.
