3038 5018
83 310 125 374 vi.
140 326 255 398 52,53.
285 312 340 376 IN
372 312 405 376 S.
430 311 686 377 JOANNEM.
733 311 827 375 LIB.
853 311 912 374 IV.
958 309 1132 374 CARII.
1220 309 1282 371 525

87 477 146 554 καὶ
172 474 215 555 τὸ
244 477 327 556 λίαν
347 476 507 575 εὐμαθές.
548 475 659 576 ὀμέν
684 477 756 579 γὰρ
783 474 932 561 συνετὸς
960 475 1070 561 ὅντως
1099 472 1284 578 ἀκροατὴς,

87 597 130 678 τὸ
162 598 226 697 μέν
255 607 329 680 τῶν
360 600 583 700 μαθημάτων
615 600 921 704 εύσυνοπτότερον
951 607 1003 709 τῷ
1034 603 1097 698 τῆς
1131 597 1284 680 διανοίας

87 725 326 826 ἐγκατακλείει
354 731 537 833 θησαυρῷ,
563 724 755 825 μελησμδν
782 727 840 805 ε’πὶ
866 724 982 831 τούτιρ
1008 721 1142 822 μηδένα
1170 755 1282 800 κατα·

88 845 294 954 δεξάμενος·
333 848 380 928 τά
409 847 448 930 δὲ
475 851 531 956 ἐφ’
561 847 613 933 οἷς
640 847 686 928 ἀν
714 849 884 956 φαίνηται
912 844 1071 951 χαλεπὸς
1103 847 1123 924 ὁ
1157 843 1282 945 λόγος,

56 978 166 1056 5ταῖς
190 971 345 1074 ἐρεύναις
367 979 582 1075 περινοστεῖ,
601 974 660 1052 καὶ
685 977 944 1078 φιλοπευστῶν
967 971 1009 1050 ού
1032 968 1194 1051 παύεται.
1227 967 1289 1047 καί

89 1129 151 1193 μοι
179 1098 277 1175 δοκεῖ
300 1096 461 1177 τοιοῦτόν
484 1131 520 1176 τι
544 1097 733 1200 χρησίμως
758 1098 963 1199 ἐπείγεσθαι
987 1098 1085 1196 δρᾶν,
1105 1092 1229 1172 ὁποῖόν
1251 1125 1314 1170 τιι
1335 1114 1452 1171 am.

91 1221 186 1326 φασὶ
205 1219 270 1304 τάς
287 1217 557 1323 εύδρομωτάτας
576 1223 634 1300 καὶ
653 1218 860 1323 θηρευτικάς
878 1216 1142 1320 ἀπεργάζεσθαι
1165 1213 1284 1305 κύνας,

90 1342 127 1422 αῖ
150 1341 242 1446 πρὸς
267 1343 441 1443 αἴσθησιν
461 1345 528 1443 τὴν
548 1342 608 1423 διὰ
631 1345 739 1449 ῥινῶν
760 1341 906 1441 πολλὴν
927 1340 1074 1446 ἔχουσαι
1099 1337 1199 1441 παρὰ
1223 1341 1286 1436 τῆς

91 1466 238 1572 φύσεως
264 1465 332 1567 τὴν
360 1467 526 1574 ὀξύτητα,
554 1466 619 1551 τάς
645 1473 718 1548 τῶν
745 1465 964 1570 ζητουμένων
991 1462 1202 1554 καταδύσεις
1233 1463 1287 1540 ἀεὶ

36 1620 79 1660 10
91 1590 326 1693 περιθέουσιν.
374 1591 397 1692 ἢ
434 1590 505 1694 γάρ
543 1593 622 1696 ούχὶ
657 1591 748 1694 πρὸς
786 1591 952 1690 τοιαύτην
989 1588 1069 1669 τινὰ
1108 1584 1175 1685 τὴν
1211 1584 1287 1692 ἕξιν

92 1714 238 1794 καλέσει
262 1715 303 1795 τὸ
327 1713 449 1820 σοφὸν
467 1719 526 1795 καὶ
547 1713 772 1819 προφητικὸν
789 1712 857 1794 ὦδε
877 1711 1001 1816 λόγιον
1019 1714 1102 1818 έχον
1120 1721 1143 1760 “
1159 1716 1287 1811 Ζητῶν
1330 1703 1374 1820 {⁸2
1386 1703 1437 1753 ¹¹⁵·

93 1849 115 1886 ‘⁴
133 1838 237 1941 ζήτει,
267 1842 326 1918 καὶ
356 1841 440 1942 παρ’
469 1841 546 1938 ἐμοὶ
579 1837 664 1918 οἴκει
679 1840 712 1934 ;”
742 1837 812 1942 χρὴ
845 1836 917 1940 γὰρ
952 1836 1124 1941 ζητοῦντα
1155 1835 1284 1938 ζητεῖν,

92 1961 267 2059 τουτέστι,
286 1962 560 2063 συντονωτάτην
578 1967 627 2046 εῖς
644 1970 751 2042 τοῦτο
772 1960 839 2061 τὴν
855 1960 1058 2064 προθυμίαν
1075 1959 1289 2064 εἰσφέροντα

92 2082 143 2184 μὴ
162 2085 474 2191 ἀπονοσφίζεσθαί
488 2121 550 2166 ποι
568 2083 659 2187 πρὸς
677 2085 863 2192 ἐξιτήλους
880 2086 1024 2182 ἐννοίας,
1038 2086 1122 2163 ἀλλ’
1143 2082 1323 2190 ὅσηντερο

39 2237 81 2298 15
95 2207 138 2287 ἂν
163 2211 455 2315 ἀποτραχύνηταί
477 2244 511 2289 τι
531 2208 626 2312 πρὸς
651 2209 869 2314 δυσχέρειαν,
887 2208 1051 2317 τοσούτῳ
1077 2206 1120 2309 δὴ
1146 2213 1291 2307 μᾶλλον

95 2333 253 2439 ὀξυτέρῳ
289 2331 537 2437 προσέχεσθαι
575 2336 636 2439 νῷ,
673 2335 731 2411 καὶ
769 2331 999 2436 γοργοτέραις
1035 2324 1292 2431 ἐνθυμημάτων

95 2457 339 2558 ἐκπολιορκεῖν
373 2463 602 2560 προσβολαῖς
639 2453 683 2536 τὸ
720 2455 973 2558 κρυπτόμενον.
1025 2455 1126 2536 ἀλλὰ
1161 2454 1232 2558 γὰρ
1270 2456 1291 2534 ὁ

95 2579 245 2683 ἀτριβής
263 2615 302 2660 τε
321 2583 379 2660 καὶ
397 2581 685 2685 ἀχειραγῶγητος
704 2589 796 2677 νοῦς,
810 2580 898 2683 ὅπερ
917 2577 961 2659 ἀν
978 2578 1086 2660 αὐτὸν
1104 2577 1291 2685 ἀνατρέχη,

95 2712 202 2784 τοῦτο
232 2705 378 2788 πάντως
409 2703 582 2810 ἐξυβρίζει
614 2711 691 2789 ταῖς
723 2704 922 2802 ἀπειθείαις,
952 2707 1010 2784 καὶ
1038 2708 1086 2789 ῶς
1115 2706 1292 2804 κίβδηλον

43 2863 84 2905 20
97 2827 298 2931 ἐκτρέπεται
316 2827 359 2909 τὸ
378 2834 493 2924 νικῶν,
512 2830 556 2935 ἐξ
571 2827 784 2908 ἀπαιδεύτου
803 2826 962 2930 θράσους
981 2831 1039 2908 καὶ
1061 2834 1109 2912 εῖς
1132 2825 1291 2930 ἐσχάτην

96 2951 299 3047 ἀναβαίνων
321 2951 535 3058 ὑπεροψίαν.
575 2948 618 3031 τὸ
645 2949 717 3054 γάρ
743 2954 866 3051 μηδενὶ
893 2959 1119 3058 παραχωρεῖν
1146 2950 1323 3047 έθέλειν,ο

96 3074 186 3175 μηδὲ
217 3076 359 3155 οἴεσθαί
388 3109 424 3154 τι
455 3075 573 3178 μεῖζον
603 3073 775 3178 ὑπάρχειν
805 3077 924 3175 αὐτοῦ,
956 3083 1033 3160 πῶς
1066 3077 1130 3155 ούκ
1161 3072 1208 3155 ἀν
1239 3074 1292 3174 εἴη

97 3200 238 3297 λοιπὸν,
263 3198 352 3302 ὅπερ
378 3200 507 3302 ἀρτίως
534 3195 742 3301 εῖρήκαμεν;

154 3322 282 3431 Τούτῳ
303 3321 562 3430 περιπεσόντας
586 3326 638 3430 τῷ
662 3320 770 3404 πάθει
794 3324 852 3403 καὶ
876 3322 959 3409 τούς
976 3325 1167 3409 Ἰουδαίους
1185 3322 1289 3428 εύρή·

46 3470 85 3530 25
99 3483 213 3548 σομεν
235 3455 284 3532 εὶς
310 3446 378 3547 τὴν
397 3456 461 3527 τοῦ
488 3443 700 3550 πράγματος
728 3449 933 3553 ἀφορῶντες
960 3447 1086 3555 φύσιν.
1126 3448 1204 3529 δέειν
1222 3448 1294 3552 γάρ

99 3569 226 3656 αύτούς
249 3569 518 3675 παραδέχεσθαι
542 3568 609 3668 μὲν
626 3573 830 3672 ἀμελ[λ]ητῖ
849 3580 913 3651 τοῦ
933 3577 1100 3676 Σωτῆρος
1121 3572 1204 3658 τούς
1230 3574 1294 3653 λό-

100 3731 196 3799 γους,
214 3692 553 3799 προτεθαυμακύτας
580 3695 647 3795 ἤδη
675 3694 735 3774 διά
761 3703 915 3776 πολλῶν
934 3695 1001 3796 τὴν
1025 3701 1205 3799 θεοπρεπῆ
1234 3697 1293 3777 δύ-

100 3854 206 3918 ναμιν
220 3822 328 3899 αὐτοῦ
347 3822 404 3898 καὶ
422 3819 489 3918 τὴν
506 3820 562 3923 ἐφ’
578 3815 716 3899 ἅπασιν
736 3819 877 3925 ἀμαχον
894 3821 1074 3928 ἐξουσίαν,
1088 3824 1146 3903 ἐπὶ
1164 3820 1202 3900 δέ
1219 3827 1294 3907 τοῖς

100 3944 327 4050 δυσεφίκτοις
356 3948 623 4049 φιλοπευστεῖν,
651 3946 709 4024 καὶ
739 3943 970 4024 παιδεύεσθαι
1001 3951 1148 4045 μᾶλλον
1175 3980 1292 4049 παρα·

136 4207 160 4260 3.
181 4185 409 4258 ἐγκατοκλείεσθαι
423 4186 455 4240 Β.
505 4189 661 4258 μελλησμδν
672 4189 785 4243 correxit
799 4189 838 4242 Μί
879 4207 902 4245 e.
953 4191 1153 4259 καταδεξάμενος
1167 4190 1247 4246 Β.πιι
1282 4221 1296 4236 ·

101 4261 239 4328 δεξάμενος
252 4257 304 4311 Ed.
392 4258 450 4324 4.ε’
472 4256 494 4330 ’]
507 4258 536 4312 ἐν
549 4258 582 4313 Β.
665 4276 691 4326 5.
709 4259 777 4330 ταῖς]
791 4262 857 4314 καὶι
879 4261 950 4331 igne.
1039 4262 1065 4315 6.
1083 4264 1200 4317 τοιοῦτόν
1211 4213 1295 4334 taff&

99 4333 217 4385 τοιοῦτόν
230 4351 285 4383 τινα
299 4327 332 4381 Β.
368 4349 393 4381 τι
406 4329 451 4383 alt.
478 4351 506 4382 τε
520 4328 552 4383 Β.
624 4347 651 4399 9.
663 4329 703 4384 ἀεὶ
715 4329 868 4386 καταδύσεις
879 4332 985 4386 inverso
997 4331 1090 4386 ordine
1103 4332 1136 4388 Β.
1211 4350 1251 4388 11.
1264 4334 1296 4388 τδ

102 4402 135 4456 Β.
148 4403 194 4455 τὸν
206 4399 258 4454 Ed.
394 4413 435 4467 15.
454 4397 498 4472 δὴ]
512 4399 552 4453 δεῖ
565 4399 598 4454 Β.
737 4399 778 4455 16.
795 4400 976 4472 προσέχεσθαι
990 4403 1021 4458 Β.
1034 4403 1231 4475 προσέρχεσθαι
1243 4402 1296 4460 Ed.

102 4487 145 4597 ιι·
163 4469 688 4613 υι.ν.ν,ν·υ....ιε.;ι;ι.ν..
803 4471 1179 4546 νννννννῶνν
