3038 5018
397 281 454 346 IN
485 282 519 347 S.
543 283 683 347 JOAN.
707 282 998 349 PRAEFATIO.
1274 289 1296 350 3

95 439 270 545 σιδήριον,
301 477 496 543 τουτεστιν,
527 444 623 544 ὅταν,
652 444 704 546 μή
737 445 828 525 κατὰ
858 451 922 544 τῆς
955 450 1113 546 ἀληθοῦς
1143 449 1295 532 διανοίας

94 569 169 642 τῶν
195 565 451 669 γεγραμμένων
478 569 499 646 ὁ
527 577 609 653 νοῦς
635 570 798 673 ἐνεχθεὶς,
825 569 896 675 ἔξω
923 567 1067 671 γένηται
1095 575 1159 670 τῆς
1186 573 1329 673 ὀρθῆςδ

94 684 314 793 διαλήψεως,
342 692 400 769 καὶ
427 690 494 790 τὴν
521 692 657 771 εὐθεῖαν
686 688 811 795 ὥσπερ
840 694 954 798 ἀφεῖς,
981 695 1036 799 ἐφ’
1066 693 1188 797 ἑτέραν
1215 694 1295 774 τινὰ

95 807 247 915 φέρηται
275 814 421 916 θεωρίας
449 813 534 894 ὁδὸν
557 815 839 917 ἐκτετραμμένην
862 823 926 894 τοῦ
953 817 1163 918 πρέποντος.
1201 815 1221 897 δ
1249 816 1293 916 δή

63 934 154 1014 ὅκαὶ
172 933 310 1032 παθὼν,
328 938 366 1014 ἐν
384 936 529 1044 θορύβιρ
551 935 617 1036 μέν
635 936 856 1037 καταστήσει
879 936 923 1016 τὸ
941 944 1067 1018 οἰκεῖον
1084 943 1149 1038 τῆς
1170 944 1294 1046 ψυχῆς

94 1053 305 1157 πρόσωπον,
345 1058 509 1139 τουτέστι
556 1058 622 1160 τὴν
671 1061 829 1163 καρδίαν,
877 1062 1078 1161 δυναμιύσει
1126 1061 1164 1141 δὲ
1211 1064 1292 1142 καθ’

93 1178 220 1259 ἑαυτοῦ
253 1184 311 1260 καὶ
340 1180 404 1266 τὰς
435 1180 594 1285 πονηροῖς
624 1217 663 1262 τε
693 1186 752 1263 καὶ
781 1180 1016 1281 ἀντικειμένας
1050 1182 1225 1282 δυνάμεις,
1257 1183 1295 1263 αἲ

94 1309 233 1404 πικροῖς
264 1338 303 1383 τε
337 1308 396 1385 καὶ
424 1305 715 1408 διεστραμμένοις
743 1306 1043 1412 κατασοφίζονται
1071 1305 1194 1409 λόγοις
1220 1315 1294 1386 τῶν

93 1424 339 1524 πλανωμένων
366 1426 430 1508 τὸν
457 1437 552 1525 νοῦν,
579 1425 669 1532 πρῦς
696 1427 762 1525 μέν
788 1426 832 1508 τῦ
862 1432 925 1526 τῆς
956 1429 1125 1528 ἀληθείας
1155 1428 1292 1513 κάλλος

46 1578 82 1618 10
94 1546 203 1627 αῦτῦν
220 1551 439 1644 ἀναβλέπειν
456 1552 520 1630 οῦκ
548 1551 810 1654 ε’πιτρέπουσαι,
830 1551 1113 1657 διαστρεζῦουσαι
1141 1551 1179 1631 δὲ
1205 1586 1322 1633 ποι-ο

95 1669 204 1754 κίλως
237 1676 295 1752 καὶ
326 1678 375 1757 εἰς
412 1674 581 1758 ἐκτύπους
618 1675 753 1757 ε’ννοίας
790 1677 991 1779 ἀποφοιτῖιν
1022 1675 1289 1755 ἀναπείθουσαν

96 1792 193 1894 λέγει
214 1794 286 1897 γὰρ
305 1798 416 1882 ούδείς
436 1808 456 1846 “
469 1797 654 1896 Ἀνάθεμα
670 1799 835 1896 Ἰησοῦς”
856 1803 885 1876 εί
902 1795 953 1897 μὴ
972 1799 1009 1878 έν
1029 1796 1265 1900 Βεελζεβούλ.
1337 1792 1422 1920 ζαῗζ

154 1921 228 1996 Καὶ
253 1917 304 2017 μή
334 1953 388 2004 τις
415 1919 545 2000 οἰέσθω
577 1918 849 2018 πεπλανημένος
877 1919 1153 2019 πεπλανημένην
1180 1918 1202 2019 ἢ
1234 1924 1292 1999 καὶ

97 2037 222 2123 ἄλλως
240 2044 278 2121 ἐκ
295 2053 576 2146 παραλογισμοῦ
594 2049 775 2123 ποιεῖσθαι
792 2040 859 2142 τὴν
876 2043 934 2121 έπῖ
952 2041 1089 2126 τούτοις
1106 2041 1290 2149 ἐξήγησιν·

49 2179 84 2238 ¹5
97 2159 194 2267 ξύλα
218 2164 290 2267 γάρ
314 2165 393 2249 έθος
419 2165 599 2269 ὀνομάζειν
617 2167 698 2246 ἐσθ’
719 2165 779 2244 ὅτε
804 2169 849 2269 τῇ
876 2165 953 2271 θείᾳ
975 2170 1112 2270 γραφῇ,
1132 2164 1293 2267 καθάπερ

95 2285 163 2384 ἤδη
190 2288 416 2389 προείπομεν,
443 2288 490 2367 τὰ
518 2292 556 2369 έν
583 2296 659 2373 ταῖς
692 2288 943 2371 θεοπνεύστοις
972 2297 1129 2394 γραφαῖς
1159 2288 1291 2392 θεωρή-

94 2443 203 2504 ματα.
244 2415 301 2490 καῖ
320 2421 409 2513 γοῦν
427 2412 486 2492 διὰ
503 2421 568 2493 τοῦ
585 2409 780 2520 πανσύφου
800 2410 988 2494 Μωυσέως
1005 2410 1095 2514 πρὸς
1113 2411 1195 2495 τοῦς
1214 2415 1289 2492 κατ’

102 2534 111 2559 ›
150 2539 166 2556 n
334 2543 350 2560 n
455 2544 471 2560 Α
504 2536 513 2562 Ι
701 2539 712 2566 κ
765 2537 774 2560 t
814 2538 823 2563 ν
850 2541 860 2565 κ
928 2532 939 2559 Ι
1113 2532 1123 2560 Ι
1201 2537 1209 2562 2
1255 2533 1265 2562 λ

92 2566 203 2612 εκεινο
229 2568 352 2638 καιρου
376 2570 535 2617 τοιουτου
560 2571 595 2616 τι
620 2542 735 2643 φησιν
759 2570 779 2614 ο
805 2570 861 2614 επι
886 2568 1032 2614 παντων
1050 2539 1143 2618 Θεος
1166 2545 1188 2580 “
1213 2541 1291 2614 Εαν
1334 2554 1455 2602 Dent-¹¹·

91 2654 171 2733 αδ*
352 2660 362 2690 ι
523 2658 615 2690 ει
717 2656 778 2684 ιι
948 2658 958 2684 e
1056 2659 1064 2684 ,
1208 2662 1224 2680 ,,
1337 2629 1424 2682 19‚2o.

155 2663 428 2764 εΤεθῑκῑῑθισζης
456 2693 537 2762 περι
567 2669 677 2740 πολιν
706 2691 838 2759 ημερας
868 2669 1014 2740 πλειους
1047 2669 1290 2758 εκπολεμησαι

93 2789 114 2825 α
166 2780 175 2805 2
206 2779 216 2803 ἱ
287 2788 295 2810 j
421 2781 432 2805 Ι
604 2783 613 2807 2
643 2785 659 2803 Α
738 2782 747 2807 ,
807 2784 815 2807 2
982 2779 991 2806 Ι
1123 2779 1134 2808 λ
1195 2780 1206 2808 Ι

45 2803 79 2844 20
133 2813 243 2879 αυτην
267 2815 316 2864 εις
340 2787 550 2888 καταληψιν
571 2815 690 2881 αντης,
709 2814 773 2860 ουκ
798 2782 1069 2887 εξολοθρευσεις
1094 2815 1140 2860 τα
1164 2786 1320 2886 δενδραι
1383 2810 1456 2866 31.

92 2912 116 2949 “
133 2904 242 3003 αὐτῆς
266 2907 451 2998 ἐπιβαλεῖν
473 2906 527 2986 ἐπ’
548 2903 639 2984 αῦτά
664 2904 824 3008 σίδηρον,
844 2907 928 2984 ἀλλ’
949 2906 1009 2984 ἀπ’
1035 2904 1143 2984 αὐτοῦ
1170 2903 1287 3012 φύγῃ,

93 3036 116 3072 “
134 3023 223 3106 αὐτὸ
248 3026 286 3107 δέ
309 3029 373 3107 οῦκ
396 3028 578 3135 έκλήψεις.
617 3025 668 3128 μή
693 3027 882 3130 ἅνθρωπος
904 3027 947 3107 τὸ
974 3025 1087 3133 ξύλον
1112 3027 1154 3108 τὸ
1179 3032 1218 3108 ἐν
1240 3033 1292 3134 τῷ

95 3158 117 3196 “
135 3153 270 3258 δρυμῷ,
302 3156 476 3231 εἰσελθεῖν
508 3147 581 3230 ἀπὸ
611 3149 810 3254 προσώπου
842 3185 913 3230 σου
945 3156 993 3235 εἷς
1024 3149 1089 3230 τὸν
1119 3148 1287 3255 χοίρανια;

94 3283 117 3320 “
135 3273 236 3352 ἀλλά
265 3272 307 3352 τῦ
337 3271 450 3378 ξύλον
478 3272 499 3353 δ
527 3272 724 3353 ἐπίστασαι
753 3272 808 3351 ὅτι
838 3273 879 3350 οῦ
910 3269 1169 3376 καρπόβρωτόν
1196 3275 1287 3369 ε’στι,

45 3418 79 3479 ²5
94 3406 119 3442 ‘⁶
136 3403 242 3476 τοῦτο
259 3394 528 3502 ἐξολοθρεύσεις
547 3398 606 3475 καὶ
624 3393 825 3501 emme?
852 3393 908 3474 ὅτι
926 3394 963 3474 δέ
982 3396 1066 3495 ἡμῖν
1080 3394 1127 3474 τά
1144 3404 1290 3475 τοιαῦτα

92 3524 304 3617 νομοθετεῖν,
322 3525 351 3598 εί
375 3521 454 3621 περὶ
477 3517 600 3625 ξύλων
618 3525 690 3598 τῶν
709 3518 782 3599 ἀπὸ
803 3523 867 3618 τῆς
893 3522 959 3620 γῆς
983 3526 1098 3599 νοοῖτο
1123 3516 1165 3598 τὸ
1191 3524 1286 3622 εἰρη-

88 3640 206 3742 μένον,
217 3642 281 3722 οῦκ
300 3638 345 3721 ἂν
362 3643 383 3722 ὁ
402 3647 475 3722 τῶν
493 3640 589 3721 ὅλων
608 3641 743 3746 ἠξίωσε
762 3637 866 3738 Θεὸς,
880 3644 987 3720 παντὶ
1004 3641 1069 3740 μέν
1087 3675 1158 3721 που
1176 3645 1289 3740 δῆλον

89 3764 262 3871 ῦπάρχειν
290 3762 549 3863 ὑπολαμβάνω·
592 3766 721 3868 χρῆναι
753 3764 789 3841 δ’
819 3765 882 3843 οῦν
910 3762 1006 3860 ὅμως
1036 3768 1129 3869 φημὶ
1161 3767 1219 3841 καὶ
1246 3762 1321 3870 έξῐ)

126 3968 151 4006 2.
170 3951 221 4019 ἔξω
232 3950 344 4005 accessit
356 3967 389 4004 ex
403 3949 436 4004 B.
474 3949 506 4004 In
520 3949 556 4003 D.
568 3950 666 4003 lacuna
678 3947 716 4002 fit.
917 3987 924 4002 .
942 3948 997 4001 τινὰ
1009 3945 1083 4000 deest
1095 3947 1122 3999 in
1137 3945 1180 4009 Β,
1192 3946 1289 3999 lacuna

90 4022 168 4075 sacta.
279 4033 306 4087 5.
325 4019 430 4091 θορύβῳ
442 4021 551 4075 accessit
562 4037 595 4073 ex
609 4020 642 4072 Β.
678 4018 787 4072 Lacuna
801 4016 829 4070 fit
842 4017 868 4071 in
907 4018 934 4071 d.
971 4015 1288 4086 [Lacunaesereomnes‚

89 4093 136 4163 qui
148 4092 175 4145 in
189 4089 240 4145 Ed.
253 4091 320 4144 etin
333 4089 369 4144 Ι).
380 4089 473 4160 θυοδ]
788 4087 814 4141 6.
832 4089 975 4155 πρόσωπον
986 4104 1076 4140 assum
1097 4095 1155 4139 tum
1167 4103 1199 4139 ex
1215 4085 1286 4138 B.D.

91 4177 116 4232 7.
134 4159 311 4230 οίπικροῖςΒ
314 4198 408 4214 .....
420 4162 476 4228 ροῖς
487 4158 539 4213 Ed.
823 4174 848 4226 9.
868 4160 934 4226 πρὸς
944 4157 991 4224 μέν
1004 4157 1037 4209 Β.
1114 4157 1222 4209 cunain
1236 4154 1288 4209 Ed.

93 4247 134 4286 12.
151 4230 254 4300 Ἰησοῦς
268 4230 339 4284 B.D.
349 4228 437 4298 Ἰησοῦ
449 4229 500 4284 Ed.
644 4245 686 4299 13.
703 4226 896 4295 πεπλανημένος
907 4227 1102 4294 πεπλανημένην
1114 4223 1129 4292 ἢ
1143 4224 1175 4278 Β.
1187 4227 1288 4279 πεπλα-

91 4301 188 4370 σμένην
200 4302 237 4356 D.
249 4298 571 4370 πεπλανημένην...Εθ.
793 4313 834 4367 15.
869 4298 901 4367 ὰρ
914 4297 973 4352 ἔθος
984 4295 1116 4364 ὀνομάζειν
1127 4294 1183 4349 ε’σθ
1196 4295 1239 4348 ὅτε
1254 4294 1287 4348 B.

90 4371 223 4442 ἀνομάζειν
234 4371 294 4427 ἔθος
306 4369 358 4425 Ed.
488 4371 529 4426 18.
546 4370 630 4442 φησὶν
641 4378 702 4440 pout
715 4370 780 4423 θεός
792 4377 825 4421 tr.
864 4404 871 4420 .
1004 4382 1044 4437 19.
1061 4366 1122 4434 περὶ
1134 4366 1167 4419 B.
1187 4365 1223 4420 εἶς
1237 4364 1287 4418 Ed.

91 4458 135 4498 21.
155 4441 194 4496 ἐπ’
206 4439 284 4513 αὐτὸ]
298 4439 326 4495 έν
336 4439 437 4497 τούτοις
449 4439 482 4495 Β.
586 4450 635 4495 ¹22.
653 4434 790 4508 ε’κλήψεις]
804 4434 944 4506 εἰιιιλὴψεις
958 4436 993 4490 D.
1006 4437 1127 4506 ἐκκόψεις
1140 4435 1172 4487 B.
1186 4433 1287 4488 sedhic

90 4529 125 4566 m
138 4529 164 4567 v.
178 4515 231 4584 25?
249 4512 371 4581 ἐκκόψεις
381 4522 526 4583 utrumque
537 4511 651 4567 correxit
663 4509 766 4580 Migne.
842 4507 885 4561 26.
903 4508 948 4575 τῆς
959 4516 1128 4577 assumptum
1140 4523 1172 4559 ex
1187 4504 1257 4558 BD.

660 4599 681 4642 B
698 4597 717 4645 2
