3038 5018
223 290 287 352 594
528 290 566 352 B.
591 287 801 353 CYRILLI
830 286 1119 352 ALEXANDR.
1312 281 1368 345 vii.
1385 299 1428 344 11.

176 567 208 608 ¹¹
244 555 282 622 Οἰ
310 555 366 624 οῦν
390 556 543 625 Ἰουδαῖοι
570 560 702 650 ἐζήτουν
729 559 828 627 αὐτὸν
856 560 891 625 ὲν
920 566 957 649 τῇ
985 561 1083 649 ἐορτῇ
1112 558 1166 624 καὶ
1192 559 1317 633 ἕλετον
1344 556 1410 620 Ποῦ

698 700 784 764 ἐστιν
812 694 937 764 ἐκεῖνος
948 728 957 780 ;

280 879 500 982 Ἐρευνῶσιν
511 881 677 960 Ἰουδαῖοι
695 876 759 959 τὸν
772 880 928 980 Ἰησοῦν,
941 878 1007 983 οὑχ
1024 878 1082 957 ἵνα
1100 876 1264 980 εὑρόντες
1284 871 1429 956 πιστεύ-

224 1035 340 1082 σειαν·
371 1001 394 1103 ἢ
418 1001 490 1106 γὰρ
512 1003 632 1083 ἄνκαὶ
656 1002 698 1083 τὸ
724 1003 906 1107 ζητεῖσθαι
929 1001 1077 1110 φθάσας
1099 997 1227 1081 ἑαυτὸν
1245 994 1427 1102 προσεκό·

58 1133 181 1183 ΜΠ·
225 1126 302 1230 μιζε
330 1126 421 1207 κατὰ
448 1124 490 1206 τδ
517 1129 601 1229 παρ’
626 1128 735 1206 αὑτοῦ
761 1122 957 1227 λεγόμενον
976 1135 997 1172 “
1010 1124 1171 1226 Εὑρέθην
1189 1129 1267 1207 τοῖς
1293 1120 1358 1221 ε’μέ
1380 1119 1454 1220 μὴε

225 1259 248 1297 “
266 1251 443 1355 ζητοῦσιν,
476 1248 638 1358 ἐμφανὴς
668 1250 840 1354 ἐγενόμην
871 1255 945 1332 τοῖς
980 1247 1043 1346 ἐμὲ
1077 1245 1128 1346 μὴ
1164 1245 1427 1348 ε’περωτῶσιν”

226 1376 310 1454 ἀλλ’
338 1376 376 1454 ε’κ
408 1379 551 1475 πολλῆς
581 1376 675 1477 ἄγαν
706 1378 770 1473 τῆς
802 1373 1025 1475 παρανομίας
1057 1376 1105 1456 είς
1136 1369 1205 1471 τὴν
1231 1369 1429 1469 Ἑλλήνων

196 1500 462 1579 θεῖκαιοπονίαν
481 1499 826 1594 κατολισθαίνοντες,
845 1499 903 1577 καὶ
922 1496 968 1576 τῦ
986 1496 1126 1579 ἐκείνοις
1144 1492 1292 1593 συνήθη
1317 1490 1429 1595 ζηλό-

225 1655 356 1704 σαντες
385 1628 544 1720 μᾶλλον,
573 1622 664 1723 ἤπερ
692 1621 737 1701 τὰ
765 1622 809 1699 δι’
838 1619 888 1699 ὧν
915 1618 1005 1706 εἰκὸς
1033 1616 1079 1717 ἦν
1107 1616 1165 1697 διὰ
1194 1622 1261 1717 τῆς
1294 1617 1429 1696 ἄνωθεν

225 1745 593 1848 καταλαμπρύνεσθαι
610 1744 766 1851 χάριτος.
803 1742 997 1844 Ἑλλήνων
1014 1741 1080 1839 μὲν
1098 1741 1168 1845 γὰρ
1188 1745 1220 1820 οῖ
1240 1744 1429 1824 δοκοῦντες
1440 1772 1471 1813 1⁰

225 1861 313 1945 εἶναι
344 1872 497 1967 συνετοὶ,
528 1871 587 1948 καῖ
618 1874 683 1968 τῆς
714 1872 888 1966 κοσμικῆς
919 1870 977 1947 καὶ
1005 1866 1258 1966 δαιμονιώδους
1295 1865 1430 1970 σοφίας

224 1990 551 2092 οῖναπεπλησμένοι,
570 1991 727 2095 μακροὺς
754 1995 812 2072 καὶ
834 1987 982 2093 πικροὺς
998 1990 1256 2072 ἀναλισκοντες
1277 1987 1428 2089 λόγους,

114 2124 147 2174 ’·
173 2160 180 2174 ·
226 2116 284 2194 καῖ
310 2114 463 2199 κύκλους
490 2115 729 2219 θεωρημάτων
753 2118 892 2195 εἰκαίων
911 2116 1118 2210 ἑλίττοντες,
1138 2110 1241 2192 ἱστόν
1265 2146 1309 2193 τε
1337 2110 1429 2213 ἄρα’·

226 2275 313 2343 χνης
340 2239 433 2320 κατὰ
460 2238 502 2319 τὸ
530 2240 779 2344 γεγραμμένον
805 2240 1024 2347 ὑφαίνοντες,
1049 2237 1114 2338 τὴν
1138 2234 1328 2336 ἀλήθειαν,
1352 2237 1432 2337 ἤτοι

225 2361 267 2443 τὸ
286 2363 475 2465 ἁγαθὸν,ἢ
500 2362 541 2444 τὸ
568 2366 702 2445 δίκαιον
721 2364 741 2443 ὅ
767 2398 802 2443 τι
820 2363 906 2444 ποτὲ
927 2362 1018 2444 κατὰ
1037 2360 1151 2468 φύσιν
1168 2363 1284 2458 ἐστὶν,
1304 2392 1429 2463 προσ·
1445 2385 1473 2445 ¹5

58 2505 175 2563 406ss
198 2495 408 2567 οποιοῦνται
445 2488 568 2592 ζητεῖν,
607 2491 664 2567 καὶ
702 2487 816 2588 μόνην
854 2484 978 2589 ὥσπερ
1018 2485 1126 2566 σκιάν
1163 2489 1227 2584 τῆς
1268 2487 1432 2584 ἀληθοῦς

225 2609 395 2710 γνώσεως
414 2613 550 2695 ἑαυτοῖς
573 2611 872 2708 ἀναπλάττοντες,
892 2611 1062 2714 ἄγευστοι
1087 2615 1277 2693 παντελῶς
1302 2611 1372 2707 τῆς
1395 2609 1432 2688 ἓν

225 2732 341 2835 ἔργοις
372 2737 601 2814 διατελοῦσιν
631 2738 768 2837 ἀρετῆς,
799 2739 857 2814 καὶ
889 2739 953 2834 τῆς
985 2733 1121 2813 ἄνωθέν
1153 2768 1190 2814 τε
1223 2736 1283 2811 καὶ
1316 2731 1432 2816 ὅντως

224 2855 359 2960 σοφίας
387 2856 510 2959 ἔρημοι
538 2860 771 2958 διαμένοντες,
800 2859 855 2939 ἐπ’
885 2859 998 2938 οὐδενί
1026 2864 1097 2936 τῶν
1124 2853 1318 2963 χρησίμων
1347 2854 1430 2934 ἔσθ’

225 2978 284 3058 ὅτε
312 2977 358 3058 τῦ
384 2979 489 3084 μέχρι
517 2980 640 3082 λόγων
666 2992 851 3062 ποιοῦνται
883 2980 1138 3083 γυμνάσματα.
1189 2981 1362 3059 Ἰουδαῖοι
1396 2976 1475 3057 δέιο

224 3101 348 3201 πάλιν,
373 3108 406 3182 οῖ
433 3108 498 3203 τῆς
526 3105 666 3184 ἐκείνων
694 3107 848 3203 ἀμαθίας
875 3108 1028 3210 ἀδελφοὶ
1057 3107 1115 3184 καὶ
1142 3105 1310 3206 γείτονες,
1338 3104 1432 3182 ἀνα-

226 3226 372 3330 ζητοῦσι
399 3229 463 3308 τὸν
490 3230 645 3328 Ἰησοῦν,
674 3230 740 3332 οὑχ
772 3229 815 3307 ἵν’
846 3227 1006 3331 εὑρόντες
1033 3227 1295 3324 πιστεύσωσιν,
1326 3229 1380 3311 ὡς
1412 3226 1434 3325 ἡ

226 3356 299 3429 τῶν
334 3350 558 3452 πραγμάτων
594 3352 704 3459 ἔδειξε
743 3351 868 3459 φύσις,
907 3350 993 3431 ἀλλ’
1030 3352 1089 3431 ἵνα
1122 3357 1283 3434 πολλοῖς
1320 3350 1437 3431 αὑτὸν

193 3473 420 3575 δλοιδορίαις
438 3475 755 3579 κατακοντίζοντες,
772 3473 839 3575 τὴν
858 3477 1047 3571 ἄσβεστον
1064 3482 1142 3558 ταῖς
1159 3476 1299 3554 ἑαυτῶν
1317 3481 1437 3582 κεφα-

228 3603 310 3679 λαῖς
337 3596 517 3677 ἐποίσειαν
539 3598 676 3705 φλόγα.
722 3602 780 3680 καὶ
809 3601 894 3680 καθ’
918 3600 1037 3701 ἕτερον
1061 3599 1098 3679 δὲ
1126 3596 1273 3702 τρόπον,
1296 3603 1432 3680 εῖκαιο·
1449 3632 1477 3694 ις

227 3718 339 3818 πότην
374 3720 501 3806 αὑτοὺς
542 3729 723 3803 ποιεῖσθαι
762 3723 829 3823 τὴν
867 3720 1016 3825 ζήτησιν
1060 3723 1258 3822 οἰησόμεθα
1300 3724 1434 3805 πάλιν.

228 3844 337 3942 μόνον
355 3844 426 3947 γὰρ
453 3845 507 3925 δτι
530 3845 581 3946 μὴ
606 3845 761 3949 πάρεστι
787 3856 1070 3950 προσποιοῦνται
1097 3847 1223 3950 ζητεῖν.
1265 3856 1438 3951 παρεῖναι

227 3967 299 4071 γὰρ
327 3969 405 4065 ἔδει,
435 3973 540 4075 φασὶ,
570 3978 644 4054 τοῖς
673 3970 880 4075 ἑορτάζουσι
909 3970 972 4050 τὸν
1001 3966 1291 4072 θαυματουργῖιν,
1320 3971 1370 4052 τῖι
1403 3977 1440 4054 ἐν

226 4093 351 4197 τέρψει
376 4100 522 4190 μᾶλλον
540 4093 615 4194 ἡδὺ,
634 4097 692 4173 καὶ
717 4096 797 4199 οὑχὶ
822 4093 966 4179 πάντας
993 4093 1059 4194 τὴν
1083 4096 1121 4173 ἐκ
1147 4102 1211 4173 τοῦ
1237 4095 1440 4200 θαυμάζειν

227 4214 406 4319 ὠφέλειαν
439 4218 646 4318 θηρώμενοι·
687 4221 924 4319 νομομαθείας
957 4217 996 4298 δὲ
1026 4217 1139 4326 δόξαν
1171 4220 1437 4324 ἠμφιεσμένοι,
1450 4272 1480 4330 30

263 4459 287 4511 3.
306 4443 485 4498 πιστεύσωσιν
501 4444 531 4499 Β.
652 4459 676 4516 7.
697 4443 775 4517 όγαν]
789 4444 889 4517 ἀγάπης
903 4445 935 4500 Β.
1055 4461 1096 4518 ιγ.
1115 4449 1215 4504 εὀυτοῖς
1230 4447 1264 4502 Β.
1279 4449 1374 4510 αὑτοῖς
1388 4452 1438 4507 Ed.

228 4512 270 4565 28.
290 4514 359 4582 φασὶ
373 4514 445 4568 B.D.
458 4516 528 4584 φησὶ
542 4514 592 4570 Ed.
