<?xml version="1.0" encoding="UTF-8"?>
<!DOCTYPE html PUBLIC "-//W3C//DTD XHTML 1.0 Transitional//EN"
    "http://www.w3.org/TR/xhtml1/DTD/xhtml1-transitional.dtd">
<html xmlns="http://www.w3.org/1999/xhtml" xml:lang="en" lang="en">
 <head>
  <title>
</title>
<meta http-equiv="Content-Type" content="text/html;charset=utf-8" />
  <meta name='ocr-system' content='tesseract 3.04.00' />
  <meta name='ocr-capabilities' content='ocr_page ocr_carea ocr_par ocr_line ocrx_word'/>
</head>
<body>
  <div class='ocr_page' id='page_1' title='image "./sanctipatrisnos00pusegoog_0321.png"; bbox 0 0 3038 5018; ppageno 0'>
   <div class='ocr_carea' id='block_1_1' title="bbox 235 300 1434 384">
    <p class='ocr_par' dir='ltr' id='par_1_1' title="bbox 235 300 1434 384">
     <span class='ocr_line' id='line_1_1' title="bbox 235 300 1434 384; baseline -0.009 -13"><span class='ocrx_word' id='word_1_1' title='bbox 235 308 302 372; x_wconf 80' lang='lat'>308</span> <span class='ocrx_word' id='word_1_2' title='bbox 539 303 578 369; x_wconf 88' lang='lat' dir='ltr'>B.</span> <span class='ocrx_word' id='word_1_3' title='bbox 603 305 808 369; x_wconf 82' lang='lat' dir='ltr'><strong>CYRILLI</strong></span> <span class='ocrx_word' id='word_1_4' title='bbox 838 304 1126 369; x_wconf 84' lang='lat' dir='ltr'><strong>ALEXANDR.</strong></span> <span class='ocrx_word' id='word_1_5' title='bbox 1316 323 1345 363; x_wconf 93' lang='lat' dir='ltr'>v.</span> <span class='ocrx_word' id='word_1_6' title='bbox 1359 300 1390 378; x_wconf 88' lang='lat'>8,</span> <span class='ocrx_word' id='word_1_7' title='bbox 1403 321 1434 384; x_wconf 93' lang='lat'>9.</span> 
     </span>
    </p>
   </div>
   <div class='ocr_carea' id='block_1_2' title="bbox 203 467 1436 696">
    <p class='ocr_par' dir='ltr' id='par_1_2' title="bbox 203 467 1436 696">
     <span class='ocr_line' id='line_1_2' title="bbox 203 467 1432 578; baseline -0.007 -27"><span class='ocrx_word' id='word_1_8' title='bbox 203 468 491 571; x_wconf 72' lang='grc' dir='ltr'>δκολυμβήθρας</span> <span class='ocrx_word' id='word_1_9' title='bbox 519 467 561 551; x_wconf 83' lang='grc' dir='ltr'>τό</span> <span class='ocrx_word' id='word_1_10' title='bbox 588 473 684 572; x_wconf 82' lang='grc' dir='ltr'>ὕδωρ</span> <span class='ocrx_word' id='word_1_11' title='bbox 711 472 774 549; x_wconf 93' lang='grc' dir='ltr'>οῦκ</span> <span class='ocrx_word' id='word_1_12' title='bbox 802 475 839 549; x_wconf 86' lang='grc' dir='ltr'>ἐν</span> <span class='ocrx_word' id='word_1_13' title='bbox 863 472 970 578; x_wconf 84' lang='grc' dir='ltr'>ἑτέρῳ</span> <span class='ocrx_word' id='word_1_14' title='bbox 999 468 1280 572; x_wconf 86' lang='grc' dir='ltr'>συνεταράττετο</span> <span class='ocrx_word' id='word_1_15' title='bbox 1308 471 1432 571; x_wconf 75' lang='grc' dir='ltr'>καιρῷ,</span> 
     </span>
     <span class='ocr_line' id='line_1_3' title="bbox 235 588 1436 696; baseline -0.007 -22"><span class='ocrx_word' id='word_1_16' title='bbox 235 592 302 693; x_wconf 77' lang='grc' dir='ltr'>τὴν</span> <span class='ocrx_word' id='word_1_17' title='bbox 335 600 408 674; x_wconf 81' lang='grc' dir='ltr'>τῶν</span> <span class='ocrx_word' id='word_1_18' title='bbox 440 595 552 696; x_wconf 82' lang='grc' dir='ltr'><em>ἁγίων</em></span> <span class='ocrx_word' id='word_1_19' title='bbox 585 594 754 696; x_wconf 90' lang='grc' dir='ltr'>άγγέλων</span> <span class='ocrx_word' id='word_1_20' title='bbox 786 600 833 679; x_wconf 84' lang='grc' dir='ltr'>εἱς</span> <span class='ocrx_word' id='word_1_21' title='bbox 871 593 974 674; x_wconf 83' lang='grc' dir='ltr'>ἑαυτό</span> <span class='ocrx_word' id='word_1_22' title='bbox 1006 601 1184 693; x_wconf 88' lang='grc' dir='ltr'>σημαῖνον</span> <span class='ocrx_word' id='word_1_23' title='bbox 1216 588 1274 670; x_wconf 80' lang='grc' dir='ltr'>διὰ</span> <span class='ocrx_word' id='word_1_24' title='bbox 1307 588 1436 668; x_wconf 89' lang='grc' dir='ltr'>τούτου</span> 
     </span>
    </p>
   </div>
   <div class='ocr_carea' id='block_1_3' title="bbox 234 709 1466 1193">
    <p class='ocr_par' dir='ltr' id='par_1_3' title="bbox 234 709 1466 1193">
     <span class='ocr_line' id='line_1_4' title="bbox 236 709 1434 823; baseline -0.008 -26"><span class='ocrx_word' id='word_1_25' title='bbox 236 717 472 821; x_wconf 84' lang='grc' dir='ltr'>καταδρομήν.</span> <span class='ocrx_word' id='word_1_26' title='bbox 517 720 579 798; x_wconf 87' lang='grc' dir='ltr'>οὑκ</span> <span class='ocrx_word' id='word_1_27' title='bbox 606 717 699 823; x_wconf 84' lang='grc' dir='ltr'>έχων</span> <span class='ocrx_word' id='word_1_28' title='bbox 726 726 917 821; x_wconf 81' lang='grc' dir='ltr'>τοιγαροῦν</span> <span class='ocrx_word' id='word_1_29' title='bbox 944 720 964 796; x_wconf 87' lang='grc' dir='ltr'>ό</span> <span class='ocrx_word' id='word_1_30' title='bbox 991 717 1198 820; x_wconf 85' lang='grc' dir='ltr'>παράλυτος</span> <span class='ocrx_word' id='word_1_31' title='bbox 1224 711 1288 794; x_wconf 81' lang='grc' dir='ltr'>τόν</span> <span class='ocrx_word' id='word_1_32' title='bbox 1315 717 1364 795; x_wconf 89' lang='grc' dir='ltr'>είς</span> <span class='ocrx_word' id='word_1_33' title='bbox 1391 709 1434 788; x_wconf 87' lang='grc' dir='ltr'>τὸ</span> 
     </span>
     <span class='ocr_line' id='line_1_5' title="bbox 238 833 1435 948; baseline -0.008 -28"><span class='ocrx_word' id='word_1_34' title='bbox 238 843 332 944; x_wconf 81' lang='grc' dir='ltr'>ὕδωρ</span> <span class='ocrx_word' id='word_1_35' title='bbox 359 839 637 948; x_wconf 79' lang='grc' dir='ltr'>ἐξοιωντίζοντα,</span> <span class='ocrx_word' id='word_1_36' title='bbox 660 842 750 940; x_wconf 84' lang='grc' dir='ltr'>μετὰ</span> <span class='ocrx_word' id='word_1_37' title='bbox 776 851 841 922; x_wconf 90' lang='grc' dir='ltr'>τοῦ</span> <span class='ocrx_word' id='word_1_38' title='bbox 868 842 1083 946; x_wconf 70' lang='grc' dir='ltr'>συνέχοντος</span> <span class='ocrx_word' id='word_1_39' title='bbox 1110 840 1258 936; x_wconf 89' lang='grc' dir='ltr'>πάθους,</span> <span class='ocrx_word' id='word_1_40' title='bbox 1282 840 1340 915; x_wconf 81' lang='grc' dir='ltr'>καὶ</span> <span class='ocrx_word' id='word_1_41' title='bbox 1367 833 1435 935; x_wconf 81' lang='grc' dir='ltr'>τὴν</span> 
     </span>
     <span class='ocr_line' id='line_1_6' title="bbox 236 959 1466 1071; baseline -0.006 -26"><span class='ocrx_word' id='word_1_42' title='bbox 236 971 308 1045; x_wconf 81' lang='grc' dir='ltr'>τῶν</span> <span class='ocrx_word' id='word_1_43' title='bbox 327 963 593 1068; x_wconf 90' lang='grc' dir='ltr'>θεραπεύοντων</span> <span class='ocrx_word' id='word_1_44' title='bbox 612 967 759 1067; x_wconf 78' lang='grc' dir='ltr'>ἐρημίαν</span> <span class='ocrx_word' id='word_1_45' title='bbox 776 965 913 1069; x_wconf 81' lang='grc' dir='ltr'>ἐθρήνει</span> <span class='ocrx_word' id='word_1_46' title='bbox 932 965 1049 1067; x_wconf 91' lang='grc' dir='ltr'>λέγων</span> <span class='ocrx_word' id='word_1_47' title='bbox 1060 963 1247 1071; x_wconf 70' lang='grc' dir='ltr'>Ἄνθρωπον</span> <span class='ocrx_word' id='word_1_48' title='bbox 1266 966 1325 1041; x_wconf 84' lang='grc' dir='ltr'>οῦκ</span> <span class='ocrx_word' id='word_1_49' title='bbox 1348 959 1431 1056; x_wconf 81' lang='grc' dir='ltr'>ἐχω,</span> <span class='ocrx_word' id='word_1_50' title='bbox 1447 989 1466 1049; x_wconf 83' lang='grc'><strong>5</strong></span> 
     </span>
     <span class='ocr_line' id='line_1_7' title="bbox 234 1082 1435 1193; baseline -0.002 -25"><span class='ocrx_word' id='word_1_51' title='bbox 234 1086 299 1168; x_wconf 81' lang='grc' dir='ltr'>τὸν</span> <span class='ocrx_word' id='word_1_52' title='bbox 316 1095 365 1175; x_wconf 87' lang='grc' dir='ltr'>είς</span> <span class='ocrx_word' id='word_1_53' title='bbox 382 1088 424 1169; x_wconf 83' lang='grc' dir='ltr'>τῦ</span> <span class='ocrx_word' id='word_1_54' title='bbox 450 1092 544 1190; x_wconf 85' lang='grc' dir='ltr'>ὕδωρ</span> <span class='ocrx_word' id='word_1_55' title='bbox 566 1090 846 1193; x_wconf 63' lang='grc' dir='ltr'>κατακομίῷντα</span> <span class='ocrx_word' id='word_1_56' title='bbox 870 1090 1022 1189; x_wconf 89' lang='grc' dir='ltr'>δηλαδή.</span> <span class='ocrx_word' id='word_1_57' title='bbox 1062 1098 1167 1170; x_wconf 86' lang='grc' dir='ltr'>τοῦτο</span> <span class='ocrx_word' id='word_1_58' title='bbox 1192 1086 1264 1188; x_wconf 81' lang='grc' dir='ltr'>γὰρ</span> <span class='ocrx_word' id='word_1_59' title='bbox 1288 1082 1435 1165; x_wconf 87' lang='grc' dir='ltr'>πάντως</span> 
     </span>
    </p>
   </div>
   <div class='ocr_carea' id='block_1_4' title="bbox 206 1210 1374 1373">
    <p class='ocr_par' dir='ltr' id='par_1_4' title="bbox 206 1210 1374 1373">
     <span class='ocr_line' id='line_1_8' title="bbox 234 1210 1374 1320; baseline -0.004 -29"><span class='ocrx_word' id='word_1_60' title='bbox 234 1214 324 1315; x_wconf 87' lang='grc' dir='ltr'>ἐρεῖν</span> <span class='ocrx_word' id='word_1_61' title='bbox 340 1246 379 1291; x_wconf 89' lang='grc' dir='ltr'>τε</span> <span class='ocrx_word' id='word_1_62' title='bbox 398 1219 456 1292; x_wconf 81' lang='grc' dir='ltr'>καὶ</span> <span class='ocrx_word' id='word_1_63' title='bbox 474 1211 737 1310; x_wconf 82' lang='grc' dir='ltr'>συμβουλεύειν</span> <span class='ocrx_word' id='word_1_64' title='bbox 755 1216 851 1320; x_wconf 79' lang='grc' dir='ltr'>αὐτῷ</span> <span class='ocrx_word' id='word_1_65' title='bbox 869 1210 1117 1316; x_wconf 86' lang='grc' dir='ltr'>προσεδόκησε</span> <span class='ocrx_word' id='word_1_66' title='bbox 1137 1211 1200 1291; x_wconf 81' lang='grc' dir='ltr'>τόν</span> <span class='ocrx_word' id='word_1_67' title='bbox 1217 1213 1374 1309; x_wconf 84' lang='grc' dir='ltr'>Ἰησοῦν.</span> 
     </span>
     <span class='ocr_line' id='line_1_9' title="bbox 206 1330 224 1373; baseline 0 0"><span class='ocrx_word' id='word_1_68' title='bbox 206 1330 224 1373; x_wconf 92' lang='grc' dir='ltr'>ο</span> 
     </span>
    </p>
   </div>
   <div class='ocr_carea' id='block_1_5' title="bbox 203 1439 1434 1660">
    <p class='ocr_par' dir='ltr' id='par_1_5' title="bbox 203 1439 1434 1660">
     <span class='ocr_line' id='line_1_10' title="bbox 203 1439 1433 1535; baseline -0.003 -26"><span class='ocrx_word' id='word_1_69' title='bbox 203 1439 328 1535; x_wconf 84' lang='grc' dir='ltr'>9Ἀρον</span> <span class='ocrx_word' id='word_1_70' title='bbox 362 1448 415 1512; x_wconf 82' lang='grc' dir='ltr'>τὸν</span> <span class='ocrx_word' id='word_1_71' title='bbox 448 1449 629 1534; x_wconf 85' lang='grc' dir='ltr'>κράββατόν</span> <span class='ocrx_word' id='word_1_72' title='bbox 662 1470 718 1513; x_wconf 89' lang='grc' dir='ltr'>σου</span> <span class='ocrx_word' id='word_1_73' title='bbox 751 1447 803 1511; x_wconf 74' lang='grc' dir='ltr'>καὶ</span> <span class='ocrx_word' id='word_1_74' title='bbox 835 1449 1016 1535; x_wconf 86' lang='grc' dir='ltr'>περιπάτει.</span> <span class='ocrx_word' id='word_1_75' title='bbox 1065 1446 1119 1509; x_wconf 82' lang='grc' dir='ltr'>καὶ</span> <span class='ocrx_word' id='word_1_76' title='bbox 1150 1445 1272 1510; x_wconf 73' lang='grc' dir='ltr'>εὐθέως</span> <span class='ocrx_word' id='word_1_77' title='bbox 1303 1443 1433 1517; x_wconf 66' lang='grc' dir='ltr'>ἐγένετο</span> 
     </span>
     <span class='ocr_line' id='line_1_11' title="bbox 284 1568 1434 1660; baseline -0.004 -25"><span class='ocrx_word' id='word_1_78' title='bbox 284 1571 374 1646; x_wconf 58' lang='lat' dir='ltr'>finde</span> <span class='ocrx_word' id='word_1_79' title='bbox 401 1574 418 1641; x_wconf 85' lang='grc' dir='ltr'><strong>ὁ</strong></span> <span class='ocrx_word' id='word_1_80' title='bbox 446 1574 630 1660; x_wconf 75' lang='grc' dir='ltr'>ἄνθρωπος,</span> <span class='ocrx_word' id='word_1_81' title='bbox 659 1573 712 1638; x_wconf 80' lang='grc' dir='ltr'>καὶ</span> <span class='ocrx_word' id='word_1_82' title='bbox 738 1568 797 1660; x_wconf 70' lang='grc' dir='ltr'>εἶρε</span> <span class='ocrx_word' id='word_1_83' title='bbox 824 1574 880 1639; x_wconf 84' lang='grc' dir='ltr'>τὸν</span> <span class='ocrx_word' id='word_1_84' title='bbox 908 1572 1089 1660; x_wconf 87' lang='grc' dir='ltr'>κράββατον</span> <span class='ocrx_word' id='word_1_85' title='bbox 1117 1571 1215 1636; x_wconf 86' lang='grc' dir='ltr'>αὑτοῦ</span> <span class='ocrx_word' id='word_1_86' title='bbox 1244 1569 1297 1633; x_wconf 81' lang='grc' dir='ltr'>καὶ</span> <span class='ocrx_word' id='word_1_87' title='bbox 1324 1589 1434 1654; x_wconf 84' lang='grc' dir='ltr'>περιε-</span> 
     </span>
    </p>
   </div>
   <div class='ocr_carea' id='block_1_6' title="bbox 284 1694 1491 1787">
    <p class='ocr_par' dir='ltr' id='par_1_6' title="bbox 284 1694 1491 1787">
     <span class='ocr_line' id='line_1_12' title="bbox 284 1694 1491 1787; baseline 0.002 -25"><span class='ocrx_word' id='word_1_88' title='bbox 284 1699 388 1769; x_wconf 83' lang='grc' dir='ltr'>πάτει.</span> <span class='ocrx_word' id='word_1_89' title='bbox 433 1694 472 1762; x_wconf 70' lang='grc' dir='ltr'>ἦν</span> <span class='ocrx_word' id='word_1_90' title='bbox 500 1698 536 1764; x_wconf 83' lang='grc' dir='ltr'>δὲ</span> <span class='ocrx_word' id='word_1_91' title='bbox 563 1700 723 1778; x_wconf 80' lang='grc' dir='ltr'>σάββατον</span> <span class='ocrx_word' id='word_1_92' title='bbox 750 1699 785 1763; x_wconf 81' lang='grc' dir='ltr'>ἒν</span> <span class='ocrx_word' id='word_1_93' title='bbox 812 1697 921 1786; x_wconf 78' lang='grc' dir='ltr'>ἐκείνη</span> <span class='ocrx_word' id='word_1_94' title='bbox 948 1703 987 1787; x_wconf 66' lang='grc' dir='ltr'>τῇ</span> <span class='ocrx_word' id='word_1_95' title='bbox 1017 1697 1134 1786; x_wconf 68' lang='grc' dir='ltr'>ἡμέρᾳ.</span> <span class='ocrx_word' id='word_1_96' title='bbox 1450 1714 1491 1756; x_wconf 85' lang='lat'>¹0</span> 
     </span>
    </p>
   </div>
   <div class='ocr_carea' id='block_1_7' title="bbox 173 1853 1494 4198">
    <p class='ocr_par' dir='ltr' id='par_1_7' title="bbox 232 1853 1434 2340">
     <span class='ocr_line' id='line_1_13' title="bbox 289 1853 1434 1964; baseline -0.003 -24"><span class='ocrx_word' id='word_1_97' title='bbox 289 1860 494 1964; x_wconf 85' lang='grc' dir='ltr'>θεοπρεπές</span> <span class='ocrx_word' id='word_1_98' title='bbox 520 1862 562 1941; x_wconf 82' lang='grc' dir='ltr'>τὸ</span> <span class='ocrx_word' id='word_1_99' title='bbox 591 1863 780 1963; x_wconf 82' lang='grc' dir='ltr'>ἐπίταγμα,</span> <span class='ocrx_word' id='word_1_100' title='bbox 806 1864 863 1940; x_wconf 76' lang='grc' dir='ltr'>καὶ</span> <span class='ocrx_word' id='word_1_101' title='bbox 892 1865 955 1959; x_wconf 79' lang='grc' dir='ltr'>τῆς</span> <span class='ocrx_word' id='word_1_102' title='bbox 988 1861 1075 1961; x_wconf 85' lang='grc' dir='ltr'>ὑπέρ</span> <span class='ocrx_word' id='word_1_103' title='bbox 1108 1861 1298 1962; x_wconf 80' lang='grc' dir='ltr'>ἄνθρωπον</span> <span class='ocrx_word' id='word_1_104' title='bbox 1326 1853 1434 1936; x_wconf 87' lang='grc' dir='ltr'>δυνά-</span> 
     </span>
     <span class='ocr_line' id='line_1_14' title="bbox 232 1981 1433 2138; baseline -0.005 -73"><span class='ocrx_word' id='word_1_105' title='bbox 232 1985 326 2082; x_wconf 81' lang='grc' dir='ltr'>μεάις</span> <span class='ocrx_word' id='word_1_106' title='bbox 347 2018 386 2065; x_wconf 91' lang='grc' dir='ltr'>τε</span> <span class='ocrx_word' id='word_1_107' title='bbox 411 2020 469 2064; x_wconf 91' lang='grc' dir='ltr'>και</span> <span class='ocrx_word' id='word_1_108' title='bbox 456 1986 702 2093; x_wconf 81' lang='grc' dir='ltr'>ἐξουσίας’</span> <span class='ocrx_word' id='word_1_109' title='bbox 682 1983 950 2138; x_wconf 79' lang='grc' dir='ltr'>εναργεστηίτην</span> <span class='ocrx_word' id='word_1_110' title='bbox 969 1984 1051 2135; x_wconf 83' lang='grc' dir='ltr'>ἔχον</span> <span class='ocrx_word' id='word_1_111' title='bbox 1069 1982 1135 2082; x_wconf 85' lang='grc' dir='ltr'>τὴν</span> <span class='ocrx_word' id='word_1_112' title='bbox 1153 1981 1347 2087; x_wconf 83' lang='grc' dir='ltr'>ἀπόδειξιν.</span> <span class='ocrx_word' id='word_1_113' title='bbox 1389 1981 1433 2059; x_wconf 91' lang='grc' dir='ltr'>οῦ</span> 
     </span>
     <span class='ocr_line' id='line_1_15' title="bbox 232 2106 1433 2266; baseline -0.002 -78"><span class='ocrx_word' id='word_1_114' title='bbox 232 2106 305 2210; x_wconf 81' lang='grc' dir='ltr'>γὰρ</span> <span class='ocrx_word' id='word_1_115' title='bbox 323 2109 563 2217; x_wconf 81' lang='grc' dir='ltr'>ἐπεύχεται</span> <span class='ocrx_word' id='word_1_116' title='bbox 523 2115 575 2189; x_wconf 83' lang='grc' dir='ltr'>τεῦ</span> <span class='ocrx_word' id='word_1_117' title='bbox 593 2109 738 2266; x_wconf 77' lang='grc' dir='ltr'>κειμένῳ</span> <span class='ocrx_word' id='word_1_118' title='bbox 764 2114 826 2204; x_wconf 78' lang='grc' dir='ltr'>τῆς</span> <span class='ocrx_word' id='word_1_119' title='bbox 853 2112 1055 2214; x_wconf 87' lang='grc' dir='ltr'>άῤῥωστίας</span> <span class='ocrx_word' id='word_1_120' title='bbox 1080 2109 1147 2208; x_wconf 78' lang='grc' dir='ltr'>τὴν</span> <span class='ocrx_word' id='word_1_121' title='bbox 1166 2109 1321 2205; x_wconf 77' lang='grc' dir='ltr'>λύσιν,”</span> <span class='ocrx_word' id='word_1_122' title='bbox 1305 2141 1362 2187; x_wconf 88' lang='grc' dir='ltr'>ινα</span> <span class='ocrx_word' id='word_1_123' title='bbox 1380 2106 1433 2255; x_wconf 77' lang='grc' dir='ltr'>μη</span> 
     </span>
     <span class='ocr_line' id='line_1_16' title="bbox 232 2231 1423 2380; baseline -0.003 -68"><span class='ocrx_word' id='word_1_124' title='bbox 232 2231 325 2312; x_wconf 91' lang='grc' dir='ltr'>κατά</span> <span class='ocrx_word' id='word_1_125' title='bbox 351 2267 449 2318; x_wconf 90' lang='grc' dir='ltr'>τινας</span> <span class='ocrx_word' id='word_1_126' title='bbox 477 2236 638 2340; x_wconf 81' lang='grc' dir='ltr'>φαίνοιτο</span> <span class='ocrx_word' id='word_1_127' title='bbox 666 2236 724 2313; x_wconf 78' lang='grc' dir='ltr'>καὶ</span> <span class='ocrx_word' id='word_1_128' title='bbox 752 2232 858 2317; x_wconf 78' lang='grc' dir='ltr'>αὑτὸς</span> <span class='ocrx_word' id='word_1_129' title='bbox 885 2241 957 2312; x_wconf 82' lang='grc' dir='ltr'>τῶν</span> <span class='ocrx_word' id='word_1_130' title='bbox 980 2235 1092 2335; x_wconf 82' lang='grc' dir='ltr'>ἁγίων</span> <span class='ocrx_word' id='word_1_131' title='bbox 1116 2233 1423 2380; x_wconf 79' lang='grc' dir='ltr'>προφητῶν,άλλ</span> 
     </span>
    </p>

    <p class='ocr_par' dir='ltr' id='par_1_8' title="bbox 199 2355 1494 3328">
     <span class='ocr_line' id='line_1_17' title="bbox 199 2355 1491 2464; baseline -0.002 -29"><span class='ocrx_word' id='word_1_132' title='bbox 199 2359 347 2439; x_wconf 75' lang='grc' dir='ltr'>ἆὼς</span> <span class='ocrx_word' id='word_1_133' title='bbox 299 2391 372 2436; x_wconf 91' lang='grc' dir='ltr'>των</span> <span class='ocrx_word' id='word_1_134' title='bbox 389 2357 569 2455; x_wconf 82' lang='grc' dir='ltr'>δυνάμεων</span> <span class='ocrx_word' id='word_1_135' title='bbox 591 2357 721 2460; x_wconf 87' lang='grc' dir='ltr'>Κύριος</span> <span class='ocrx_word' id='word_1_136' title='bbox 743 2357 1065 2464; x_wconf 81' lang='grc' dir='ltr'>ἐξουσιαστικῶς’</span> <span class='ocrx_word' id='word_1_137' title='bbox 1047 2355 1222 2438; x_wconf 91' lang='grc' dir='ltr'>επιτάττει</span> <span class='ocrx_word' id='word_1_138' title='bbox 1247 2355 1428 2457; x_wconf 78' lang='grc' dir='ltr'>γενέσθω</span> <span class='ocrx_word' id='word_1_139' title='bbox 1451 2381 1491 2442; x_wconf 89' lang='lat'>15</span> 
     </span>
     <span class='ocr_line' id='line_1_18' title="bbox 233 2478 1434 2584; baseline 0.001 -27"><span class='ocrx_word' id='word_1_140' title='bbox 233 2479 404 2584; x_wconf 91' lang='grc' dir='ltr'>χαίροντα</span> <span class='ocrx_word' id='word_1_141' title='bbox 428 2478 494 2578; x_wconf 81' lang='grc' dir='ltr'>μὲν</span> <span class='ocrx_word' id='word_1_142' title='bbox 511 2481 628 2560; x_wconf 77' lang='grc' dir='ltr'>οἴκαδε</span> <span class='ocrx_word' id='word_1_143' title='bbox 653 2481 808 2584; x_wconf 81' lang='grc' dir='ltr'>βαδίζειν</span> <span class='ocrx_word' id='word_1_144' title='bbox 830 2480 948 2577; x_wconf 79' lang='grc' dir='ltr'>εἰπὼν,</span> <span class='ocrx_word' id='word_1_145' title='bbox 967 2481 1168 2580; x_wconf 83' lang='grc' dir='ltr'>ἐπωμάδιον</span> <span class='ocrx_word' id='word_1_146' title='bbox 1191 2480 1228 2559; x_wconf 83' lang='grc' dir='ltr'>δέ</span> <span class='ocrx_word' id='word_1_147' title='bbox 1251 2485 1434 2560; x_wconf 86' lang='grc' dir='ltr'>ποιεῖσθαι</span> 
     </span>
     <span class='ocr_line' id='line_1_19' title="bbox 233 2602 1434 2710; baseline 0.004 -28"><span class='ocrx_word' id='word_1_148' title='bbox 233 2603 276 2682; x_wconf 88' lang='grc' dir='ltr'>τὸ</span> <span class='ocrx_word' id='word_1_149' title='bbox 304 2604 485 2701; x_wconf 88' lang='grc' dir='ltr'>κλινίδιον,</span> <span class='ocrx_word' id='word_1_150' title='bbox 504 2602 696 2703; x_wconf 87' lang='grc' dir='ltr'>ὑπόμνημα</span> <span class='ocrx_word' id='word_1_151' title='bbox 718 2609 781 2703; x_wconf 81' lang='grc' dir='ltr'>τῆς</span> <span class='ocrx_word' id='word_1_152' title='bbox 806 2613 870 2684; x_wconf 90' lang='grc' dir='ltr'>τοῦ</span> <span class='ocrx_word' id='word_1_153' title='bbox 895 2603 1182 2708; x_wconf 88' lang='grc' dir='ltr'>θεραπεύσαντος</span> <span class='ocrx_word' id='word_1_154' title='bbox 1207 2605 1333 2710; x_wconf 76' lang='grc' dir='ltr'>ἰσχύος</span> <span class='ocrx_word' id='word_1_155' title='bbox 1355 2611 1434 2687; x_wconf 87' lang='grc' dir='ltr'>τοῖς</span> 
     </span>
     <span class='ocr_line' id='line_1_20' title="bbox 234 2725 1433 2834; baseline 0.003 -28"><span class='ocrx_word' id='word_1_156' title='bbox 234 2728 369 2830; x_wconf 83' lang='grc' dir='ltr'>ὁρῶσιν</span> <span class='ocrx_word' id='word_1_157' title='bbox 388 2725 572 2825; x_wconf 82' lang='grc' dir='ltr'>ἐσόμενον.</span> <span class='ocrx_word' id='word_1_158' title='bbox 612 2726 760 2830; x_wconf 80' lang='grc' dir='ltr'>πράττει</span> <span class='ocrx_word' id='word_1_159' title='bbox 785 2728 823 2809; x_wconf 86' lang='grc' dir='ltr'>δέ</span> <span class='ocrx_word' id='word_1_160' title='bbox 849 2733 1069 2832; x_wconf 79' lang='grc' dir='ltr'>παραχρῆμα</span> <span class='ocrx_word' id='word_1_161' title='bbox 1093 2730 1135 2808; x_wconf 88' lang='grc' dir='ltr'>τὸ</span> <span class='ocrx_word' id='word_1_162' title='bbox 1160 2728 1433 2834; x_wconf 82' lang='grc' dir='ltr'>προσταχθένῦ</span> 
     </span>
     <span class='ocr_line' id='line_1_21' title="bbox 234 2851 1436 2960; baseline 0.002 -31"><span class='ocrx_word' id='word_1_163' title='bbox 234 2856 363 2949; x_wconf 85' lang='grc' dir='ltr'>νοσῶν,</span> <span class='ocrx_word' id='word_1_164' title='bbox 382 2853 440 2930; x_wconf 76' lang='grc' dir='ltr'>καί</span> <span class='ocrx_word' id='word_1_165' title='bbox 468 2853 509 2929; x_wconf 91' lang='grc' dir='ltr'>δι’</span> <span class='ocrx_word' id='word_1_166' title='bbox 535 2853 692 2950; x_wconf 79' lang='grc' dir='ltr'>ὑπακοῆς</span> <span class='ocrx_word' id='word_1_167' title='bbox 719 2855 778 2932; x_wconf 78' lang='grc' dir='ltr'>καὶ</span> <span class='ocrx_word' id='word_1_168' title='bbox 805 2855 961 2936; x_wconf 92' lang='grc' dir='ltr'>πίστεως</span> <span class='ocrx_word' id='word_1_169' title='bbox 988 2851 1055 2951; x_wconf 79' lang='grc' dir='ltr'>τὴν</span> <span class='ocrx_word' id='word_1_170' title='bbox 1077 2851 1292 2955; x_wconf 80' lang='grc' dir='ltr'>τριπόθητον</span> <span class='ocrx_word' id='word_1_171' title='bbox 1318 2854 1436 2960; x_wconf 76' lang='grc' dir='ltr'>ἐαυτῷ</span> 
     </span>
     <span class='ocr_line' id='line_1_22' title="bbox 232 2974 1494 3080; baseline 0.002 -27"><span class='ocrx_word' id='word_1_172' title='bbox 232 2974 521 3077; x_wconf 83' lang='grc' dir='ltr'>πραγματεύεται</span> <span class='ocrx_word' id='word_1_173' title='bbox 548 2975 666 3080; x_wconf 86' lang='grc' dir='ltr'>χάριν.</span> <span class='ocrx_word' id='word_1_174' title='bbox 706 2975 826 3076; x_wconf 82' lang='grc' dir='ltr'>ἐπειδὴ</span> <span class='ocrx_word' id='word_1_175' title='bbox 854 2976 891 3056; x_wconf 88' lang='grc' dir='ltr'>δέ</span> <span class='ocrx_word' id='word_1_176' title='bbox 920 2976 978 3055; x_wconf 84' lang='grc' dir='ltr'>διὰ</span> <span class='ocrx_word' id='word_1_177' title='bbox 1006 2984 1078 3056; x_wconf 82' lang='grc' dir='ltr'>τῶν</span> <span class='ocrx_word' id='word_1_178' title='bbox 1099 2974 1361 3078; x_wconf 81' lang='grc' dir='ltr'>προλαβόντων</span> <span class='ocrx_word' id='word_1_179' title='bbox 1383 2984 1435 3062; x_wconf 87' lang='grc' dir='ltr'>είς</span> <span class='ocrx_word' id='word_1_180' title='bbox 1452 3014 1494 3056; x_wconf 84' lang='lat'>20</span> 
     </span>
     <span class='ocr_line' id='line_1_23' title="bbox 233 3096 1432 3202; baseline 0.002 -25"><span class='ocrx_word' id='word_1_181' title='bbox 233 3096 350 3178; x_wconf 78' lang='grc' dir='ltr'>εἰκόνα</span> <span class='ocrx_word' id='word_1_182' title='bbox 375 3102 433 3178; x_wconf 78' lang='grc' dir='ltr'>καὶ</span> <span class='ocrx_word' id='word_1_183' title='bbox 459 3098 572 3181; x_wconf 88' lang='grc' dir='ltr'>τύπον</span> <span class='ocrx_word' id='word_1_184' title='bbox 589 3104 653 3200; x_wconf 77' lang='grc' dir='ltr'>τῆς</span> <span class='ocrx_word' id='word_1_185' title='bbox 677 3107 750 3179; x_wconf 82' lang='grc' dir='ltr'>τῶν</span> <span class='ocrx_word' id='word_1_186' title='bbox 767 3099 948 3180; x_wconf 80' lang='grc' dir='ltr'>Ἰουδαίων</span> <span class='ocrx_word' id='word_1_187' title='bbox 966 3099 1128 3201; x_wconf 89' lang='grc' dir='ltr'>πληθύος</span> <span class='ocrx_word' id='word_1_188' title='bbox 1151 3100 1259 3180; x_wconf 79' lang='grc' dir='ltr'>αὑτὸν</span> <span class='ocrx_word' id='word_1_189' title='bbox 1276 3099 1432 3202; x_wconf 82' lang='grc' dir='ltr'>εἶσηγά-</span> 
     </span>
     <span class='ocr_line' id='line_1_24' title="bbox 234 3223 1433 3328; baseline 0.008 -28"><span class='ocrx_word' id='word_1_190' title='bbox 234 3256 355 3323; x_wconf 86' lang='grc' dir='ltr'>γομεν,</span> <span class='ocrx_word' id='word_1_191' title='bbox 388 3226 436 3308; x_wconf 88' lang='grc' dir='ltr'>ὡς</span> <span class='ocrx_word' id='word_1_192' title='bbox 472 3224 681 3325; x_wconf 87' lang='grc' dir='ltr'>μελλούσης</span> <span class='ocrx_word' id='word_1_193' title='bbox 716 3227 754 3303; x_wconf 90' lang='grc' dir='ltr'>ἐν</span> <span class='ocrx_word' id='word_1_194' title='bbox 791 3224 951 3328; x_wconf 89' lang='grc' dir='ltr'>ὑστέροις</span> <span class='ocrx_word' id='word_1_195' title='bbox 988 3223 1247 3327; x_wconf 89' lang='grc' dir='ltr'>θεραπεύεσθαι</span> <span class='ocrx_word' id='word_1_196' title='bbox 1283 3233 1433 3328; x_wconf 80' lang='grc' dir='ltr'>καιροῖς·</span> 
     </span>
    </p>

    <p class='ocr_par' dir='ltr' id='par_1_9' title="bbox 204 3344 1437 3578">
     <span class='ocr_line' id='line_1_25' title="bbox 204 3344 1437 3449; baseline 0.002 -24"><span class='ocrx_word' id='word_1_197' title='bbox 204 3344 321 3449; x_wconf 75' lang='grc' dir='ltr'>θφέρε</span> <span class='ocrx_word' id='word_1_198' title='bbox 351 3347 395 3445; x_wconf 87' lang='grc' dir='ltr'>δή</span> <span class='ocrx_word' id='word_1_199' title='bbox 424 3380 459 3425; x_wconf 92' lang='grc' dir='ltr'>τι</span> <span class='ocrx_word' id='word_1_200' title='bbox 487 3345 601 3428; x_wconf 83' lang='grc' dir='ltr'>πάλιν</span> <span class='ocrx_word' id='word_1_201' title='bbox 629 3347 875 3448; x_wconf 82' lang='grc' dir='ltr'>ἐπινοήσωμεν</span> <span class='ocrx_word' id='word_1_202' title='bbox 904 3355 981 3433; x_wconf 85' lang='grc' dir='ltr'>ταῖς</span> <span class='ocrx_word' id='word_1_203' title='bbox 1013 3355 1061 3433; x_wconf 88' lang='grc' dir='ltr'>εἱς</span> <span class='ocrx_word' id='word_1_204' title='bbox 1089 3357 1196 3428; x_wconf 91' lang='grc' dir='ltr'>τοῦτο</span> <span class='ocrx_word' id='word_1_205' title='bbox 1227 3355 1437 3449; x_wconf 80' lang='grc' dir='ltr'>συμβαῖνον</span> 
     </span>
     <span class='ocr_line' id='line_1_26' title="bbox 234 3469 1063 3578; baseline 0.006 -31"><span class='ocrx_word' id='word_1_206' title='bbox 234 3469 382 3552; x_wconf 89' lang='grc' dir='ltr'>ἐννοίαις</span> <span class='ocrx_word' id='word_1_207' title='bbox 408 3470 598 3573; x_wconf 80' lang='grc' dir='ltr'>ἀναλόγως</span> <span class='ocrx_word' id='word_1_208' title='bbox 624 3478 699 3556; x_wconf 83' lang='grc' dir='ltr'>τοῖς</span> <span class='ocrx_word' id='word_1_209' title='bbox 726 3472 1063 3578; x_wconf 71' lang='grc' dir='ltr'>προεξητασμεῦοις.</span> 
     </span>
    </p>

    <p class='ocr_par' dir='ltr' id='par_1_10' title="bbox 233 3591 1491 4070">
     <span class='ocr_line' id='line_1_27' title="bbox 290 3591 1491 3702; baseline 0.003 -30"><span class='ocrx_word' id='word_1_210' title='bbox 290 3592 357 3672; x_wconf 85' lang='grc' dir='ltr'>Ἐν</span> <span class='ocrx_word' id='word_1_211' title='bbox 374 3591 554 3702; x_wconf 79' lang='grc' dir='ltr'>σαββάτῳ</span> <span class='ocrx_word' id='word_1_212' title='bbox 579 3593 643 3674; x_wconf 87' lang='grc' dir='ltr'>τὸν</span> <span class='ocrx_word' id='word_1_213' title='bbox 661 3597 851 3697; x_wconf 79' lang='grc' dir='ltr'>ἄνθρωπον</span> <span class='ocrx_word' id='word_1_214' title='bbox 871 3595 1000 3698; x_wconf 79' lang='grc' dir='ltr'>ὑγιάζει</span> <span class='ocrx_word' id='word_1_215' title='bbox 1022 3595 1194 3699; x_wconf 80' lang='grc' dir='ltr'>Χριστὸς,</span> <span class='ocrx_word' id='word_1_216' title='bbox 1214 3596 1436 3699; x_wconf 87' lang='grc' dir='ltr'>ὑγιασθέντα</span> <span class='ocrx_word' id='word_1_217' title='bbox 1452 3629 1491 3692; x_wconf 79' lang='lat'>²5</span> 
     </span>
     <span class='ocr_line' id='line_1_28' title="bbox 234 3712 1432 3823; baseline 0.005 -28"><span class='ocrx_word' id='word_1_218' title='bbox 234 3712 272 3795; x_wconf 86' lang='grc' dir='ltr'>δέ</span> <span class='ocrx_word' id='word_1_219' title='bbox 296 3721 528 3822; x_wconf 79' lang='grc' dir='ltr'>παραχρῆμα,</span> <span class='ocrx_word' id='word_1_220' title='bbox 546 3715 613 3816; x_wconf 74' lang='grc' dir='ltr'>τὴν</span> <span class='ocrx_word' id='word_1_221' title='bbox 635 3717 783 3818; x_wconf 84' lang='grc' dir='ltr'>νομικὴν</span> <span class='ocrx_word' id='word_1_222' title='bbox 806 3721 980 3801; x_wconf 86' lang='grc' dir='ltr'>ἐπιτάττει</span> <span class='ocrx_word' id='word_1_223' title='bbox 1004 3721 1203 3822; x_wconf 88' lang='grc' dir='ltr'>παραλύειν</span> <span class='ocrx_word' id='word_1_224' title='bbox 1221 3721 1432 3823; x_wconf 77' lang='grc' dir='ltr'>συνήθειαν,</span> 
     </span>
     <span class='ocr_line' id='line_1_29' title="bbox 233 3843 1436 3954; baseline 0.003 -34"><span class='ocrx_word' id='word_1_225' title='bbox 233 3846 435 3948; x_wconf 72' lang='grc' dir='ltr'>περιπατεῖν</span> <span class='ocrx_word' id='word_1_226' title='bbox 461 3844 664 3922; x_wconf 79' lang='grc' dir='ltr'>ἀναπείθων</span> <span class='ocrx_word' id='word_1_227' title='bbox 692 3845 730 3923; x_wconf 90' lang='grc' dir='ltr'>ἐν</span> <span class='ocrx_word' id='word_1_228' title='bbox 757 3843 949 3951; x_wconf 80' lang='grc' dir='ltr'>σαββάτῳ,</span> <span class='ocrx_word' id='word_1_229' title='bbox 975 3846 1033 3922; x_wconf 78' lang='grc' dir='ltr'>καὶ</span> <span class='ocrx_word' id='word_1_230' title='bbox 1060 3852 1166 3924; x_wconf 92' lang='grc' dir='ltr'>τοῦτο</span> <span class='ocrx_word' id='word_1_231' title='bbox 1194 3851 1246 3951; x_wconf 77' lang='grc' dir='ltr'>τῳ</span> <span class='ocrx_word' id='word_1_232' title='bbox 1272 3848 1436 3954; x_wconf 85' lang='grc' dir='ltr'>κλινιδίῳ</span> 
     </span>
     <span class='ocr_line' id='line_1_30' title="bbox 233 3964 1436 4070; baseline 0.009 -28"><span class='ocrx_word' id='word_1_233' title='bbox 233 3964 533 4069; x_wconf 86' lang='grc' dir='ltr'>πεφορτισμένον,</span> <span class='ocrx_word' id='word_1_234' title='bbox 554 3967 669 4046; x_wconf 90' lang='grc' dir='ltr'>καίτοι</span> <span class='ocrx_word' id='word_1_235' title='bbox 693 3968 885 4070; x_wconf 85' lang='grc' dir='ltr'>διαρῤήδην</span> <span class='ocrx_word' id='word_1_236' title='bbox 903 3974 1063 4061; x_wconf 86' lang='grc' dir='ltr'>βοῶντος</span> <span class='ocrx_word' id='word_1_237' title='bbox 1087 3976 1151 4047; x_wconf 93' lang='grc' dir='ltr'>τοῦ</span> <span class='ocrx_word' id='word_1_238' title='bbox 1170 3975 1267 4047; x_wconf 83' lang='grc' dir='ltr'>Θεοῦ</span> <span class='ocrx_word' id='word_1_239' title='bbox 1290 3968 1335 4048; x_wconf 87' lang='grc' dir='ltr'>δι’</span> <span class='ocrx_word' id='word_1_240' title='bbox 1354 3968 1436 4053; x_wconf 82' lang='grc' dir='ltr'>ἑνός</span> 
     </span>
    </p>

    <p class='ocr_par' dir='ltr' id='par_1_11' title="bbox 96 4078 1435 4198">
     <span class='ocr_line' id='line_1_31' title="bbox 173 4091 1435 4198; baseline 0.003 -30.77"><span class='ocrx_word' id='word_1_241' title='bbox 173 4181 179 4194; x_wconf 94' lang='lat'><strong><em>.</em></strong></span> <span class='ocrx_word' id='word_1_242' title='bbox 232 4121 304 4167; x_wconf 93' lang='grc' dir='ltr'>που</span> <span class='ocrx_word' id='word_1_243' title='bbox 329 4096 402 4168; x_wconf 80' lang='grc' dir='ltr'>τῶν</span> <span class='ocrx_word' id='word_1_244' title='bbox 424 4091 537 4191; x_wconf 84' lang='grc' dir='ltr'>ἁγίων</span> <span class='ocrx_word' id='word_1_245' title='bbox 559 4097 759 4198; x_wconf 84' lang='grc' dir='ltr'>προφητῶν</span> <span class='ocrx_word' id='word_1_246' title='bbox 778 4103 799 4138; x_wconf 86' lang='grc'><strong>“</strong></span> <span class='ocrx_word' id='word_1_247' title='bbox 816 4093 888 4170; x_wconf 77' lang='grc' dir='ltr'>Καὶ</span> <span class='ocrx_word' id='word_1_248' title='bbox 913 4093 977 4171; x_wconf 89' lang='grc' dir='ltr'>οὑκ</span> <span class='ocrx_word' id='word_1_249' title='bbox 1002 4091 1159 4197; x_wconf 82' lang='grc' dir='ltr'>ἐξοίσετε</span> <span class='ocrx_word' id='word_1_250' title='bbox 1184 4091 1435 4194; x_wconf 87' lang='grc' dir='ltr'>βαστάγματα</span> 
     </span>
    </p>
   </div>
   <div class='ocr_carea' id='block_1_8' title="bbox 236 4324 1435 4486">
    <p class='ocr_par' dir='ltr' id='par_1_12' title="bbox 236 4324 1434 4471">
     <span class='ocr_line' id='line_1_32' title="bbox 269 4324 1434 4398; baseline 0.003 -20"><span class='ocrx_word' id='word_1_251' title='bbox 269 4340 295 4394; x_wconf 99' lang='lat'><em>3</em></span> <span class='ocrx_word' id='word_1_252' title='bbox 314 4324 422 4379; x_wconf 73' lang='grc' dir='ltr'>ἑκὼνΒ.</span> <span class='ocrx_word' id='word_1_253' title='bbox 635 4343 661 4397; x_wconf 88' lang='lat'>5.</span> <span class='ocrx_word' id='word_1_254' title='bbox 681 4327 785 4397; x_wconf 82' lang='grc' dir='ltr'>ἐρημίαν</span> <span class='ocrx_word' id='word_1_255' title='bbox 798 4327 909 4398; x_wconf 75' lang='grc' dir='ltr'>ἐθρήνει]</span> <span class='ocrx_word' id='word_1_256' title='bbox 922 4349 1063 4398; x_wconf 79' lang='grc' dir='ltr'>μαρτύριον</span> <span class='ocrx_word' id='word_1_257' title='bbox 1075 4349 1117 4380; x_wconf 88' lang='grc' dir='ltr'>και</span> <span class='ocrx_word' id='word_1_258' title='bbox 1131 4349 1236 4395; x_wconf 85' lang='grc' dir='ltr'>ερημιον</span> <span class='ocrx_word' id='word_1_259' title='bbox 1248 4326 1434 4396; x_wconf 82' lang='grc' dir='ltr'>εμαρτυρειΒ</span> 
     </span>
     <span class='ocr_line' id='line_1_33' title="bbox 236 4395 1435 4486; baseline 0.004 -39"><span class='ocrx_word' id='word_1_260' title='bbox 236 4412 278 4448; x_wconf 84' lang='lat' dir='ltr'>n.</span> <span class='ocrx_word' id='word_1_261' title='bbox 296 4395 830 4486; x_wconf 76' lang='grc' dir='ltr'>ἐπίτογμα]άξίωμσκαὶτῦέπίταγραΒ</span> <span class='ocrx_word' id='word_1_262' title='bbox 915 4415 956 4453; x_wconf 81' lang='lat'>12.</span> <span class='ocrx_word' id='word_1_263' title='bbox 974 4398 1082 4469; x_wconf 87' lang='grc' dir='ltr'>εχονΙ).</span> <span class='ocrx_word' id='word_1_264' title='bbox 1095 4397 1226 4469; x_wconf 76' lang='grc' dir='ltr'>ἔχεινΕά.</span> <span class='ocrx_word' id='word_1_265' title='bbox 1313 4413 1354 4469; x_wconf 81' lang='lat'>17.</span> <span class='ocrx_word' id='word_1_266' title='bbox 1376 4401 1435 4452; x_wconf 83' lang='grc' dir='ltr'>κλι·</span> 
     </span>
    </p>
   </div>
   <div class='ocr_carea' id='block_1_9' title="bbox 231 4465 1435 4607">
    <p class='ocr_par' dir='ltr' id='par_1_13' title="bbox 231 4465 1435 4607">
     <span class='ocr_line' id='line_1_34' title="bbox 232 4465 1435 4543; baseline 0.006 -25"><span class='ocrx_word' id='word_1_267' title='bbox 232 4465 354 4533; x_wconf 47' lang='lat' dir='ltr'>&amp;unns</span> <span class='ocrx_word' id='word_1_268' title='bbox 356 4467 391 4527; x_wconf 75' lang='lat' dir='ltr'>ic)</span> <span class='ocrx_word' id='word_1_269' title='bbox 408 4467 438 4520; x_wconf 86' lang='lat' dir='ltr'>B</span> <span class='ocrx_word' id='word_1_270' title='bbox 548 4486 588 4539; x_wconf 86' lang='lat'>19</span> <span class='ocrx_word' id='word_1_271' title='bbox 607 4469 722 4543; x_wconf 75' lang='grc' dir='ltr'>αῦτῳΒ.</span> <span class='ocrx_word' id='word_1_272' title='bbox 833 4486 876 4524; x_wconf 82' lang='lat'>21</span> <span class='ocrx_word' id='word_1_273' title='bbox 895 4475 946 4524; x_wconf 72' lang='grc' dir='ltr'>τῶν</span> <span class='ocrx_word' id='word_1_274' title='bbox 957 4487 1012 4524; x_wconf 87' lang='lat' dir='ltr'>om.</span> <span class='ocrx_word' id='word_1_275' title='bbox 1025 4468 1057 4524; x_wconf 89' lang='grc' dir='ltr'>Β.</span> <span class='ocrx_word' id='word_1_276' title='bbox 1174 4485 1216 4540; x_wconf 82' lang='lat'>29.</span> <span class='ocrx_word' id='word_1_277' title='bbox 1235 4468 1384 4541; x_wconf 74' lang='grc' dir='ltr'>ἁγίωνοω.</span> <span class='ocrx_word' id='word_1_278' title='bbox 1399 4470 1435 4527; x_wconf 87' lang='grc' dir='ltr'>Β.</span> 
     </span>
     <span class='ocr_line' id='line_1_35' title="bbox 231 4537 420 4607; baseline 0.022 -5"><span class='ocrx_word' id='word_1_279' title='bbox 231 4537 420 4607; x_wconf 70' lang='grc' dir='ltr'>βόστντναΒ</span> 
     </span>
    </p>
   </div>
   <div class='ocr_carea' id='block_1_10' title="bbox 0 0 1524 5018">
    <p class='ocr_par' dir='ltr' id='par_1_14' title="bbox 0 0 1524 5018">
     <span class='ocr_line' id='line_1_36' title="bbox 0 0 1524 5018; baseline 0 1"><span class='ocrx_word' id='word_1_280' title='bbox 0 0 1524 5018; x_wconf 95' lang='lat' dir='ltr'> </span> 
     </span>
    </p>
   </div>
  </div>
 </body>
</html>
