3038 5018
116 274 160 341 iii.
176 281 292 364 25,26.
330 281 386 345 IN
417 282 451 347 S.
475 279 728 345 JOANNEM.
775 278 870 345 LIB.
893 280 941 348 11.
985 281 1140 346 CARI.
1253 281 1318 345 233

115 444 277 548 Χριστὸς
296 444 354 525 διὰ
370 452 444 527 τῶν
462 447 588 526 ἑαυτοῦ
605 450 788 545 μαθητῶν·
820 447 949 545 ὁμοίως
972 444 1010 525 δὲ
1035 455 1095 526 καὶ
1116 447 1135 524 ὁ
1154 445 1312 540 Ἰωάννης,

114 570 173 646 καί
197 568 240 648 οιί
263 565 408 654 πάντως
435 568 494 649 διὰ
518 568 635 674 χειρὸς
659 568 797 672 ἑτέρων,
816 570 901 647 ἀλλ’
922 568 1002 649 οὐδὲ
1027 572 1065 649 ἐν
1083 569 1205 652 αῦταῖς
1229 569 1315 647 ε’κεί-

115 724 191 774 ναις
218 692 390 802 ἐβάπτιζε
416 700 493 777 ταῖς
520 699 664 794 πηγαῖς,
686 693 724 771 ἐν
746 690 802 775 αἰς
829 698 934 772 τοῦτο
960 691 1129 796 πράττων
1149 693 1315 797 ἐφαίνετο

114 813 288 917 Χριστὸς,
306 814 407 896 ἀλλὰ
424 817 586 916 πλησίον
604 818 660 896 τοῦ
678 817 818 921 Σαλίνμ,
838 813 934 896 καθά
955 816 1167 919 γέγραπται,
1186 817 1244 895 καί
1265 821 1314 900 εἰς

78 938 199 1037 ὄμίαν
222 944 296 1019 τῶν
319 938 440 1047 κύκλῳ
469 944 526 1018 καί
554 940 699 1040 γείτονα
724 937 858 1041 πηγήν.
898 942 956 1018 καί
982 941 1024 1019 δι’
1045 940 1154 1018 αῦτοῦ
1179 936 1315 1041 τρόπον

113 1058 193 1140 τινιί
210 1069 275 1141 τοῦ
293 1063 481 1166 διωρίσθαι
501 1066 594 1169 φημὶ
612 1061 677 1145 τὰς
701 1069 774 1142 τῶν
792 1062 931 1142 ὑδάτων
948 1062 1078 1165 πηγὰς,
1097 1059 1164 1162 τὴν
1182 1066 1239 1143 ε’πί
1262 1067 1314 1169 τῷ

112 1184 341 1282 βαπτίσματι
371 1185 538 1265 δεικνύων
567 1183 755 1290 διαφοράν,
783 1192 842 1264 καί
874 1186 1161 1286 κατασημαίνων,
1191 1189 1240 1270 ῶς
1270 1186 1345 1264 διό
1372 1200 1484 1258 157Δ.

114 1309 331 1409 αἰνίγματος,
349 1312 398 1393 ῶς
421 1307 551 1388 ταύτὸν
573 1308 638 1407 μὲν
660 1309 724 1387 οῦκ
750 1309 828 1387 ε”στι
854 1313 905 1415 τῷ
931 1307 1031 1412 παρὰ
1057 1316 1121 1388 τοῦ
1147 1313 1315 1413 Σωτῆρος

112 1430 214 1528 ἡμῶν
233 1436 399 1536 Χριστοῦ
423 1431 465 1512 τὸ
490 1433 533 1512 δι’
554 1433 674 1512 αι’ποῦ·
704 1433 866 1532 πλησίον
885 1434 919 1512 δ’
939 1433 1003 1511 οὖν
1025 1430 1131 1531 ὅμως,
1151 1436 1209 1512 καί
1233 1435 1315 1536 περί

61 1587 102 1630 10
113 1551 211 1651 αὐτὸ,
229 1554 495 1659 προμελέτησίν
513 1590 591 1636 τινα
611 1559 668 1635 καί
687 1554 894 1659 εἰσαγωγὴν
912 1554 1081 1662 εἰσφέρον
1099 1565 1163 1636 τοῦ
1181 1568 1313 1635 τελειο-

112 1675 227 1778 τέρου.
264 1677 389 1781 ῶσπερ
410 1679 473 1759 οῦν
490 1682 549 1759 καί
574 1681 594 1759 ὁ
619 1677 726 1777 νόμος
752 1680 772 1758 ὁ
799 1677 862 1765 διὰ,
878 1680 1076 1778 Μωυσέως,
1095 1678 1205 1759 σκιὰν
1223 1679 1315 1785 ἔχειν

113 1800 258 1902 λέγεται
277 1807 383 1883 “τῶν
400 1801 611 1900 μελλόντων
629 1803 786 1903 ἀγαθῶν,
806 1804 868 1882 οῦκ
891 1801 1003 1902 αι’νιὴν
1020 1802 1086 1903 τὴν
1103 1802 1220 1883 εἰκόνα
1242 1810 1315 1883 τῶν
1360 1808 1428 1921 {³0¹2
1442 1824 1467 1859 ¹·

113 1933 136 1970 ‘⁴
153 1924 411 2027 πραγμάτων·”
433 1925 711 2028 ,προγύμνασμα
730 1925 801 2028 γάρ
821 1960 855 2005 τι
874 1929 932 2006 καὶ
955 1924 1226 2030 προκατήχησις
1251 1931 1314 2026 τῆς
1379 1911 1385 1924 ’

112 2049 151 2128 ἐν
187 2050 361 2145 πνεύματι
397 2050 564 2153 λατρείας
603 2047 646 2128 τὸ
688 2048 840 2152 γράμμα
877 2051 955 2129 ε’στί
993 2048 1034 2127 τὸ
1072 2049 1310 2147 Μωυσαῖκὸν,

61 2192 100 2252 15
113 2172 353 2275 κεκρυμμένην
371 2173 507 2253 ἔσωθεν
526 2175 653 2253 ῶδίνον
669 2172 735 2272 τὴν
756 2171 942 2273 ἀλήθειαν·
972 2173 1065 2252 οὕτω
1089 2170 1229 2270 νοήσεις
1253 2176 1312 2252 καί

112 2293 156 2373 τὸ
173 2294 430 2396 εἰςμετάνοιαν
447 2293 651 2395 βάπτισμα.
1325 2276 1346 2340 b

108 2612 263 2687 Ἐτὲνετο
294 2611 350 2680 οὖν
374 2616 502 2706 ζιίτιιοιι
528 2617 565 2680 ὲκ
592 2616 658 2681 τῶν
685 2616 841 2691 μαθιιτῶν
860 2616 1016 2681 Ἰωάννου
1047 2614 1128 2690 μετὰ
1150 2612 1311 2679 Ἰουδαίου
1327 2637 1365 2696 ²5

163 2740 238 2827 περὶ
270 2745 478 2830 καθαρισμοῦ·
521 2738 570 2806 καί
607 2737 707 2807 ιίλθον
739 2743 821 2831 πρὸα
857 2740 912 2807 τὸν
940 2742 1099 2806 Ἰωάννιιν
1131 2740 1184 2805 καί
1219 2732 1311 2803 εἰιιον
1328 2748 1364 2804 26

165 2865 263 2951 αὐτῷ.

61 3085 102 3127 20
171 3061 403 3146 Ἀτονοῦντες
429 3065 593 3143 Ἰουδαῖοι
626 3072 699 3148 τοῖς
730 3062 823 3143 κατὰ
852 3059 915 3141 τὸν
944 3060 1054 3161 νόμον
1080 3061 1313 3162 περιρραντη-

113 3183 202 3288 ρίοις
237 3186 494 3285 συνίστασθαι,
528 3189 587 3266 καί
619 3185 871 3290 συναγορεύειν
904 3186 968 3264 οὐκ
1000 3184 1141 3289 ἔχοντες
1171 3188 1223 3291 τῷ
1255 3182 1315 3262 διὰ

114 3310 256 3388 σποδοῦ
284 3306 471 3406 δαμάλεως
499 3315 722 3416 καθαρισμῷ,
747 3307 985 3416 ἐξυφαίνουσί
1009 3342 1044 3388 τι
1071 3313 1146 3389 τοίς
1169 3305 1315 3387 Ἰωάννου
1359 3333 1481 3396 ιιιιωη.

114 3430 292 3538 μαθηταῖς,
322 3432 366 3511 δι’
401 3432 512 3534 οῦπερ
543 3432 701 3535 ἐνόμιζον
733 3435 775 3512 ού
803 3433 954 3536 μετρίως
985 3431 1146 3511 ἀνιάσειν
1176 3429 1315 3528 αὐτοῦς,

72 3588 75 3592 “
113 3555 228 3634 καίτοι
260 3556 319 3634 καί
351 3555 435 3636 λίαν
468 3556 615 3654 ἑτοίμως
647 3558 686 3635 ε’ν
714 3562 788 3639 τοῖς
818 3557 902 3635 καθ’
931 3553 1074 3638 ἑαυτούς
1104 3555 1343 3654 ἡττῶμενοι.ο

61 3699 100 3759 25
113 3677 234 3778 ἐπειδὴ
253 3677 324 3783 γὰρ
343 3683 376 3758 οἰ
394 3685 446 3786 τῶ
467 3679 630 3787 μακαρίῳ
655 3679 954 3783 προσεδρεύοντες
978 3685 1176 3784 βαπτιστῇ,
1195 3680 1312 3779 κρείτ·

113 3835 197 3885 τους
215 3802 282 3904 ἤδη
301 3802 360 3881 καί
378 3803 611 3904 συνετώτεροι
628 3808 702 3881 τῶν
716 3802 926 3906 Φαρισαίων
944 3803 1143 3906 ἐφαίνοντο,
1157 3801 1198 3880 τὸ
1216 3800 1315 3903 παρὰ

112 3929 166 4032 τῶ
183 3923 297 4033 οἰκείῳ
315 3922 526 4032 διδασκάλῳ
552 3925 787 4028 θαυμάζοντες
810 3925 1013 4023 βάπτισμα,
1033 3926 1091 4003 καί
1115 3922 1199 4007 τοὺς
1224 3921 1316 4002 κατὰ

113 4047 226 4146 νόμον
243 4046 561 4151 καταγωνιζόμενοι
586 4047 846 4151 καθαρισμούς·
877 4052 1127 4154 δυσφοροῦσιν
1145 4050 1203 4126 ε’πί
1226 4047 1312 4126 τού-

153 4312 177 4350 ι.
195 4296 210 4349 ό
223 4303 392 4367 assumptum
405 4313 437 4350 ex
451 4295 484 4351 B.
637 4296 665 4351 6.
683 4297 729 4354 τὰς
740 4300 792 4352 τῶν
803 4296 903 4352 ὑδάτων
914 4296 998 4367 πηγὸς
1011 4294 1044 4349 Β.
1056 4297 1113 4351 ταῖς
1123 4300 1175 4349 τῶν
1184 4292 1315 4351 Ἰουδαίων

112 4367 209 4436 πηγαῖς
220 4364 272 4420 Ed.
368 4384 394 4437 9.
414 4365 446 4420 δι’
459 4366 551 4439 αὐτοῦ]
564 4367 662 4440 διαυγί
675 4368 708 4432 Β,
756 4367 964 4436 πιρίαῦτῶν(Ε
982 4367 1070 4434 αῦτδν)
1084 4366 1117 4419 Β.
1218 4383 1260 4421 10.
1279 4368 1315 4421 εἰ·

100 4435 218 4507 ,σφίρον
231 4435 268 4491 Ι).
280 4436 412 4508 εἰσφέρων
425 4436 476 4492 Ed.
646 4451 689 4508 17.
704 4436 829 4497 Ἰουδαίου
842 4438 877 4494 D.
890 4438 925 4493 cs.
939 4437 1007 4492 infra
1023 4451 1072 4508 175
1085 4435 1112 4493 d.
1122 4435 1252 4493 Ἰουδαίων
1264 4437 1334 4493 Ed

115 4523 159 4573 ιη.
179 4507 221 4560 καὶ
233 4517 403 4579 assumptum
415 4525 448 4562 ex
462 4508 496 4566 Β.
697 4512 701 4523 “

158 4607 229 4655 νου.
246 4608 271 4655 ι.
286 4610 289 4615 ’
686 4611 708 4654 ιι
724 4590 745 4654 h
