3038 5018
241 289 307 353 330
546 295 584 358 B.
608 294 815 359 CYRILLI
846 293 1134 358 ALEXANDR.
1344 304 1441 351 παι.

242 459 339 535 τουτὶ
364 460 648 562 σκανδαλίζεσθε
673 466 792 559 σῶμα,
811 463 1005 560 ἀναγκαῖον
1025 461 1113 556 ὑμᾶς
1139 458 1313 552 ἐκμαθεῖν,
1332 454 1379 534 ὡς
1401 451 1445 528 οὐ

243 576 346 682 μέχρι
364 581 500 662 τούτων
518 581 564 662 τά
583 587 646 681 τῆς
664 585 750 681 ε’μῆς
775 583 942 690 ἐξουσίας
967 618 1004 662 τε
1031 585 1089 661 καὶ
1108 579 1235 685 ἰσχιίος
1252 576 1443 675 στήσεται·

244 703 404 810 μειζίιων
426 703 498 809 γὰρ
523 707 653 787 ἔσεσθε
678 705 905 812 παραδόξων,
925 704 993 785 κάν
1015 705 1065 804 μὴ
1088 706 1285 803 βούλησθε,
1308 700 1446 799 θεωροί,

244 827 309 922 τῆς
346 834 419 906 τῶν
450 836 582 932 νεκρῶν
614 829 850 914 ἀναστάσεως
887 828 1036 928 δηλαδὴ,
1068 830 1126 906 καί
1162 826 1242 905 τότε
1278 821 1446 924 μειζόνως

246 951 586 1053 καταπλαγήσεσθε,
619 952 685 1052 τὴν
718 962 770 1060 τῷ
804 958 886 1059 θεῷ
923 952 1134 1054 πρέπουσαν
1166 948 1274 1053 ἰσχύν
1311 980 1349 1025 τε
1386 944 1478 1024 καί5

246 1069 359 1177 δόξαν
385 1077 423 1154 ἐν
450 1079 526 1175 ἐμοὶ
561 1076 720 1177 κειμένην
749 1078 910 1179 ὁρῶντες,
939 1074 981 1154 δν
1009 1075 1217 1181 δυσφημίας
1246 1067 1447 1217 ἐγκλήματι

245 1196 482 1300 περιβάλλετε
508 1208 580 1297 νῦν,
600 1206 657 1281 καὶ
683 1199 819 1279 διώκειν
844 1201 908 1280 οὐκ
933 1197 1162 1304 αἰσχύνεσθε,
1186 1200 1245 1275 δια
1268 1229 1309 1275 το
1334 1226 1447 1293 μονον

81 1311 153 1441 ξῐξη
163 1328 189 1363 ¹·
218 1325 363 1418 εείπεῖν,
382 1321 438 1402 ὅτι
456 1334 477 1371 “
489 1323 577 1408 Υἱὸς
596 1328 691 1403 Θεοῦ
709 1322 810 1421 εἰμι.”

304 1445 466 1525 Δεικνύει
493 1444 531 1527 δέ
559 1446 656 1530 ὅπως
684 1448 703 1525 6
732 1444 826 1531 Θεὸς
854 1447 912 1525 καί
939 1443 1069 1548 Πατὴρ
1096 1442 1143 1525 τὰ
1170 1444 1258 1545 ἔργα
1285 1446 1336 1548 τῷ
1357 1444 1449 1547 Υῖῶ,

81 1560 164 1624 Supra

84 1638 129 1674 m
143 1641 165 1676 ο,
247 1568 494 1670 προλαβόντες
512 1569 580 1669 ἤδη
599 1568 658 1647 διὰ
674 1576 826 1650 πολλῶν
845 1567 1045 1673 εἰρήκαμεν.
1467 1594 1505 1634 10

200 1796 375 1888 21Ὠοτιερ
403 1801 463 1889 τὰρ
490 1802 508 1868 ὀ
531 1802 645 1891 Πατιίρ
672 1802 788 1891 ἐτείρει
815 1805 890 1868 τοὺς
919 1804 1052 1893 νεκροὺς
1078 1803 1131 1867 καί
1155 1794 1316 1890 ζωοποιεῖ,
1340 1800 1449 1862 οὕτως

556 1927 608 1992 καί
635 1929 653 1994 ὁ
679 1926 756 1995 Υἰόο
783 1930 839 1993 οὓς
867 1931 953 1995 θέλει
980 1924 1141 2018 ζωοποιεῖ.

305 2090 383 2169 Θέα
411 2089 454 2190 δὴ
482 2090 595 2171 πάλιν
618 2094 656 2171 ἐν
680 2091 818 2178 τούτοις
846 2097 952 2196 σαφῆ
980 2096 1044 2192 τῆς
1072 2087 1237 2191 ἰσότητος
1262 2088 1327 2187 τὴν
1351 2085 1446 2167 ἀπό-

250 2213 368 2320 δειξιν.
409 2216 428 2293 ὁ
451 2214 523 2316 γὰρ
545 2215 634 2300 ίσως
652 2216 794 2319 ἐνεργὸς
812 2219 893 2318 περὶ
912 2215 977 2314 τὴν
995 2223 1068 2296 τῶν
1087 2222 1219 2318 νεκρῶν
1237 2213 1449 2308 ἀναβίωσιν,

82 2365 195 2423 ΜΔ,
220 2343 326 2420 ιπῶς
351 2337 395 2416 διν
420 2337 496 2441 ἔχοι
520 2338 613 2417 κατά
638 2373 673 2418 τι
700 2338 743 2418 τδ
771 2337 950 2437 ἐλαττον;
980 2339 1003 2440 ἢ
1027 2346 1105 2423 πῶς
1130 2340 1174 2418 ἂν
1193 2338 1244 2438 εἰη
1268 2335 1360 2441 πρδς
1384 2334 1449 2416 τδν
1467 2370 1503 2429 15

252 2461 398 2563 Πατέρα
431 2460 561 2540 λοιπὸν
594 2463 785 2570 ἑτεροφυής
815 2498 853 2543 τε
884 2466 943 2542 καί
976 2463 1132 2567 ἐκφυλος
1168 2466 1187 2542 6
1220 2470 1292 2545 τοῖς
1330 2461 1450 2543 αὐτοῖς

251 2582 466 2680 διαλάμπων
493 2585 705 2684 ἰδιῶμασιν;
747 2586 835 2665 ἴδιον
863 2585 901 2665 δὲ
931 2591 994 2685 τῆς
1024 2588 1118 2670 θείας
1148 2587 1283 2682 οὐσίας,
1310 2582 1353 2664 τὸ
1382 2583 1446 2663 δύ-

252 2712 385 2785 νασθαι
409 2707 604 2811 ζωογονεῖν,
623 2708 711 2812 ὅπερ
735 2712 835 2790 ἐστὶν
860 2711 987 2806 ὁμοίως
1012 2713 1050 2789 ε’ν
1069 2714 1187 2813 Πατρί
1214 2712 1271 2788 καί
1299 2710 1336 2788 ἐν
1354 2712 1447 2813 Υῖῷ.

252 2829 419 2933 ζωογονεῖ
434 2829 472 2910 δέ
489 2829 603 2913 πάλιν
621 2834 684 2911 οὐκ
704 2834 799 2919 ἰδίως
816 2833 881 2930 μέν
898 2830 1011 2914 πάλιν
1029 2833 1126 2918 τινάς
1145 2837 1203 2913 καί
1223 2834 1304 2913 καθ’
1323 2831 1452 2912 ἑαυτὸν

253 2957 274 3034 6
293 2953 432 3055 Πατὴρ,
452 2956 548 3040 ἰδίως
566 2957 609 3036 δέ
622 2990 721 3039 τινας
739 2959 798 3035 καί
814 2955 1085 3060 κεχωρισμένως
1103 2959 1123 3036 ὁ
1142 2955 1239 3039 Υἱός·
1268 2957 1360 3060 ἔχων
1376 2954 1452 3059 γὰρ
1468 2995 1508 3035 ιο

242 3079 291 3155 ἐν
317 3080 431 3185 ἑαυτῷ
464 3085 628 3182 φυσικῶς
660 3076 725 3158 τὸν
755 3079 912 3181 Πατέρα,
940 3078 987 3159 τά
1020 3078 1138 3160 πάντα
1170 3078 1362 3181 ἐργάζεται,
1392 3084 1453 3159 καί

251 3202 388 3302 ἐνεργεῖ
407 3202 453 3280 τά
480 3201 599 3282 πάντα
627 3204 670 3281 δι’
693 3206 784 3282 Υίοῦ
812 3203 832 3281 6
859 3202 998 3305 Πατήρ.
1040 3204 1125 3281 ἀλλ’
1145 3203 1287 3305 ἐπείπερ
1312 3201 1383 3307 ἔχει
1410 3201 1453 3283 τδ

254 3322 431 3402 δύνασθαι
454 3324 638 3426 ζωογονεῖν
656 3326 677 3402 6
697 3325 828 3427 Πατὴρ
845 3328 946 3429 ἐντῇ
971 3327 1042 3432 ἰδίᾳ
1066 3325 1186 3432 φύσει,
1205 3325 1365 3429 καθάπερ
1388 3326 1454 3407 οὖν

221 3448 314 3525 bna}
341 3445 457 3544 αι’ττδς,
486 3450 533 3530 ὡς
561 3450 619 3526 καὶ
646 3447 743 3530 ἰδίως
770 3447 922 3556 ἐκατέρῳ
950 3447 1093 3551 προσδν
1120 3448 1288 3547 ἀπονέμει
1314 3448 1357 3529 τὸ
1385 3449 1450 3530 διί-

243 3576 388 3649 Ινυισθαι
415 3567 600 3671 ζωογονεῖν
627 3569 709 3654 τοιίς
737 3571 891 3675 νεκρούς.
1472 3610 1513 3670 ²5

291 3813 317 3867 3.
338 3795 384 3849 κᾶν
401 3793 482 3848 habet
500 3792 582 3848 Cord.
601 3794 677 3865 cujus
695 3795 755 3849 loco
773 3795 796 3849 εἰ
813 3797 854 3850 καὶ
872 3796 926 3850 a.b.
1031 3796 1199 3866 βουλήσεσθε
1219 3797 1252 3853 Β.
1270 3797 1361 3852 invitis
1380 3797 1456 3854 Catt.

259 3883 300 3936 13.
318 3868 363 3934 τῆς
375 3865 495 3933 ἰσότητος
506 3864 552 3933 τὴν
564 3863 615 3918 hoc
626 3863 720 3919 ordine
733 3864 791 3920 Βιι.
803 3867 849 3934 τὴν
861 3868 905 3934 τῆς
917 3868 1037 3936 ἰσότητος
1050 3869 1100 3922 Ed.
1246 3886 1287 3935 14.
1306 3867 1419 3937 ἐνεργῶν
1430 3887 1457 3924 a.

254 3936 314 3992 ἶσος
326 3937 353 3989 ἐν
364 3936 450 4005 ἔργοις
461 3935 502 3987 καί
515 3933 642 3989 mendose
654 3934 736 3989 Cord.
828 3936 869 3991 16.
887 3939 1030 4008 ἐτεροφυὴς
1042 3938 1140 3992 habent
1152 3939 1205 3992 a.b.
1218 3940 1259 3992 ε’τε
1330 3941 1377 3994 λος
1388 3939 1457 4062 χείε)

258 4005 444 4070 cordatum}
455 4005 569 4075 ἔιφυλος
581 4005 765 4060 omittentibus
776 4005 844 4060 Cat&
885 4007 980 4063 Statim
992 4031 1019 4063 τε
1033 4017 1202 4078 assumptum
1214 4027 1246 4061 ex
1284 4048 1290 4062 .
1371 4009 1459 4064 ι.ε’ν

257 4077 302 4130 alt.
316 4084 484 4145 assumptum
496 4093 529 4129 ex
543 4075 575 4128 B.
614 4074 696 4130 Deest
707 4076 734 4130 in
748 4075 865 4132 Catenis.
994 4096 1035 4150 19.
1055 4080 1203 4149 Assumpta
1214 4081 1293 4133 πόλιν
1304 4079 1351 4133 alt.
1364 4095 1398 4132 ex
1413 4078 1458 4144 B„

258 4147 299 4199 καὶ
311 4164 341 4199 ex
358 4145 414 4198 B.a.
522 4161 564 4201 το.
584 4147 624 4199 καί
637 4145 707 4202 ἰδίως
718 4164 767 4216 pro
779 4147 889 4203 ἰδίωςδέ
913 4166 937 4201 ει.
994 4151 1035 4203 καί
1048 4160 1217 4220 assumptum
1230 4168 1262 4204 ex
1275 4168 1299 4204 a.
1312 4171 1458 4220 καιχωρισ-

256 4217 338 4283 μένος
351 4216 412 4284 (sic)
428 4216 459 4268 B.
553 4232 596 4270 τι.
614 4216 645 4270 τὰ
658 4216 784 4270 πάνταδι·
797 4219 860 4271 Υίοῡ
872 4217 923 4272 hoc
935 4218 1028 4274 ordine
1040 4237 1065 4274 a.
