3038 5018
538 1249 777 1325 KE<1>AAH
819 1251 863 1325 Ε.

109 1539 183 1606 Ὀτι
205 1542 279 1607 κατδ
299 1542 394 1624 φύσιν
415 1541 590 1626 δημιουργὸς
612 1545 629 1607 ὁ
650 1546 723 1610 ’Υἱὸς
743 1546 818 1624 μετὰ
841 1542 969 1624 Ποτρδς,
992 1544 1031 1611 ὡς
1053 1545 1086 1608 ἔκ
1103 1547 1159 1627 Ιτῆς
1181 1522 1282 1612 ούοίας

186 1669 329 1754 ύπάρχων
344 1670 445 1749 αιἰτοΰ,
461 1672 510 1736 καὶ
528 1671 585 1755 οὐχ
605 1673 706 1754 ὥσπερ
726 1670 874 1753 ὑπουργὸς
892 1674 1211 1754 παραλαμβανόμενος.

131 1913 244 1980 Πάντα
272 1912 308 1979 δι’
337 1913 436 1980 αὐτοῦ
464 1914 605 1995 ὲτένετο,
633 1913 686 1978 καί
713 1913 812 2002 χωρίο
839 1914 938 1979 αὐτοῦ
966 1914 1094 1986 ἒτὲνετο
1121 1914 1197 1979 οὐδὲ
1223 1917 1268 1979 ἓν.
1314 1928 1332 1983 3

69 2155 87 2216 5
154 2138 225 2213 ΤΑ
247 2133 467 2215 πολύπλοκα
494 2139 567 2215 τῶν
591 2136 748 2214 ἀνοσίων
771 2139 954 2237 αίρετικῶν
978 2136 1186 2242 ἀνατρέψας
1209 2171 1300 2240 προ-

97 2256 282 2357 βλήματα,
301 2260 359 2337 καὶ
379 2256 513 2338 λεπτὸν
531 2258 616 2358 ἡμῖν
634 2261 692 2339 καὶ
710 2258 977 2362 ἀκριβέστατον
993 2263 1073 2363 περὶ
1092 2267 1156 2339 τοῦ
1176 2264 1334 2349 Mam-d

97 2387 223 2482 γενοῦς
249 2379 430 2487 ε’ξυφήνας
457 2381 521 2461 τὸν
545 2380 659 2484 λόγον
683 2382 704 2460 ὁ
730 2380 904 2486 μακάριος
931 2380 1217 2484 Εύαγγελιοτὴς,
1241 2385 1296 2490 ἐφ’

97 2502 219 2607 ἑτέραν
250 2502 390 2608 έρχεται
426 2514 490 2585 τοῦ
528 2504 702 2600 διαβόλου
738 2507 876 2608 παγίδα
912 2505 1222 2614 συμπεπηγρέυην
1258 2506 1303 2612 ἐξ

95 2625 247 2731 ἀρχαίας
271 2626 421 2726 ἀπάτης,
440 2631 499 2707 καὶ
525 2632 587 2728 τῆς
613 2626 792 2709 πολυθέου
814 2628 958 2729 πλάνης
981 2627 1023 2709 τὸ
1049 2630 1193 2733 κέντρον
1215 2631 1300 2730 ἡμῖν

46 2770 84 2823 ιο
96 2751 364 2848 ἀνατείνουσαν,
382 2749 406 2851 ἢ
428 2761 451 2798 “
463 2750 627 2834 πολλοὺς
650 2750 715 2848 μέν
733 2752 911 2855 τρώσασα
931 2754 1211 2855 καταβέβληκε,”
1231 2752 1299 2854 τὴν
1343 2773 1465 2888 Ρέονινῑί.

95 2871 134 2952 δὲ
161 2877 225 2973 τῆς
252 2875 432 2958 ἀπωλείας
456 2872 541 2954 ὁδὸν
565 2877 777 2978 ἀνευροῦσα,
801 2879 861 2954 καὶ
886 2874 953 2977 τὴν
975 2874 1152 2956 πλατεῖοίν
1175 2881 1298 2957 τεκαὶ
1345 2853 1383 2888 π’

95 2995 297 3101 εὐρύχωρον
314 2996 548 3079 ἐκπετάσασα
566 3007 630 3078 τοῦ
649 2998 804 3079 θανάτου
822 2999 953 3097 πύλην,
967 2998 1147 3101 ἀγεληδὸν
1164 2998 1231 3100 μέν
1248 3005 1297 3084 είς

95 3116 185 3226 ᾇδου
212 3119 276 3204 τάς
302 3127 376 3201 τῶν
398 3121 597 3225 ἀνθρώπων
620 3121 873 3225 συνεσιίρευσε
900 3121 1035 3228 ψυχὰς,
1053 3123 1237 3203 πλουσίαν
1257 3121 1296 3204 δέ

95 3241 219 3348 ὥσπερ
247 3251 300 3352 τῷ
327 3242 489 3353 διαβόλῳ
515 3246 696 3348 παρετίθει
723 3245 873 3350 τροφὴν,
903 3248 961 3324 καὶ
989 3256 1011 3292 “
1026 3244 1071 3325 τὰ
1099 3247 1293 3351 βρώματα”
1307 3283 1325 3327 e
1339 3245 1407 3362 Ῑῇξί)
1422 3246 1439 3296 ³·

45 3382 82 3449 ¹5
95 3366 191 3475 αύτῷ
218 3371 407 3471 προσῆγεν
434 3379 457 3417 “
475 3365 659 3448 έκλεκτά.”
707 3368 826 3468 ἐπειδὴ
854 3367 927 3473 γὰρ
953 3368 1146 3470 Ἑλλήνων
1172 3376 1296 3457 παῖδες

95 3496 139 3596 τῇ
175 3498 240 3571 τοῦ
277 3488 417 3590 κόσμου
453 3493 570 3599 σοφίᾳ
601 3489 861 3595 προσκείμενοι,
893 3496 952 3572 καὶ
983 3492 1026 3573 τὸ
1056 3504 1196 3594 πνεῦμα
1232 3504 1296 3576 τοῦ

94 3614 269 3718 ἄρχοντος
293 3624 357 3695 τοῦ
381 3621 507 3699 αἰῶνος
531 3614 659 3697 τούτου
684 3618 871 3701 πλουσίως
896 3617 1036 3723 ἔχοντες
1060 3625 1108 3702 εἰς
1135 3628 1228 3715 νοῦν,
1247 3625 1295 3703 είς

92 3736 273 3818 πολύθεον
304 3738 542 3843 κατεφέροντο
579 3738 733 3839 πλάνην,
767 3743 824 3821 καὶ
856 3739 899 3820 τὸ
932 3737 997 3839 μέν
1030 3746 1092 3840 τῆς
1125 3742 1295 3840 ἀληθείας

93 3861 233 3945 κάλλος
251 3862 534 3969 ἀπεστρέφοντο,
557 3871 630 3948 τοῖς
649 3861 686 3944 δέ
706 3867 743 3943 ἐν
762 3864 874 3969 ἀχλύί
889 3867 948 3944 καὶ
966 3863 1088 3972 σκότῳ
1106 3864 1294 3968 βαδίζουσι

45 4024 81 4065 ιο
92 3981 356 4087 παραπλήσιοι,
383 3983 474 4089 πρὸς
501 3984 566 4066 τὸν
592 3989 631 4067 έκ
658 3990 722 4087 τῆς
751 3989 879 4073 οίκείας
906 3989 1061 4088 ἀμαθίας
1089 3983 1294 4097 κατῷχοντο

91 4107 239 4213 βόθρον,
267 4109 427 4193 εἰδώλοις
459 4108 616 4216 ἀψύχοις
647 4113 890 4215 λατρεύοντες,
920 4115 978 4191 καὶ
1010 4115 1061 4220 τῷ
1093 4109 1159 4211 μὲν
1191 4113 1294 4222 ξύλῳ

130 4346 157 4401 3.
175 4330 254 4386 αὐτοῦ
266 4331 334 4400 ὖπάρ
354 4353 391 4385 ιιν
402 4331 508 4385 inverso
520 4331 612 4387 ordine
625 4332 658 4388 B.
695 4335 785 4403 ὥσπερ
800 4333 831 4387 B.
845 4334 879 4389 ὡς
891 4332 943 4387 Ed.
1018 4335 1044 4390 8.
1061 4335 1246 4407 παγίδον(ιὶα)
1260 4336 1293 4391 Ε.

95 4416 138 4456 Η.
157 4400 314 4472 ἀνευροῦσα]
329 4354 398 4470 ἀίραι
410 4401 575 4473 ἀνευρύσασα
589 4404 615 4459 D
628 4422 683 4475 mg.
767 4421 808 4475 13.
827 4407 1007 4473 συνεσώρευσε
1021 4404 1053 4459 Β.
1067 4409 1228 4476 συνεσώρευε
1242 4406 1294 4461 Ed.

95 4485 138 4541 η.
158 4475 259 4541 κόσμου
270 4490 320 4543 pro
331 4473 421 4529 αίῶνος
434 4472 467 4529 Β.

137 4572 209 4617 v0L.
226 4578 249 4622 Ι.
683 4575 705 4618 K
