3038 5018
225 279 267 343 76
527 278 567 344 Β.
591 276 799 342 OYRILLI
828 274 1117 361 ALEXANQR.
1357 272 1379 337 i.
1391 293 1423 354 4.

192 448 322 524 ᾱθεοῦ
356 448 414 524 καὶ
444 443 590 546 Πατρὸς
618 444 745 527 οῦσίας
775 444 795 522 ὁ
823 443 921 540 Υἱὸς,
949 443 1007 522 ἵνα
1037 440 1183 543 γενητὸς
1216 443 1337 539 νοῆται
1367 442 1426 517 καὶ

225 566 485 667 πεποιημένος;
516 569 572 646 καὶ
591 573 668 650 πῶς
687 567 751 646 οῦκ
772 566 817 645 ἅν
836 600 889 649 τις
907 570 970 665 τῆς
988 570 1069 664 σῆς,
1088 561 1117 643 ὦ
1142 564 1254 662 οὗτος,
1273 563 1426 662 ἀμαθίας

226 687 451 794 καταβοήση,
480 693 537 769 καὶ
564 688 667 788 μάλα
695 690 861 787 δικαίωςς
903 695 932 769 εί
964 687 1036 792 γὰρ
1063 689 1102 767 ἐν
1129 693 1203 771 τοῖς
1235 684 1427 790 γεγονόσιν

226 814 247 891 ὁ
270 812 391 915 Λόγος
418 811 477 912 ἦν,
508 815 556 896 ὡς
584 811 653 916 ζωὴ
681 811 773 892 κατὰ
801 811 925 919 φύσιν,
954 810 1013 891 διὸ
1039 814 1194 915 μετοχῆς
1221 817 1294 894 τοῖς
1323 810 1428 890 οὖσιν

226 934 352 1015 ἑαυτὸν
369 937 576 1038 ἀναμιγνύς·
608 937 725 1039 ἕτερος
750 935 821 1039 ἄρα
848 938 928 1016 ἐστὶ
952 941 1026 1015 τῶν
1042 937 1079 1014 ἐν
1098 933 1150 1019 οἷς
1171 931 1258 1013 εἶναι
1280 931 1459 1022 πισταί-5

226 1093 312 1139 εται.
351 1059 371 1138 ὁ
390 1057 429 1139 δὲ
445 1057 513 1159 τὴν
531 1058 646 1165 φύσιν
664 1059 782 1161 ἕτερος
799 1058 858 1157 ὧν,
877 1056 901 1160 ἢ
920 1057 1008 1161 ὅπερ
1031 1059 1172 1157 ἐστὶνὴ
1198 1058 1329 1154 κτίσις,
1350 1063 1428 1139 πῶς

226 1183 292 1261 οῦκ
320 1180 366 1260 ἂν
392 1182 445 1276 ε’ίη
475 1181 604 1263 λοιπὸν
632 1185 652 1263 ὁ
687 1180 775 1283 ῦπέρ
806 1182 940 1283 ταύτην
968 1181 1061 1265 Θεός
1073 1222 1083 1277 3
1126 1187 1156 1260 εί
1188 1178 1227 1259 δὲ
1257 1179 1428 1278 ε’πιρένεις

198 1308 487 1410 θαναισχνντῶυ,
512 1308 571 1385 καὶ
598 1305 748 1409 γενητὸν
769 1302 856 1387 εἶναι
884 1304 1034 1408 νομίζων
1057 1306 1099 1385 οῦ
1125 1302 1340 1404 καταλήγεις
1363 1301 1428 1381 τὸν

226 1425 329 1526 Υίὸν,
358 1425 422 1507 τὸν
449 1428 537 1508 ὄντα
568 1431 606 1508 ἐν
634 1437 707 1513 τοῖς
739 1428 930 1532 γεγονόσιν
958 1433 1006 1513 ὡς
1039 1427 1142 1531 ζωήν·
1186 1434 1331 1530 πρῶτον
1363 1424 1428 1525 μὲν

227 1549 318 1630 αὐτό
333 1585 368 1630 τι
385 1549 557 1655 ὑπάρχων
575 1553 613 1630 ἐν
631 1553 745 1660 ἑαυτῷ
764 1551 991 1653 νοηθήσεται·
1022 1550 1098 1631 εἶτα
1117 1554 1175 1631 καὶ
1193 1548 1283 1654 πρὸς
1302 1550 1427 1656 τούτῳ,
1444 1592 1481 1631 10

228 1675 287 1752 καὶ
311 1670 417 1756 αὐτὸς
443 1677 569 1754 ἑαυτοῦ
593 1673 757 1780 με’τοχος,
785 1678 845 1775 καὶ
869 1675 949 1779 ζωὴ,
972 1675 1068 1780 ε’ίπερ
1092 1671 1142 1754 ὧν
1164 1675 1203 1753 ἐν
1224 1681 1298 1756 τοῖς
1321 1707 1424 1775 γενο·

227 1795 358 1895 με’νοις,
388 1795 437 1880 εἷς
469 1799 527 1877 καὶ
559 1796 665 1882 αὐτὸς
695 1799 740 1906 ἐξ
770 1801 887 1879 αὐτῶν
915 1798 1087 1905 ὑπάρχειν
1116 1795 1426 1903 ῦποληφθήσεται·

229 1920 315 1999 ἀλλ’
336 1921 404 2026 ὁρᾷ
427 1954 499 2001 που
524 1919 668 2007 πάντας
693 1924 751 2002 καὶ
776 1919 882 2007 αὐτὸς
907 1924 927 2003 ὁ
953 1920 1139 2026 θεομάχος,
1159 1920 1252 2020 ὅσην
1270 1920 1342 2024 ἔχει
1362 1918 1429 2018 τὴν

229 2043 464 2125 ἀπαιδευσίαν
495 2043 537 2125 τὸ
575 2046 668 2125 οὕτω
706 2034 809 2125 νοεῖνί
861 2047 987 2126 οὐκοῦν
1019 2051 1049 2125 εἰ
1086 2042 1255 2144 μεθεκτὸς
1286 2046 1325 2123 ἐν
1355 2050 1429 2126 τοῖς

230 2175 391 2270 γενητοῖς
418 2170 520 2249 ε’στιν
547 2169 567 2248 ὁ
596 2168 781 2272 ζωογονιῦν
809 2169 900 2248 αὐτὰ
918 2169 1050 2271 Λόγος,
1074 2169 1137 2248 οῦκ
1164 2171 1203 2247 ἐν
1229 2175 1302 2252 τοῖς
1329 2166 1428 2264 μετί-
1446 2203 1482 2263 15

229 2324 360 2393 χουσιυ
384 2290 488 2371 ἔσται
515 2294 574 2371 καὶ
602 2289 718 2390 αὐτὸς,
741 2293 827 2372 ἀλλ’
851 2292 969 2396 ἕτερος
996 2289 1164 2393 δηλονότι
1190 2290 1274 2394 παρ’
1300 2292 1425 2369 ε’κεῖνα.

63 2437 155 2493 51α
200 2419 262 2493 aei
290 2412 328 2493 δὲ
355 2423 472 2510 τοῦτο,
498 2415 562 2494 οῦκ
590 2414 662 2518 ἄρα
688 2416 847 2518 γενητὸς,
868 2416 953 2496 ἀλλ’
977 2419 1025 2500 ὡς
1053 2413 1116 2525 ζωῆ
1144 2413 1236 2495 κατὰ
1263 2412 1378 2520 φύσιν
1400 2414 1430 2493 ἐν

231 2538 360 2621 αὐτοῖς.
417 2535 476 2616 διὸ
513 2535 550 2616 δὲ
587 2544 659 2617 τῶν
697 2538 959 2643 ὑπεζενγμεῦων
996 2541 1138 2619 ἐννοιῶν
1176 2547 1281 2618 τοῦτο
1316 2536 1430 2620 πόλιν

231 2658 411 2758 εἰσόμεθα.

596 2845 741 2927 Ἐυνοιαα
764 2849 829 2930 ἤτοι
851 2849 1061 2933 συλλογισμοί.
1445 2876 1485 2914 20

290 3014 335 3089 Εί
359 3008 410 3110 μὴ
435 3013 474 3090 ἐκ
499 3014 562 3109 τῆς
587 3013 712 3094 οὐσίας
730 3019 794 3091 τοῦ
813 3016 909 3092 Θεοῦ
925 3014 983 3092 καὶ
1003 3003 1148 3116 Πατρός
1168 3014 1307 3092 ἐστινὸ
1327 3012 1428 3108 Υἱὸς,

233 3133 366 3240 ἔξωθεν
392 3132 430 3213 δὲ
458 3133 567 3214 αὐτὸν
593 3137 669 3215 κατ’
690 3136 840 3219 ἐκείνους
868 3135 1063 3234 ὑπέστησε,
1081 3135 1228 3238 γενητὸς
1255 3134 1326 3238 ἄρα
1353 3139 1432 3216 ἐστὶ

233 3258 292 3334 καὶ
328 3258 574 3357 πεποιημένος.
628 3264 705 3342 πῶς
738 3259 801 3335 οὖν
830 3260 850 3338 ὁ
881 3260 919 3337 ἐν
946 3265 1020 3342 τοῖς
1052 3257 1243 3361 γεγονόσιν
1274 3261 1353 3338 ἐστὶ
1385 3257 1432 3337 τὰ

232 3376 352 3459 πάντα
385 3380 595 3483 ζωογονῶν;
640 3382 678 3459 τί
711 3379 750 3460 δὲ
781 3379 823 3461 τὸ
855 3381 1034 3489 ἐξαίρετον
1066 3384 1103 3461 ἐν
1136 3387 1181 3487 τῇ
1213 3383 1290 3488 θείᾳ
1322 3381 1431 3488 φύσει

234 3498 363 3580 λοιπὸν
385 3501 605 3606 εῦρήσομεν;
637 3501 659 3602 ἢ
681 3510 759 3587 πῶς
781 3505 801 3582 ὸ
824 3505 1039 3610 σοφώτατος
1065 3510 1224 3603 Παῦλος,
1247 3509 1295 3589 ὡς
1323 3505 1426 3611 ἄξιοί·
1446 3537 1484 3597 25

68 3636 220 3750 {fimi-b
234 3622 374 3726 γαστόν
405 3659 440 3705 τι
469 3629 586 3731 φησὶν
615 3629 672 3707 ε’πὶ
704 3636 767 3706 τοῦ
799 3626 890 3707 κατὰ
923 3627 1038 3733 φύσιν
1070 3627 1172 3713 ὄντος
1204 3633 1300 3708 Θεοῦ
1332 3639 1354 3674 “
1368 3637 1432 3707 τοῦ

83 3718 106 3766 3’
233 3757 256 3794 “
275 3748 532 3851 ζωογονοῦντος
551 3748 597 3828 τὰ
614 3750 733 3829 ποίντα
746 3752 776 3845 ;”
806 3757 836 3828 εί
854 3750 926 3854 γὰρ
944 3751 1092 3853 γενητὸς
1117 3751 1287 3857 ὑπάρχων
1306 3753 1326 3831 ὁ
1345 3750 1432 3836 Υἱὸς

233 3868 279 3951 τὸ
315 3870 434 3952 πάντα
472 3870 642 3974 ζωοποιεῖ,
677 3869 805 3972 ἑαυτὴν
841 3875 863 3974 ἡ
901 3873 1017 3958 κτίσις
1054 3876 1217 3979 ζωοποιεῖ
1248 3875 1433 3981 χρῄζουσα

273 4098 296 4135 ι.
312 4082 352 4135 καὶ
365 4081 439 4163 priua
452 4099 543 4136 assum
563 4090 621 4136 tum
633 4099 665 4136 ex
676 4081 782 4136 B.D.E.
793 4081 867 4137 deest
879 4083 906 4137 in
920 4083 943 4138 1.
954 4082 1035 4138 Cord.
1083 4084 1174 4142 οὐσίας
1186 4094 1247 4140 ante
1258 4088 1305 4139 τοῦ
1318 4088 1385 4138 θεοῦ
1397 4090 1432 4139 tr.

234 4151 287 4206 Ed.
299 4152 389 4206 invitm
402 4151 462 4206 BJ.
477 4151 531 4207 Cor
552 4191 559 4207 .
642 4168 667 4208 2.
687 4152 793 4210 ὣοῦτος
805 4155 851 4222 τῆς
862 4155 912 4222 σῆς
923 4154 1029 4208 inverso
1041 4153 1134 4209 ordine
1147 4154 1179 4209 B.
1280 4196 1287 4208 .
1306 4155 1433 4222 καταβοή-

234 4244 305 4276 σιιεν
319 4221 341 4275 Ι.
355 4221 438 4277 Cord.
540 4221 566 4277 6.
584 4221 651 4294 ὁδί]
666 4223 729 4276 a&
744 4223 777 4278 Β.
879 4225 905 4278 8.
923 4223 1177 4348 γενητὸνὲγεννητὸν
1190 4172 1278 4296 Codff
1287 4222 1350 4279 εἶναι
1362 4227 1433 4306 νομί-

233 4293 283 4358 ζων
296 4291 329 4345 Β.
343 4292 450 4362 νομίζων
461 4289 524 4347 εἶναι
536 4295 643 4363 γενητὸν
656 4294 727 4348 Ι).Ε.
740 4294 848 4362 νομίζων
859 4290 923 4348 εἶναι
935 4296 1025 4362 νοητὸν
1061 4294 1088 4349 d.
1218 4313 1257 4350 10.
1276 4296 1339 4349 αὐτό
1352 4295 1432 4349 edid1.

233 4362 302 4432 αὐτῷ
316 4362 348 4415 Β.
361 4365 437 4420 αὐτός
451 4365 486 4418 Ι).
499 4363 551 4419 Ed.
564 4362 612 4418 sed
623 4386 666 4435 γρ.
678 4364 849 4435 οὗτόῦως.
902 4365 970 4434 ὑπόρ
990 4387 1019 4420 ον
1031 4364 1065 4419 Β.
1117 4365 1159 4420 καί
1171 4375 1340 4436 assumptum
1352 4384 1385 4419 ex
1400 4366 1432 4419 Β.

237 4449 278 4497 14.
296 4432 416 4500 ρεθικτὸς
429 4433 495 4489 ΒΕ.
507 4435 634 4504 μεθεκτῶς
647 4434 699 4490 Ed.
808 4451 849 4506 17.
868 4433 929 4489 ἀλλ’
942 4388 989 4506 ὣόζ
1002 4436 1072 4490 ἀλλὰ
1086 4435 1118 4489 Β.
1226 4452 1269 4490 21.
1287 4436 1360 4491 ἐστιν
1372 4445 1434 4490 ante

233 4504 280 4555 τοῦ
292 4505 442 4574 transponit
456 4503 488 4559 Β.
541 4522 603 4566 ος.
622 4505 695 4561 ἐστιν
706 4505 755 4576 ὅρα
767 4505 873 4562 inverso
884 4504 978 4561 ordine
989 4505 1024 4562 Β.
1096 4521 1139 4576 ²3·
1158 4508 1239 4563 dom.
1253 4506 1287 4561 B.
