3038 5018
252 283 318 348 518
556 286 596 351 Β.
619 285 829 351 OYRILLI
859 286 1149 352 ALEXANDR.
1347 284 1394 350 vi.
1407 298 1460 368 51.

201 487 208 502 ·
254 456 327 529 τῶν
344 452 526 531 Ἰουδαίων
545 460 567 498 “
582 457 627 532 Εί
645 449 695 552 μή
718 450 834 550 ἦλθον
852 455 911 533 καὶ
934 449 1105 552 ἐλάλησα
1129 452 1257 549 αὐτοῖς,
1278 451 1461 553 ἁμαρτίαν

254 577 357 654 “οῦκ
380 574 539 679 εἴχοσαν
572 611 646 655 νυνι
634 576 703 655 δὲ
721 575 911 682 πρόφασιν
929 578 992 656 οὐκ
1008 578 1133 686 ἔχουσι
1151 578 1232 678 περὶ
1250 578 1315 674 τῆς
1335 575 1458 677 ἆμαρ·

253 708 275 744 “
294 699 370 782 τίας
404 701 555 779 αὐτῶνθ
599 706 632 780 οἱ
664 699 730 799 μὲν
762 700 835 803 γάρ
872 703 1036 801 οὐδαμῶς
1072 700 1131 779 διά
1166 704 1230 798 τῆς
1263 703 1379 798 ἀκοῆς
1413 704 1461 782 είς

254 825 449 924 καρδίάν
421 823 699 923 εισοικισοίμενοι
724 829 788 924 τῆς
812 827 993 928 σωτηρίας
1017 822 1080 904 τὸν
1099 823 1223 926 λόγον,
1242 822 1461 931 ἡμερωτέρη

254 945 365 1050 τυχὸν
384 947 649 1055 περιτειίξονται
674 954 725 1056 τῷ
751 954 864 1054 κριτῇ,
883 948 925 1028 τδ
947 947 1116 1049 μηδόλως
1138 951 1291 1026 ἀκοῦσαι
1308 950 1489 1050 προτεί-5

85 1091 203 1148 asu.
224 1104 384 1168 ονοντες,
408 1078 437 1151 εί
465 1077 524 1152 καὶ
551 1071 606 1153 ὅτι
633 1072 799 1171 μάλιστα
826 1070 890 1153 τδν
912 1075 969 1153 ἐπὶ
996 1079 1049 1180 τῷ
1075 1067 1125 1171 μὴ
1154 1071 1307 1175 ζητῆσαι
1329 1077 1462 1171 μαθεῖν

255 1195 490 1276 ἀποδώσουσι
528 1196 654 1299 λόγον·
702 1202 735 1276 οἱ
769 1195 806 1275 δὲ
839 1199 898 1276 καὶ
928 1193 1110 1280 πολλάκις
1142 1193 1201 1274 διά
1231 1200 1307 1274 τῶν
1337 1197 1461 1276 αὐτῶν

254 1325 450 1400 νουθεσιῶν
478 1356 515 1401 τε
551 1323 608 1401 καὶ
641 1320 764 1423 λόγων
794 1326 843 1405 εὶς
872 1319 939 1419 τὴν
967 1328 1031 1400 τοῦ
1060 1319 1311 1426 συμφέροντος
1341 1320 1461 1423 θήραν

253 1442 635 1547 ε’κπαιδαγωγοιίμενοι,
654 1451 756 1550 σφᾶς
781 1442 821 1524 δὲ
842 1443 970 1529 αὐτοῦς
988 1443 1042 1524 ὅτι
1061 1443 1131 1549 χρὴ
1150 1450 1223 1523 τῶν
1240 1445 1461 1525 καλλίστων

253 1570 465 1672 ἀποστερεῖν
483 1567 641 1669 ἀνοήτως
659 1567 892 1670 λογιζῦμενοι,
909 1566 1128 1670 πικροτάτην
1146 1567 1369 1648 ἀποπίνουσι
1393 1567 1506 1649 ted-10

253 1700 375 1788 λασιν,
408 1695 467 1772 καὶ
502 1691 577 1773 οἷον
608 1693 845 1801 λελυπημεῦφ
882 1700 1159 1794 περιπεσοῦνται
1195 1695 1247 1798 τῷ
1284 1692 1457 1794 κρίνοντι,

252 1813 441 1920 πρόφασιν
467 1821 531 1915 τῆς
559 1819 667 1917 αὐτῆς
699 1817 868 1902 ἀπονοίας
900 1819 1145 1904 δυσωποῦσαν
1173 1812 1284 1894 αὐτὸν
1312 1818 1457 1921 ἀνευρί-

252 1972 354 2019 σκειν
382 1942 448 2046 οὐχ
476 1939 626 2045 ἔχοντες.

290 2154 347 2220 Καὶ
374 2156 392 2224 ὁ
420 2155 519 2246 ἄρτοι
546 2155 583 2224 δὲ
610 2158 647 2225 ὅν
674 2156 739 2233 ὲςὼ
767 2155 866 2223 δώσω
893 2159 912 2223 ἡ
941 2158 1022 2248 σάρξ
1050 2180 1111 2235 μου
1136 2157 1225 2225 ἐστίν
1251 2157 1335 2247 ὑπὲρ
1365 2161 1428 2226 rac

218 2259 239 2324 b
686 2288 744 2349 τοῦ
773 2285 893 2360 κόσμου
921 2289 1014 2374 ςωεῑο.
1174 2339 1178 2360 ,
1472 2302 1505 2364 15

309 2442 563 2545 Ἀποθνήσκω,
583 2448 708 2551 φησὶν,
728 2444 817 2548 ὑπὲρ
835 2445 990 2542 πάντων,
1009 2446 1067 2526 ἵνα
1084 2445 1223 2532 πάντας
1241 2444 1459 2550 ζωοποιήσω

253 2569 333 2647 διΗ
316 2576 479 2666 εμαυτοῦ,
497 2601 555 2647 και
584 2569 798 2672 ἀντίλυτρον
823 2573 886 2668 τῆς
915 2568 1084 2650 ἁπάντων
1110 2569 1247 2674 σαρκὸς
1275 2569 1344 2670 τήν
1370 2571 1461 2672 ἐμήν

19 2744 64 2773 ι.
47 2723 129 2771 α..
139 2730 216 2766 τοι
252 2687 488 2790 ἐποιησάμην.
527 2690 801 2846 τεθνήξεται
757 2728 829 2798 γαρ
856 2695 876 2772 ὁ
902 2692 1097 2779 θάνατος’
1079 2729 1117 2774 εν
1135 2693 1349 2802 θανάτω
1297 2730 1351 2802 τῳ
1370 2699 1458 2804 ε’μτρ,

19 2798 86 2853 ''¹⁴³''
94 2795 123 2844 ὢ
130 2791 211 2837 ’Μ’
193 2806 311 2895 mna}
337 2814 658 2916 συναναστήσεταί
680 2850 752 2915 μοι,
777 2819 947 2923 φησιν,
928 2853 950 2917 η
976 2826 1146 2899 πεσοῦσα
1170 2827 1234 2899 τοῦ
1261 2820 1461 2923 ἀνθρώπου

251 2939 375 3045 φάσις.
423 2938 557 3041 γε’γονα
584 2939 655 3045 γὰρ
684 2938 743 3020 διὰ
770 2941 899 3021 τούτου
926 2940 1009 3022 καθ’
1039 2945 1140 3040 ὑμᾶς,
1167 2942 1360 3046 ἅνθρωπος
1389 2947 1457 3045 δη·
1472 2979 1508 3021 το

82 3051 189 3181 {ffb'fi'
253 3064 376 3145 λονότι
404 3066 462 3145 καὶ
490 3066 530 3144 ἐκ
557 3064 764 3170 σπέρματος
787 3066 969 3168 Ἀβραὰμ,
995 3065 1054 3146 ἵνα
1078 3076 1101 3113 “
1114 3066 1206 3146 κατὰ
1232 3067 1355 3147 πάντα
1384 3074 1460 3153 τοῖς

221 3199 275 3251 ⁰“
295 3190 491 3296 ἀδελφοῖς”
513 3191 687 3290 ὁμοιωθῶ.
723 3191 844 3272 συνεὶς
869 3187 907 3268 δὲ
933 3196 1039 3270 τοῦτο
1064 3195 1186 3273 καλῶς
1210 3187 1299 3294 ὅπερ
1323 3192 1460 3292 ἀρτίως

251 3316 336 3415 ἡμῖν
367 3313 436 3420 ἔφη
469 3312 642 3417 Χριστὸς,
674 3315 732 3392 καὶ
762 3311 869 3396 αὐτός
900 3320 1017 3418 φησιν
1047 3314 1067 3391 ὁ
1097 3312 1270 3417 μακάριος
1302 3317 1460 3399 Παῦλος

168 3488 174 3503 ·
252 3446 274 3485 ‘⁶
291 3436 393 3516 Ἐπεὶ
412 3437 475 3515 οὖν
492 3433 539 3516 τδι
556 3437 680 3516 παιδία
696 3436 946 3537 κεκοινώνηκεν
965 3437 1114 3535 αἵματος
1140 3439 1198 3516 καὶ
1223 3436 1376 3541 σαρκὸς,
1398 3440 1460 3519 καὶ

250 3572 274 3610 “
291 3558 397 3644 αῦτδς
433 3558 699 3665 παραπλησίως
735 3561 887 3666 μετέσχε
924 3568 996 3641 τῶν
1031 3562 1160 3658 αὐτῶν,
1196 3560 1255 3640 ἵνα
1291 3559 1353 3642 διὰ
1391 3571 1459 3643 τοῦ
1472 3591 1509 3652 ²5

251 3696 273 3733 “
291 3681 448 3766 θανάτου
475 3684 689 3790 καταργήσῃ
717 3683 780 3764 τὸν
803 3683 845 3765 τδ
871 3684 1001 3789 κράτος
1027 3685 1157 3790 ἔχοντα
1185 3693 1249 3765 τοῦ
1276 3684 1455 3784 θανάτου,

251 3820 273 3858 “
291 3807 454 3890 τουτέστι
476 3806 540 3889 τδν
559 3807 766 3904 διάβολον·”
796 3810 838 3888 οῦ
863 3806 934 3913 γὰρ
959 3807 1004 3910 ἦν
1022 3808 1149 3912 ἑτέρως
1173 3807 1237 3889 τδν
1253 3807 1296 3889 τδ
1322 3808 1459 3913 κράτος

249 3933 378 4038 ἔχοντα
405 3941 469 4014 τοῦ
497 3930 654 4014 θανάτου
681 3935 953 4038 καταργηθῆναί
976 3967 1075 4030 ποτε,
1103 3935 1161 4013 καὶ
1189 3930 1364 4014 αὑτὸνδὲ
1390 3932 1459 4015 τδν

249 4057 413 4156 θάνατον,
439 4063 467 4137 εἰ
494 4056 545 4158 μή
574 4056 724 4139 δέδωκεν
751 4054 878 4137 ἑαυτὸν
906 4056 993 4160 ῦπέρ
1021 4058 1122 4157 ἡμῶν
1150 4058 1170 4137 ὁ
1198 4054 1376 4161 Χριστὸς,
1405 4057 1460 4144 εἷς

286 4262 310 4298 2.
330 4246 376 4298 οῦκ
389 4246 544 4405 ἕχονσιέἀ

251 4315 320 4369 Β.
298 4316 533 4456 ειρῳκισμενοιι]
668 4317 700 4386 ρή
713 4315 776 4399 τῶν]
764 4315 929 4399 ]χρημείτων
1038 4333 1080 4369 12.
1098 4338 1177 4385 οντης
1188 4325 1362 4387 assumptum
1375 4334 1408 4371 ex
1424 4317 1459 4373 Β.

252 4402 299 4474 14.
312 4387 386 4440 ἐστιν
386 4384 472 4456 ]†
460 4410 489 4454 ην
501 4410 552 4457 εγω
537 4335 707 4442 δωσωδτθ
720 4387 851 4442 ίαν-,ιῐοΒ
941 4400 981 4456 15.
1001 4387 1065 4454 ζωης
1066 4385 1266 4457 ]σωτηρίοςΒ.
1356 4388 1457 4442 18.

247 4455 301 4527 ε’μῳ
289 4457 432 4546 θανάτῳ
426 4475 471 4510 mx
473 4476 532 4511 ereo
545 4457 638 4511 ordine
652 4458 722 4512 eatt.
791 4475 832 4527 19
844 4478 891 4511 του
878 4456 1039 4548 ἀνθρώπου
1052 4458 1085 4513 Β.
1099 4456 1170 4512 Catt.
1182 4462 1233 4511 τῶν
1245 4456 1392 4529 ἀνθρώπων

250 4541 293 4580 21.
313 4548 354 4580 και
366 4537 535 4597 assumptum
548 4546 579 4582 ex
595 4527 664 4584 B..D
774 4545 816 4583 το.
835 4527 1270 4599 ήμῑνάρτίοςίανιςςοοτῶυςΒ.

513 4255 555 4299 ost
567 4246 650 4300 αὐτῶν
662 4246 815 4339 transponit
828 4244 861 4299 B.
875 4253 949 4300 utus
931 4260 1018 4452 καρποί,
1010 4261 1063 4316 309
1074 4263 1097 4299 c
1202 4264 1228 4311 η.
1248 4244 1459 4316 εἰσοικισάμενοι
