3038 5018
85 302 105 367 i.
123 323 153 369 1.
287 303 342 369 IN
373 302 408 369 S.
430 302 686 369 JOANNEM.
732 303 881 369 LIB.I.
927 304 1083 370 CARI.
1243 309 1284 373 21

86 467 192 569 τέρος,
223 461 288 546 τάν
315 474 380 546 τοῦ
406 470 509 575 θεοῦ
537 464 660 569 Λόγον
688 466 768 548 τότε
799 463 844 567 δὴ
875 473 1021 571 πρῶτον
1048 472 1097 553 είς
1126 465 1168 549 τὸ
1201 465 1290 549 εῖναι

85 593 286 690 κεκλῆσθαι
318 588 589 695 διισχυρίζοιτο,
618 589 676 671 ὅτε
709 589 773 671 τὸν
807 593 847 673 ἐκ
878 595 942 692 τῖης
974 591 1080 694 ἁγίας
1109 589 1291 696 παρθένου

86 711 175 794 ναὸν
192 710 321 808 λαβὸν
339 713 529 817 ἅνθρωπος
546 713 672 817 γε’γονε
691 714 734 794 δι’
755 715 856 816 ἡμᾶς·
881 715 920 794 τί
935 715 999 794 οῦν
1012 712 1058 795 ἀν
1076 715 1128 817 εἴη
1147 714 1289 814 λοιπὸν,

87 837 185 940 ε’ίπερ
203 837 316 922 οὕτως
334 833 412 942 ἔχοι
430 837 576 945 φύσεως
594 839 614 917 5
633 838 731 936 Υἱὸς,
750 835 773 939 ἢ
792 837 940 941 γενητὸς
958 842 1017 918 καὶ
1034 838 1325 941 πεποιημεῦος,ι1

56 963 148 1043 ὅκαὶ
166 967 241 1045 τοῖς
258 959 388 1046 ἀλλοις
405 959 545 1042 ἅπασιν
563 961 737 1069 ὁμοφυὴς,
756 959 808 1047 οῖς
826 961 872 1069 ἐξ
885 963 950 1042 ούκ
968 960 1082 1043 ὅντων
1099 963 1122 1063 ἦ
1140 959 1293 1066 γε’νεσις,

90 1086 149 1164 καὶ
175 1081 217 1164 τδ
242 1088 306 1183 τῆς
334 1084 497 1170 δουλείας
522 1084 636 1186 ὄνομά
658 1120 696 1166 τε
723 1088 782 1166 καὶ
805 1092 957 1189 πρῦγμα
983 1087 1125 1170 δυκαίως
1151 1087 1290 1187 ε’παλη·

88 1206 252 1306 θεύεται,
295 1210 333 1288 τί
365 1207 438 1312 γὰρ
472 1215 545 1288 τῶν
576 1209 822 1310 πεποιημένων
854 1207 920 1308 τὴν
954 1205 1022 1290 ὑπὸ
1059 1214 1112 1316 τῷ
1148 1206 1295 1289 πάντων

91 1339 280 1433 κρατοῦντι
299 1337 383 1440 Θεῷ
404 1332 569 1415 δουλείαν
587 1333 781 1417 ἀκινδύνως
796 1330 1058 1437 παραιτήσεται
1073 1366 1085 1430 ;
1115 1333 1154 1412 τί
1170 1330 1208 1412 δὲ
1227 1332 1295 1436 οὐχ

92 1454 271 1561 ῦποκύψει
295 1461 341 1561 τῇ
365 1453 458 1535 κατά
480 1453 626 1536 πάντων
644 1460 739 1563 ἀρχῇ
762 1491 801 1536 τε
829 1460 887 1536 καὶ
913 1455 1064 1564 ἐξουσία
1090 1459 1149 1536 καὶ
1171 1454 1293 1559 κυριό·

45 1614 80 1655 ιο
93 1612 184 1678 τητι,
203 1575 248 1677 ἢν
270 1582 329 1657 καὶ
349 1577 456 1663 αύτύς
479 1613 551 1660 που
574 1580 740 1681 σημαίνει
765 1578 885 1682 λέγων
909 1581 929 1658 5
955 1580 1134 1679 Σολομύυ
1152 1589 1175 1626 “
1190 1575 1297 1658 Μετά

93 1711 117 1749 “
134 1699 208 1803 γάρ
235 1703 462 1802 δικαιοσύνης
484 1701 701 1807 ε’τοιμάζεται
724 1701 851 1807 θρόνος
873 1699 1022 1814 ἀρχῆς.”
1060 1699 1200 1803 ’ἕτοιμος
1223 1700 1273 1805 γά

95 1826 154 1904 καὶ
171 1823 269 1905 πολὺ
286 1826 370 1905 λίαν
388 1823 564 1929 εὐπρεπὴς
587 1833 635 1910 εἰς
658 1826 886 1926 δικαιοσύνην
905 1829 925 1906 5
943 1830 1007 1925 τῆς
1026 1830 1138 1932 ἀρχῆς
1157 1823 1297 1930 θρόνος,

95 1951 161 2046 τῆς
187 1950 244 2029 ἐπὶ
270 1948 408 2033 πάντας
436 1950 588 2050 δηλαδή.
637 1952 696 2028 καὶ
724 1951 776 2034 τίς
804 1952 825 2030 5
853 1948 980 2052 θρόνος
1006 1953 1087 2052 περὶ
1116 1950 1158 2030 οῦ
1186 1959 1250 2031 νῦν
1277 1950 1327 2030 ὀο

96 2071 220 2174 λόγος,
247 2072 351 2152 ἄκουε
379 2070 547 2175 λε’γοντος
574 2081 638 2154 τοῦ
667 2078 762 2154 θεοῦ
789 2074 832 2154 δι’
862 2072 940 2156 ἑνὸς
967 2079 1040 2152 τῶν
1067 2074 1180 2176 ἁγίων
1208 2083 1229 2122 “
1248 2074 1297 2153 ‘0
1343 2065 1457 2182 {Q

49 2217 84 2276 ¹5
98 2205 121 2242 “
140 2196 288 2300 ούρανύς
316 2231 377 2294 μοι
405 2194 565 2299 θρόνος.”
613 2197 740 2276 ούκοῦν
768 2196 906 2296 ἕτοιμος
939 2201 988 2280 είς
1020 2196 1250 2297 δικαιοσύνην
1278 2199 1298 2276 5

98 2318 257 2422 ούρανὸς,
277 2320 452 2411 τουτέστι,
471 2318 517 2399 τά
535 2321 573 2399 ε’ν
592 2327 664 2405 τοῖς
683 2321 844 2425 οὐρανοῖς
862 2319 948 2422 ἅγια
965 2321 1161 2418 πνεύματα.

154 2441 301 2544 Ἐπειδὴ
328 2443 447 2523 τοίνυν
463 2442 509 2544 ἦν
527 2445 664 2547 ἀνάγκη
690 2452 951 2547 συνομολογεῖν
968 2443 1059 2544 μετά
1082 2451 1154 2524 τῶν
1172 2444 1299 2525 ἄλλων

98 2565 308 2666 ποιημάτων
341 2571 550 2649 ὑποκεῖσθαι
582 2574 633 2675 τῷ
665 2574 748 2676 θεῷ
781 2571 839 2647 καὶ
873 2571 992 2672 Πατρὶ
1017 2567 1085 2647 τὸν
1116 2565 1217 2665 Υίδν,
1250 2571 1299 2651 ὡς

100 2689 274 2790 οἰκετικὴν
302 2688 431 2796 ’ἔχοντα
461 2689 576 2799 τάξιν,
605 2695 663 2771 καὶ
695 2691 764 2771 ὑπὸ
796 2686 863 2790 τὴν
889 2696 952 2791 τῆς
986 2693 1098 2795 ἀρχῆς
1130 2691 1299 2798 ἐξουσίαν

51 2843 88 2884 ²0
102 2815 232 2912 ὁμοίως
254 2813 432 2896 πίπτοντα
456 2822 530 2900 τοῖς
557 2814 695 2912 ἀλλοις,
715 2814 811 2917 είπερ
836 2817 914 2895 ἐστὶ
940 2816 1016 2895 κατ’
1036 2815 1184 2898 ἐκείνους
1207 2816 1330 2922 ἀψι-ιι
1374 2833 1414 2888 14
1428 2832 1469 2887 Δ.

101 2934 207 3039 γενὴς
245 2941 303 3017 καὶ
335 2945 407 3018 τῶν
437 2941 476 3018 ἐν
509 2938 627 3046 χρόνῳ
658 2940 905 3039 πεποιημένων
938 2936 998 3023 εἷς·
1044 2939 1243 3041 ἀναγκαίως
1280 2939 1300 3017 5

101 3059 274 3163 μακάριος
297 3061 573 3163 Εύαγγελιστὴς
597 3062 806 3165 δριμύτερον
823 3069 896 3145 τοῖς
918 3062 1302 3163 ἕτεροδιδασκαλοῦσιν

102 3187 267 3292 ε’πιπηδᾷ,
286 3189 344 3265 καὶ
372 3186 534 3268 δουλείας
561 3184 627 3281 μὲν
651 3182 798 3283 ἁπάσης
823 3185 960 3290 ἐξίλκει
984 3181 1048 3264 τδν
1065 3182 1165 3264 Υἱόν·
1200 3187 1239 3262 ἐκ
1265 3181 1303 3264 δὲ

102 3312 167 3407 τῆς
199 3307 385 3410 ἐλευθέρας
421 3311 479 3389 καὶ
514 3307 661 3389 πάντων
697 3306 881 3411 ἀρχούσης
918 3309 1044 3391 οὐσίας
1081 3306 1305 3413 ἐκπεφήνοτα

52 3448 89 3507 ²5
104 3430 262 3530 δεικνύει,
290 3435 349 3511 καί
376 3435 415 3512 ἐν
439 3433 528 3537 αὐτῇ
558 3437 720 3538 φυσικῶς
749 3428 921 3535 ὑπάρχειν
947 3429 1161 3535 ἰσχυρίζεται
1190 3429 1306 3533 λέγων

105 3560 160 3634 Ἐν
188 3561 275 3670 ἀρχῇ
301 3550 378 3649 ἧνό
407 3563 529 3657 Λόγος.
578 3555 756 3635 ἐπιπλέκει
783 3552 821 3633 δε“
848 3559 900 3661 τῷ
927 3558 992 3653 τῆς
1018 3556 1131 3660 ἀρχῆς
1159 3552 1305 3654 ὀνόματι

46 3673 48 3676 ’
105 3679 294 3784 χρησίμως
326 3677 368 3757 τὸ
399 3672 442 3776 ἦν,
469 3680 528 3758 ἵνα
557 3676 608 3778 μη
640 3677 751 3777 μόνον
779 3677 935 3777 εὐκλεὴς,
964 3677 1064 3757 ἀλλά
1092 3683 1215 3777 υοῆται
1247 3679 1340 3761 mab

105 3802 329 3907 προαιιόνιος·
363 3801 512 3883 τέθειται
537 3800 608 3906 γάρ
632 3804 670 3882 ἐν
695 3802 831 3886 τούτοις
857 3798 899 3881 τό
926 3796 969 3900 ἦν,
988 3808 1036 3886 είς
1060 3800 1210 3897 βαθεῖάν
1228 3836 1307 3881 τινα

107 3929 168 4007 καὶ
199 3923 456 4027 ἀκατάληπτον
485 3931 542 4005 καὶ
577 3923 644 4026 τὴν
677 3924 747 4005 ἕω
781 3925 920 4030 χρόνων
954 3925 1108 4030 ἀρῤητον
1138 3923 1308 4027 γε’ννησιν

53 4082 95 4142 30
107 4054 291 4133 ἀνατεῖνον
308 4058 373 4131 τοῦ
390 4056 606 4154 θεωροῦντος
624 4048 688 4147 τὴν
707 4051 854 4129 ἔννοιαν.
887 4046 929 4128 τὸ
953 4047 1024 4151 γὰρ
1047 4042 1079 4140 ἧν
1098 4046 1309 4151 ἀδιορίστως

1340 1573 1415 1622 Prov.

1340 1639 1393 1688 xvi.
1404 1650 1442 1688 ις.

146 4283 172 4332 4.
189 4262 270 4318 οὕτως
286 4263 342 4333 ἔχοι
360 4261 467 4334 φύσιος
480 4264 495 4315 ὁ
507 4263 568 4317 Υἱὸς
582 4269 751 4315 accesserunt
763 4277 795 4314 ex
808 4259 841 4313 E.
854 4261 881 4312 et
893 4257 957 4326 (nisi
968 4257 1023 4330 ἔχει
1035 4274 1083 4328 pro
1095 4258 1162 4340 ἔχοι)
1176 4258 1212 4312 D.
1226 4257 1309 4312 Eutb.

110 4339 187 4390 οὗτος
199 4335 247 4403 ἔχη
259 4332 366 4403 φύσεως
377 4335 392 4386 ἀ
405 4333 465 4390 Υίδς
479 4331 511 4385 Β.
648 4329 727 4384 6-16.
747 4332 788 4385 καὶ
799 4327 996 4397 τδ-πνιύμοτα
1008 4328 1106 4383 desunt
1117 4346 1145 4382 ln
1159 4328 1251 4392 Euth„
1282 4329 1310 4383 ui

110 4402 512 4477 ρεῐρῖιῖνόἀνμὴείηάναγκη.
590 4401 617 4466 6.
635 4398 677 4471 τε]
691 4423 716 4454 τι
729 4400 761 4455 Ε.
809 4398 995 4468 ε’παληθεύηται
1008 4398 1040 4453 Ε.
1121 4415 1163 4453 12.
1182 4402 1263 4453 dom.
1304 4438 1311 4454 .

112 4493 156 4547 23.
174 4476 292 4600 τὸνΕΥῑὸέ
303 4472 402 4543 ἐξίλκα
413 4474 519 4528 inverso
531 4471 625 4527 ordine
638 4471 720 4526 Euth.
828 4482 871 4537 25.
890 4469 1003 4525 δείκνυσι
1016 4469 1049 4525 Β.
1157 4486 1200 4541 τ9.
1218 4469 1311 4525 cinerei·

110 4550 207 4614 ληκτον
244 4556 300 4599 ut.
