3038 5018
109 303 241 391 vi.5-7.
279 307 337 374 IN
368 310 400 376 S.
425 310 679 377 JOANNEM.
726 311 913 379 LIB.III.
958 311 1060 384 CAP.
1084 310 1145 374 IV.
1243 311 1309 375 40⁷

168 470 275 551 Κατὰ
299 471 365 572 μὲν
390 475 453 554 οῦν
474 479 539 574 τῆς
563 477 725 580 ἱστορίας
749 474 813 557 τὸν
832 474 956 578 λόγον,
974 477 1040 556 οῦκ
1066 471 1139 555 ἀπὸ
1166 479 1309 554 σκοποῦ

109 596 327 675 συντείνεται
345 603 418 676 τῶν
435 598 625 701 είρημένων
644 599 665 696 ἡ
684 598 842 698 δύναμις,
854 597 1120 695 μεταβαλόντες
1139 595 1177 676 δέ
1195 593 1309 677 πόλιν

109 714 202 796 αὐτὰ
219 715 310 822 πρὸς
327 721 478 823 θεωρίαν
494 719 744 822 πνευματικὴν,
762 726 822 803 καὶ
838 721 881 803 τὸ
899 724 937 802 ἐν
954 721 1056 828 τύπῳ
1080 718 1181 823 παχῦ
1204 752 1306 821 περι·

109 839 285 943 κείροντες
307 844 447 947 σχῆμα,
465 843 684 950 γυμνότερον
704 846 773 946 ἤδη
799 846 930 953 φαμὲν,
948 848 997 928 ὡς
1025 841 1083 924 διὰ
1109 843 1339 947 προθυμίαςθ

77 965 251 1063 5ἆγαθῦς
278 970 336 1045 καὶ
363 968 520 1052 πίστεως
549 966 632 1054 τοῦς
658 969 907 1072 ἐπιζητοῦντας
934 967 1051 1065 αὐτὸν,
1080 966 1241 1070 καθάπερ
1268 964 1313 1072 ἐξ

111 1083 226 1189 ὅρους,
242 1087 289 1194 ἐξ
304 1090 451 1195 ὑψηλῆς
467 1088 636 1190 δηλονότι
655 1097 713 1172 καὶ
731 1098 948 1195 θεοπρεποῦς
972 1094 1036 1190 τῆς
1057 1088 1309 1192 προγνώσεως,

111 1213 380 1312 προαναβλεῦιει
408 1212 512 1312 Θεὸς,
538 1213 629 1295 κατὰ
660 1213 702 1295 τὸ
731 1216 911 1318 εἰρημένον
938 1211 1038 1317 παρὰ
1065 1221 1128 1292 τοῦ
1158 1212 1310 1292 Παύλου

111 1341 134 1379 “
153 1333 231 1418 Οῦς
252 1333 324 1437 γὰρ
346 1337 521 1439 προέγνω,
540 1341 599 1417 καὶ
619 1338 801 1443 προώρισε
826 1336 1065 1443 συμμόρφους
1090 1339 1153 1435 τῆς
1178 1333 1309 1419 εἰκόνος
1354 1350 1432 1465 {iffi

108 1465 134 1503 “
151 1463 216 1537 τοῦ
243 1463 333 1538 Υἱοῦ
366 1460 484 1558 αὐτοῦ,
513 1460 660 1546 τούτους
693 1465 752 1542 καὶ
783 1458 986 1542 ἐκάλεσεν.”
1035 1461 1161 1566 ἐπαίρει
1190 1459 1310 1538 τοίνυν
1355 1494 1395 1543 ιο·
1434 1428 1458 1481 ⁹.

56 1618 97 1661 10
111 1575 186 1666 τοδε
223 1580 422 1689 ὀφθαλμοὺς
459 1593 473 1667 o‘
511 1583 684 1688 Χριστός,
713 1588 815 1665 οἱονεὶ
852 1589 916 1684 τῆς
953 1584 1049 1667 θείας
1086 1580 1309 1688 ἐπισκέψεως
1355 1680 1358 1685 ι

109 1701 232 1809 ἀξίους
250 1704 355 1790 ὄντας
373 1708 598 1789 ἐπιδεικνύων
615 1707 698 1794 τοῦς
716 1710 932 1811 ἀγαπῶντας
950 1706 1071 1787 αὐτόν·
1101 1705 1225 1807 ὥσπερ
1246 1704 1340 1783 οῦνν
1360 1719 1424 1775 276
1436 1716 1475 1772 A.

109 1825 235 1923 ἀμέλει
267 1831 326 1908 καὶ
356 1832 393 1909 ἐν
421 1831 586 1933 εὐλογίας
617 1830 740 1940 τρόπῳ
769 1830 861 1935 πρὸς
891 1829 954 1911 τὸν
981 1827 1134 1931 Ἰσραὴλ
1167 1827 1310 1930 ἐλέγετο

1354 1946 1476 2010 Ναυατί.

111 1958 133 1995 “
151 1950 307 2053 Ἐπάραι
326 1952 458 2053 Κύριος
482 1954 524 2034 τὸ
547 1954 747 2059 πρόσωπον
770 1956 879 2035 αὐτοῦ
904 1956 963 2034 ἐπὶ
989 1950 1034 2032 σέ
1059 1955 1118 2032 καὶ
1146 1952 1220 2057 δώῃ
1247 1984 1309 2030 σοι
1356 2011 1396 2066 2⁶·

111 2079 134 2117 “
151 2070 323 2175 εἶρήνην·”
352 2077 437 2155 ἀλλ’
458 2079 500 2156 ού
518 2077 622 2182 μέχρι
639 2077 750 2178 μόνης
768 2081 833 2177 τῆς
856 2077 1080 2182 ἐπισκεψεως
1106 2075 1127 2174 ἡ
1155 2076 1213 2154 ἐπὶ
1237 2079 1310 2158 τοῖς
1414 2067 1417 2073 ’

56 2225 96 2285 15
110 2201 265 2295 τιμῶσα
282 2198 391 2279 αὐτὸν
410 2200 558 2303 ὁρίζεται
576 2201 690 2306 χάρις,
708 2199 809 2281 ἀλλοί
832 2235 866 2280 τι
888 2203 945 2280 καὶ
967 2200 1086 2302 ἕτερον
1104 2200 1310 2301 προστιθεὶς

109 2321 131 2399 ό
168 2320 340 2425 μακάριος
377 2323 664 2432 Εὐαγγελιστὴς,
704 2326 768 2404 οῦκ
805 2324 1035 2428 ἀπρονοήτως
1072 2321 1201 2428 ἔχοντα
1236 2325 1309 2400 τιῦν
1359 2370 1364 2383 ·

109 2443 234 2550 ὄχλων
252 2445 397 2526 δεικνύει
415 2444 478 2527 τὸν
492 2447 638 2550 Κύρων,
657 2449 742 2528 ἀλλ’
764 2454 812 2532 εἰς
831 2446 970 2555 τροφὰς
988 2447 1056 2547 ἤδη
1076 2449 1135 2525 καὶ
1152 2445 1306 2524 πανδαι-

109 2571 196 2650 σίαν
218 2569 517 2672 εύτρεπιζῦμενον·
552 2571 610 2651 ἵνα
638 2570 682 2670 δὴ
709 2573 823 2654 πάλιν
847 2569 906 2651 διὰ
932 2569 1061 2652 τούτου
1089 2573 1173 2674 νοῇς
1200 2564 1242 2648 τό
1270 2569 1309 2646 ἐν

58 2740 61 2748 ·
108 2693 313 2796 παροιμίαις
351 2690 548 2799 φερόμενον
586 2705 608 2743 “
626 2695 685 2774 Οῦ
720 2692 974 2794 λιμοκτονήσει
1012 2693 1144 2796 Κύριος
1183 2688 1308 2797 ψυχὴν
1353 2688 1428 2814 {rom
1437 2706 1464 2740 ¹·

55 2826 132 2898 ιο“
150 2814 323 2896 δικαίαν·”
352 2814 478 2897 ἑαυτὸν
499 2816 570 2920 γὰρ
597 2820 829 2920 παρατίθησι,
853 2815 1013 2919 καθάπερ
1041 2817 1152 2918 ἄρτον
1178 2815 1223 2920 ἐξ
1249 2801 1360 2894 ob-b'

107 2948 230 3042 ρανοῦ,
259 2943 317 3019 καὶ
345 2937 408 3024 τὰς
435 2946 508 3020 τῶν
535 2941 770 3048 φοβουμένων
801 2940 909 3022 αὐτὸν
936 2938 1136 3044 ἀποθρίψει
1167 2937 1304 3044 ψυχάς·

107 3064 227 3146 πάντα
264 3062 302 3143 δέ
337 3064 455 3146 αὐτοῖς
491 3065 661 3168 ἐτοιμάζει
698 3064 744 3147 τὰ
780 3065 930 3168 ζωαρκῆ,
968 3059 1130 3165 καθάπερ
1170 3060 1233 3140 οῦν
1269 3063 1307 3139 ἐν

108 3191 271 3293 ψαλμοῖς
309 3184 407 3288 λε’γει
438 3185 481 3267 τό
510 3197 531 3234 “
549 3189 779 3289 Ἠτοίμασας
814 3185 882 3289 τὴν
917 3185 1058 3293 τροφὴν
1089 3184 1217 3278 αὐτῶν,
1250 3182 1306 3263 ὅτι
1351 3187 1464 3305 {3¹⁶¹-

108 3311 261 3396 “ofnas
293 3308 316 3408 ἡ
348 3308 537 3406 ἐτοιμασία
569 3312 674 3392 σου.”
717 3313 776 3391 καὶ
813 3308 919 3394 αὐτὸς
956 3306 998 3387 δέ
1031 3342 1102 3388 που
1137 3308 1254 3412 φησὶν
1285 3307 1305 3386 ὁ

56 3465 95 3525 15
107 3432 269 3537 Χριστός
289 3443 311 3480 “
324 3429 445 3531 Ἀμὴν
463 3431 558 3533 ἀμὴν
581 3434 678 3532 λε’γω
704 3436 834 3532 ῦμῖν,ὁ
863 3431 1052 3537 ἐρχόμενος
1079 3428 1170 3533 πρὸς
1194 3429 1239 3530 μέ
1264 3431 1306 3511 ού
1350 3422 1453 3553 33⁸3&

107 3566 129 3624 ‘-‘
147 3555 197 3658 μὴ
221 3554 375 3660 πεινάσῃ
400 3554 581 3636 πιύποτε·”
612 3557 778 3637 ἐπιδώσει
799 3555 880 3659 γὰρ,
900 3553 1061 3660 καθάπερ
1086 3554 1155 3654 ἤδη
1180 3554 1303 3657 προεί-

106 3713 235 3780 πομεν,
256 3678 321 3765 τὰς
347 3679 393 3788 ἐξ
417 3680 568 3783 ούρανοῦ
596 3679 764 3780 δηλονότι
789 3679 938 3787 τροφὰς,
964 3683 1022 3759 καὶ
1047 3676 1113 3778 τὴν
1134 3681 1305 3777 πολυειδῆ

105 3813 170 3886 τοῦ
193 3803 404 3902 Πνεύματος
430 3801 750 3912 ἐπιδαψιλεύσεται
776 3801 891 3909 χάριν.
930 3799 1164 3906 εύτρεπίζεται
1192 3797 1334 3902 γεμὴνο

104 3927 195 4032 πρὸς
212 3926 255 4010 τὸ
273 3930 396 4008 δοῦναι
421 3933 494 4012 τοῖς
518 3935 717 4031 προσιοῦσι
739 3924 804 4010 τὰς
828 3923 978 4032 τροφὰς,
996 3923 1077 4006 οῦδὲ
1101 3925 1305 4029 περιμείνας

50 4088 93 4146 30
104 4049 171 4150 τὴν
198 4051 353 4152 αἴτησιν.
394 4061 416 4100 “
431 4049 486 4133 Τὸ
519 4049 592 4154 γὰρ
622 4052 661 4131 τί
687 4048 964 4158 προσευξόμεθα
994 4050 1075 4130 καθ’
1105 4047 1126 4130 δ
1156 4052 1212 4129 δεῖ
1240 4049 1304 4129 οῦκ
1347 4050 1452 4168 {033⁶-

142 4330 167 4397 α..
185 4317 376 4385 μεταλαβόντες
389 4314 422 4370 Β.
559 4331 586 4401 9.
604 4313 683 4368 αὐτοῦ
695 4320 864 4382 assumptum
875 4329 908 4367 ex
922 4312 955 4368 Β.
1101 4324 1142 4382 15.
1160 4310 1303 4367 τιιωὶλοο

105 4384 198 4440 οτδιυο
211 4386 244 4441 Β.
382 4402 423 4456 17.
441 4385 597 4441 πονδαισιαν
609 4383 680 4439 BD.
691 4383 845 4440 πανδαισίος
857 4382 909 4438 Ed.
1035 4398 1077 4438 το.
1098 4381 1257 4454 παρατίθησι
1270 4380 1304 4438 Β.

107 4454 253 4581 maffia
266 4456 318 4512 Ed.
505 4472 549 4511 21.
566 4453 710 4526 όποτρίψει
723 4453 826 4526 Migne.
1012 4469 1055 4524 23.
1072 4451 1145 4524 λίγει
1156 4454 1187 4509 τό
1199 4452 1233 4508 Β.
1245 4451 1304 4509 ε’λί·

105 4548 168 4597 γετο
226 4566 232 4579 .
