3038 5018
265 281 328 345 632
565 279 604 344 B.
628 278 839 344 CYRILLI
868 278 1155 344 ALEXANDR.
1353 273 1463 355 viim„

97 467 212 525 482A.
233 445 363 526 αἱδίοις
392 442 587 544 θελήμασι,
614 442 682 524 κᾶν
706 444 858 544 ἡδίστην
882 443 974 548 ἔχειν
999 442 1261 546 ῦποκρίνωνται
1290 437 1362 540 τὴν
1385 439 1465 519 ἀπό-

224 665 228 671 .
263 577 408 664 λαυσιν,
443 565 554 666 μόνον
585 565 624 647 δὲ
656 567 699 648 τὸ
732 572 859 648 δοκοῦν
888 576 939 674 τῷ
969 573 1053 674 Θεῷ
1084 565 1256 670 στέργειν
1290 565 1354 645 καὶ
1387 567 1464 666 δρῦν

263 689 543 789 ἀναπειθόμενοι.
597 690 764 790 τοιαύτην
801 691 885 790 ἡμῖν
922 689 1195 792 εῖσκομιζούσης
1234 692 1302 788 τῆς
1343 690 1464 788 ἀληθε-

264 814 396 917 στέρας
413 817 606 918 περιτομῆς
624 813 691 913 τὴν
710 814 870 912 δύναμιν,
888 813 979 918 πρὸς
996 811 1079 899 τοῦς
1098 815 1156 894 ε’πῖ
1173 809 1273 918 μόνη
1291 817 1343 917 τῇ
1366 814 1465 912 σαρκὶ

263 945 551 1045 μεγαλοφρονεῖν
579 938 747 1020 εἰωθότας
775 937 918 1021 εἰκότως
944 935 990 1018 ἂν
1017 937 1159 1039 λε’γοιτο
1178 947 1199 985 “
1216 933 1484 1039 Περιτμήθητι5

264 1072 287 1110 “
304 1069 357 1169 τῷ
374 1067 469 1170 Θεῷ,
484 1065 542 1141 καὶ
558 1067 805 1164 περιτεμεῖσθε
823 1059 889 1160 τὴν
907 1061 1196 1165 σκληροκαρδίαν
1216 1061 1336 1159 ῦμῶυ,
1351 1058 1466 1160 ἅνδρες

264 1195 287 1234 “
305 1184 424 1265 Ἰούδα
443 1187 502 1264 καὶ
519 1189 553 1264 οἱ
573 1192 818 1269 κατοικοῦντες
831 1183 1103 1286 Ἰερουσαλήμ.”
1130 1185 1150 1263 ὁ
1169 1181 1244 1285 γὰρ
1262 1180 1337 1281 τὴν
1356 1180 1468 1284 σάρκα

264 1309 568 1414 περιτεμνόμενος,
595 1307 689 1414 μόνη
720 1309 971 1410 περιτέτμηται
997 1312 1044 1413 τῇ
1070 1309 1190 1409 σαρκὶ,
1222 1307 1245 1386 ό
1274 1303 1317 1386 δὲ
1346 1303 1467 1406 τὴνέν

265 1435 439 1533 πνεύματι
465 1429 661 1535 περιτομὴν
686 1430 745 1511 διὰ
771 1431 929 1516 πίστεως
955 1435 1020 1530 τῆς
1047 1436 1096 1516 εἱς
1120 1428 1292 1533 Χριστὸν
1320 1426 1466 1529 κομισά-

231 1573 381 1657 δμενος,
399 1556 498 1663 μόνιρ
517 1558 576 1634 καὶ
595 1558 740 1656 ἀληθῶς
757 1554 1000 1659 περιτέμνεται
1018 1560 1069 1662 τῷ
1088 1559 1181 1661 Θεῷ.
1477 1585 1499 1624 υ

234 1735 238 1751 ·
323 1677 514 1784 Δεχόμεθα
541 1677 578 1759 δὲ
606 1678 673 1779 τὴν
696 1681 733 1759 ἐν
758 1678 933 1778 πνεύματι
959 1675 1154 1782 περιτομὴν
1179 1673 1466 1779 ἀνακομίζουσαν

265 1803 358 1902 ἡμᾶς
385 1809 434 1888 εἰς
461 1802 657 1903 οἰκειότητα
683 1801 749 1903 τὴν
777 1806 825 1887 ὡς
851 1801 943 1906 πρὸς
971 1800 1076 1901 Θεὸν,
1102 1801 1192 1882 κατὰ
1221 1799 1291 1901 τὴν
1323 1801 1462 1905 ὀγδόην,

266 1924 431 2007 τουτέστι
462 1925 529 2027 τὴν
557 1925 810 2025 ἀναστόσιμον
842 1932 906 2005 τοῦ
940 1929 1108 2029 Σωτῆρος
1136 1925 1289 2028 ἡμεραν,
1323 1932 1465 2026 σημεῖον

265 2057 372 2129 τοῦτο
402 2048 575 2151 τιθέμενοι
604 2059 668 2130 τοῦ
697 2047 874 2157 πρόξενον
900 2046 988 2129 εἶναι
1016 2047 1105 2152 ζωῆς
1131 2045 1198 2148 τὴν
1226 2052 1265 2129 εὐ
1296 2049 1465 2150 πνεύματι

265 2172 475 2276 περιτομὴν,
511 2175 571 2254 καὶ
607 2181 857 2258 συναινοῦντες
892 2173 1029 2277 τρόπον
1058 2171 1138 2252 τινὰ
1175 2173 1219 2252 δι’
1256 2175 1378 2254 αὐτοῦ
1411 2180 1498 2255 τοῦῐε

266 2297 489 2402 πράγματος,
509 2297 564 2378 ὅτι
590 2296 823 2402 συζησόμεθα
848 2304 899 2404 τῷ
924 2303 1077 2405 Χριστῷ
1101 2294 1192 2377 κατὰ
1218 2296 1261 2376 τδ
1288 2297 1466 2400 εἰρημένοι

98 2427 199 2558 ξθῑγῑῑ·
269 2422 327 2502 διὰ
345 2431 409 2502 τοῦ
428 2422 591 2502 Παύλου·
621 2432 642 2468 “
656 2419 872 2502 Ἀπεθάνετε
892 2419 976 2524 γὰρ,
994 2425 1051 2501 καὶ
1076 2421 1098 2520 ἡ
1124 2418 1193 2524 ζωὴ
1221 2422 1330 2518 ὑμῶν
1348 2421 1464 2524 κε’κρυ·

118 2528 125 2554 ’
238 2557 290 2624 σ“
308 2581 395 2627 πται
420 2545 491 2625 σῦν
509 2552 560 2653 τῷ
582 2550 735 2654 Χριστῷ
760 2547 797 2625 ἐν
816 2551 867 2653 τῷ
886 2550 980 2652 Θεῷ·
1012 2544 1139 2625 ότανό
1163 2544 1336 2646 Χριστός
1362 2551 1465 2652 φακ·

268 2679 290 2718 “
306 2676 417 2774 ρωθῇ,
441 2670 463 2769 ἡ
491 2666 561 2773 ζωὴ
590 2671 700 2767 ῦμῶν,
720 2666 799 2748 τότε
828 2672 886 2749 καὶ
915 2670 1011 2767 ὑμεῖς
1038 2666 1109 2749 σῦν
1134 2669 1231 2775 αύτῷ
1255 2666 1467 2775 φανερωθίγ·

267 2803 289 2840 “
307 2799 422 2872 σεσθε
449 2795 486 2872 ἐν
513 2793 633 2899 δόξη.”
671 2791 694 2893 ἢ
723 2792 796 2895 γὰρ
825 2794 904 2897 οὐχὶ
933 2798 990 2873 καὶ
1019 2790 1204 2892 ἀληθεύων
1225 2794 1305 2894 ἐρεῖ
1329 2828 1399 2885 τις,
1420 2792 1501 2873 ότιυ

266 2921 319 3024 τῷ
347 2914 473 3025 κόσμιρ
500 2917 709 3023 τεθνηξεταί
733 2951 798 3013 τις,
822 2916 887 3000 τὰς
914 2919 952 2997 ἐν
977 2914 1104 3024 κόσμιρ
1132 2914 1190 2996 διὰ
1216 2916 1320 2997 Θεὸν
1345 2914 1468 3018 ἦδονάι

266 3039 568 3144 παραιτούμενος,
603 3040 745 3120 τοιόσδε
773 3074 827 3125 τις
854 3043 913 3120 καὶ
941 3042 961 3119 ὁ
990 3040 1183 3124 θεσπέσιος
1207 3044 1367 3127 Παῦλος
1392 3042 1469 3140 vim)

98 3159 202 3291 εἴη·
268 3165 477 3270 ἀνεφαίνετο
498 3162 617 3266 λε’γωυ
636 3173 657 3210 “
670 3165 776 3262 Ἐμοὶ
794 3162 832 3243 δὲ
849 3160 900 3263 μὴ
920 3165 1057 3265 γίνοιτο
1076 3169 1298 3267 καυχᾶσθαι,
1318 3171 1350 3246 εῖ
1369 3164 1422 3265 μὴ
1439 3167 1471 3244 εὐ

268 3301 290 3338 “
308 3295 359 3395 τῷ
386 3293 533 3394 σταυρῷ
559 3296 624 3367 τοῦ
648 3292 823 3389 Χριστοῦ,
847 3288 890 3368 δι’
915 3287 957 3366 οὗ
982 3290 1059 3385 ἐμοὶ
1083 3287 1220 3385 κόσμος
1243 3288 1472 3391 ἐσταύρωται

268 3421 290 3460 “
309 3409 409 3512 κάγὼ
433 3417 484 3516 τῷ
510 3410 672 3517 κόσμῳ.”
701 3410 846 3515 με’τοχοι
873 3411 945 3513 γὰρ
972 3407 1159 3512 γεγονότες
1175 3409 1297 3489 ἀὑτοῦ
1325 3410 1389 3492 διὰ
1414 3421 1505 3501 ταῦτα

270 3532 491 3631 Πνεῦματος,
522 3540 586 3612 τοῦ
620 3539 746 3612 πᾶσαν
777 3531 844 3632 τὴν
876 3536 914 3612 ἐν
946 3533 1031 3633 ἡμῖν
1063 3531 1294 3636 ἀκαθαρσίαν
1326 3537 1472 3641 ἀχειροε

235 3656 423 3756 ἀποιήτως
454 3656 732 3760 περιτέμνοντος,
761 3656 1003 3759 ε’νεκριύθημεν
1031 3661 1082 3763 τῷ
1114 3652 1253 3762 κόσμῳ,
1285 3657 1410 3760 ζῶμεν
1441 3659 1474 3740 δέ

269 3779 335 3879 τὴν
364 3782 517 3884 ἀρίστην
546 3777 637 3882 ζωὴν
666 3785 718 3886 τῷ
753 3783 848 3887 Θεῷ.
901 3782 1028 3860 οὐκοῦν
1058 3777 1150 3860 κατά
1183 3778 1250 3878 τὴν
1283 3783 1475 3885 ὀγδόηνη

268 3902 442 4006 περιτομὴ
470 3903 529 3983 διὰ
555 3901 621 4002 την
643 3900 848 3982 ἀνάστασιν
870 3912 935 3982 τοῦ
957 3909 1133 4006 Χριστοῦ,
1150 3906 1210 3981 καὶ
1234 3905 1280 3982 οῦ
1307 3905 1390 4009 πρὸ
1420 3913 1477 4007 τῆς

270 4026 413 4128 ὀγδόης·
457 4028 498 4106 οῦ
532 4025 604 4129 γὰρ
635 4025 707 4128 πρό
740 4030 803 4125 τῆς
836 4016 1072 4110 ἀναστάσεως
1105 4025 1126 4124 ἦ
1159 4033 1222 4104 τοῦ
1259 4029 1509 4130 Πιιεύματος3ο

309 4288 332 4325 1.
351 4271 429 4329 ἰδίους
441 4271 513 4325 Aub.
526 4272 629 4326 correxi
634 4281 702 4395 ρους
716 4271 818 4343 Migne.
937 4288 964 4338 5.
982 4271 1049 4345 μέγα
1061 4273 1168 4396 ἓρονεῖν
1181 4268 1215 4325 B·
1277 4275 1477 4350 Περιτμῦθητι]

273 4350 300 4404 4
317 4343 363 4411 τὴν
376 4345 458 4411 σάρκα
471 4342 522 4397 Ed.
535 4343 619 4396 invito
801 4343 827 4397 8.
847 4341 945 4413 ,μόνη]
958 4345 1047 4412 μόνην,
1087 4383 1093 4396 .
1143 4341 1240 4397 Statim
1251 4348 1435 4420 περιτίμηται
1447 4351 1478 4405 D.

269 4413 309 4483 ἐν]
330 4417 405 4485 ψτῷ
419 4413 452 4467 Β.
538 4430 579 4467 12.
599 4413 664 4482 ἡμᾶς
676 4424 845 4484 assumptum
858 4431 890 4466 ex
905 4396 938 4467 B.
1020 4430 1061 4480 14.
1080 4409 1479 4494 τηνέντνεῦμοτιπεριτομησ]

269 4510 314 4577 τῆς
327 4508 355 4561 ἐν
365 4505 488 4577 πνεύματι
500 4499 640 4580 περιτομῇό
654 4509 685 4566 Β.
795 4526 837 4564 22.
855 4510 959 4565 τοιόσδε
971 4507 1023 4581 τις]
1037 4513 1152 4566 τοιοῦτος
1164 4496 1195 4583 δῆ
1207 4497 1240 4528 Μ
1254 4507 1291 4567 Β.
