<?xml version="1.0" encoding="UTF-8"?>
<!DOCTYPE html PUBLIC "-//W3C//DTD XHTML 1.0 Transitional//EN"
    "http://www.w3.org/TR/xhtml1/DTD/xhtml1-transitional.dtd">
<html xmlns="http://www.w3.org/1999/xhtml" xml:lang="en" lang="en">
 <head>
  <title>
</title>
<meta http-equiv="Content-Type" content="text/html;charset=utf-8" />
  <meta name='ocr-system' content='tesseract 3.04.00' />
  <meta name='ocr-capabilities' content='ocr_page ocr_carea ocr_par ocr_line ocrx_word'/>
</head>
<body>
  <div class='ocr_page' id='page_1' title='image "./sanctipatrisnos00pusegoog_0052.png"; bbox 0 0 3038 5018; ppageno 0'>
   <div class='ocr_carea' id='block_1_1' title="bbox 93 274 1294 352">
    <p class='ocr_par' dir='ltr' id='par_1_1' title="bbox 93 274 1294 352">
     <span class='ocr_line' id='line_1_1' title="bbox 93 274 1294 352; baseline 0.005 -6"><span class='ocrx_word' id='word_1_1' title='bbox 93 281 159 350; x_wconf 88' lang='lat' dir='ltr'>i.1.</span> <span class='ocrx_word' id='word_1_2' title='bbox 285 282 342 350; x_wconf 94' lang='lat' dir='ltr'>IN</span> <span class='ocrx_word' id='word_1_3' title='bbox 372 284 406 349; x_wconf 83' lang='lat' dir='ltr'>S.</span> <span class='ocrx_word' id='word_1_4' title='bbox 430 282 685 351; x_wconf 82' lang='lat' dir='ltr'><strong>JOANNEM.</strong></span> <span class='ocrx_word' id='word_1_5' title='bbox 728 285 827 352; x_wconf 85' lang='lat' dir='ltr'>LIB.</span> <span class='ocrx_word' id='word_1_6' title='bbox 851 287 878 351; x_wconf 89' lang='lat'>1.</span> <span class='ocrx_word' id='word_1_7' title='bbox 924 274 1028 352; x_wconf 80' lang='lat' dir='ltr'><strong>cAP.</strong></span> <span class='ocrx_word' id='word_1_8' title='bbox 1044 286 1111 351; x_wconf 94' lang='lat' dir='ltr'><strong>III.</strong></span> <span class='ocrx_word' id='word_1_9' title='bbox 1250 289 1294 352; x_wconf 83' lang='grc'>39</span> 
     </span>
    </p>
   </div>
   <div class='ocr_carea' id='block_1_2' title="bbox 44 443 1326 2946">
    <p class='ocr_par' dir='ltr' id='par_1_2' title="bbox 44 443 1326 2946">
     <span class='ocr_line' id='line_1_2' title="bbox 93 443 1294 556; baseline 0.004 -31"><span class='ocrx_word' id='word_1_10' title='bbox 93 443 220 549; x_wconf 94' lang='grc' dir='ltr'>λόγοις</span> <span class='ocrx_word' id='word_1_11' title='bbox 246 447 649 556; x_wconf 83' lang='grc' dir='ltr'>κατασφενδονοόμενοι,</span> <span class='ocrx_word' id='word_1_12' title='bbox 668 453 919 532; x_wconf 75' lang='grc' dir='ltr'>δυσωποῦνται</span> <span class='ocrx_word' id='word_1_13' title='bbox 941 447 1009 548; x_wconf 83' lang='grc' dir='ltr'>τὴν</span> <span class='ocrx_word' id='word_1_14' title='bbox 1032 451 1215 552; x_wconf 80' lang='grc' dir='ltr'>ἀλήθειαν,</span> <span class='ocrx_word' id='word_1_15' title='bbox 1234 453 1294 531; x_wconf 86' lang='grc' dir='ltr'>καὶ</span> 
     </span>
     <span class='ocr_line' id='line_1_3' title="bbox 92 567 1295 681; baseline 0.004 -31"><span class='ocrx_word' id='word_1_16' title='bbox 92 567 185 651; x_wconf 86' lang='grc' dir='ltr'>Υἰὸν</span> <span class='ocrx_word' id='word_1_17' title='bbox 216 567 305 652; x_wconf 72' lang='grc' dir='ltr'>εἶναι</span> <span class='ocrx_word' id='word_1_18' title='bbox 335 573 486 675; x_wconf 89' lang='grc' dir='ltr'>λέγουσι</span> <span class='ocrx_word' id='word_1_19' title='bbox 517 575 577 653; x_wconf 86' lang='grc' dir='ltr'>καὶ</span> <span class='ocrx_word' id='word_1_20' title='bbox 612 571 717 672; x_wconf 88' lang='grc' dir='ltr'>Θεὸν,</span> <span class='ocrx_word' id='word_1_21' title='bbox 746 573 798 674; x_wconf 80' lang='grc' dir='ltr'>μὴ</span> <span class='ocrx_word' id='word_1_22' title='bbox 832 577 1081 681; x_wconf 91' lang='grc' dir='ltr'>φρονείτωσαν</span> <span class='ocrx_word' id='word_1_23' title='bbox 1115 579 1164 659; x_wconf 81' lang='grc' dir='ltr'>ὡς</span> <span class='ocrx_word' id='word_1_24' title='bbox 1194 574 1295 656; x_wconf 64' lang='grc' dir='ltr'>εἲντιν</span> 
     </span>
     <span class='ocr_line' id='line_1_4' title="bbox 92 691 1326 806; baseline 0.006 -31"><span class='ocrx_word' id='word_1_25' title='bbox 92 691 256 776; x_wconf 76' lang='grc' dir='ltr'>ἐλάττων</span> <span class='ocrx_word' id='word_1_26' title='bbox 269 703 335 776; x_wconf 92' lang='grc' dir='ltr'>τοῦ</span> <span class='ocrx_word' id='word_1_27' title='bbox 347 696 609 799; x_wconf 75' lang='grc' dir='ltr'>γεγεννηκότος.</span> <span class='ocrx_word' id='word_1_28' title='bbox 638 704 714 781; x_wconf 84' lang='grc' dir='ltr'>πιῦς</span> <span class='ocrx_word' id='word_1_29' title='bbox 728 697 799 802; x_wconf 82' lang='grc' dir='ltr'>γὰρ</span> <span class='ocrx_word' id='word_1_30' title='bbox 813 698 909 784; x_wconf 79' lang='grc' dir='ltr'>ὅλως</span> <span class='ocrx_word' id='word_1_31' title='bbox 921 698 1118 806; x_wconf 81' lang='grc' dir='ltr'>ἐπιδέξεται</span> <span class='ocrx_word' id='word_1_32' title='bbox 1129 697 1171 779; x_wconf 90' lang='grc' dir='ltr'>τὸ</span> <span class='ocrx_word' id='word_1_33' title='bbox 1185 697 1326 783; x_wconf 76' lang='grc' dir='ltr'>ἔλατ-ο</span> 
     </span>
     <span class='ocr_line' id='line_1_5' title="bbox 92 818 1293 927; baseline 0.006 -30"><span class='ocrx_word' id='word_1_34' title='bbox 92 851 158 898; x_wconf 87' lang='grc' dir='ltr'>τον</span> <span class='ocrx_word' id='word_1_35' title='bbox 175 822 226 902; x_wconf 80' lang='grc' dir='ltr'>ὡς</span> <span class='ocrx_word' id='word_1_36' title='bbox 240 818 332 923; x_wconf 89' lang='grc' dir='ltr'>πρὸς</span> <span class='ocrx_word' id='word_1_37' title='bbox 350 819 414 901; x_wconf 88' lang='grc' dir='ltr'>τὸν</span> <span class='ocrx_word' id='word_1_38' title='bbox 433 820 581 922; x_wconf 88' lang='grc' dir='ltr'>Πατέρα</span> <span class='ocrx_word' id='word_1_39' title='bbox 598 824 657 901; x_wconf 79' lang='grc' dir='ltr'>καὶ</span> <span class='ocrx_word' id='word_1_40' title='bbox 675 820 781 916; x_wconf 88' lang='grc' dir='ltr'>Θεὸν,</span> <span class='ocrx_word' id='word_1_41' title='bbox 801 822 887 910; x_wconf 78' lang='grc' dir='ltr'>Θεὸς</span> <span class='ocrx_word' id='word_1_42' title='bbox 911 821 961 903; x_wconf 86' lang='grc' dir='ltr'>ιῦν</span> <span class='ocrx_word' id='word_1_43' title='bbox 979 833 994 905; x_wconf 81' lang='grc' dir='ltr'>δ</span> <span class='ocrx_word' id='word_1_44' title='bbox 1015 825 1149 927; x_wconf 71' lang='grc' dir='ltr'>Λόγος,</span> <span class='ocrx_word' id='word_1_45' title='bbox 1179 825 1293 904; x_wconf 87' lang='grc' dir='ltr'>καίτοι</span> 
     </span>
     <span class='ocr_line' id='line_1_6' title="bbox 62 941 1290 1051; baseline 0.007 -32"><span class='ocrx_word' id='word_1_46' title='bbox 62 943 154 1029; x_wconf 60' lang='lat' dir='ltr'>sxa}</span> <span class='ocrx_word' id='word_1_47' title='bbox 176 941 367 1044; x_wconf 82' lang='grc' dir='ltr'>ἅνθρωπος</span> <span class='ocrx_word' id='word_1_48' title='bbox 391 944 584 1048; x_wconf 76' lang='grc' dir='ltr'>ἀνθρώπου</span> <span class='ocrx_word' id='word_1_49' title='bbox 609 944 812 1051; x_wconf 80' lang='grc' dir='ltr'>χρηματίζει</span> <span class='ocrx_word' id='word_1_50' title='bbox 836 980 875 1026; x_wconf 92' lang='grc' dir='ltr'>τε</span> <span class='ocrx_word' id='word_1_51' title='bbox 900 949 958 1026; x_wconf 79' lang='grc' dir='ltr'>καὶ</span> <span class='ocrx_word' id='word_1_52' title='bbox 983 945 1084 1027; x_wconf 80' lang='grc' dir='ltr'>ἔστιν</span> <span class='ocrx_word' id='word_1_53' title='bbox 1103 944 1186 1045; x_wconf 86' lang='grc' dir='ltr'>υίὸς,</span> <span class='ocrx_word' id='word_1_54' title='bbox 1206 949 1290 1027; x_wconf 79' lang='grc' dir='ltr'>ἀλλ’</span> 
     </span>
     <span class='ocr_line' id='line_1_7' title="bbox 92 1062 1290 1174; baseline 0.009 -31"><span class='ocrx_word' id='word_1_55' title='bbox 92 1064 159 1144; x_wconf 89' lang='grc' dir='ltr'>οῦκ</span> <span class='ocrx_word' id='word_1_56' title='bbox 176 1062 338 1147; x_wconf 85' lang='grc' dir='ltr'>ε’λιίττων</span> <span class='ocrx_word' id='word_1_57' title='bbox 354 1067 459 1148; x_wconf 79' lang='grc' dir='ltr'>ἔσται</span> <span class='ocrx_word' id='word_1_58' title='bbox 481 1077 546 1149; x_wconf 92' lang='grc' dir='ltr'>τοῦ</span> <span class='ocrx_word' id='word_1_59' title='bbox 569 1066 706 1173; x_wconf 87' lang='grc' dir='ltr'>πατρὸς</span> <span class='ocrx_word' id='word_1_60' title='bbox 730 1066 823 1149; x_wconf 81' lang='grc' dir='ltr'>κατά</span> <span class='ocrx_word' id='word_1_61' title='bbox 845 1104 887 1172; x_wconf 89' lang='grc' dir='ltr'>γε</span> <span class='ocrx_word' id='word_1_62' title='bbox 912 1068 954 1149; x_wconf 90' lang='grc' dir='ltr'>τὸ</span> <span class='ocrx_word' id='word_1_63' title='bbox 980 1066 1067 1149; x_wconf 83' lang='grc' dir='ltr'>εἶναι</span> <span class='ocrx_word' id='word_1_64' title='bbox 1088 1070 1290 1174; x_wconf 80' lang='grc' dir='ltr'>ἅνθρωπος·</span> 
     </span>
     <span class='ocr_line' id='line_1_8' title="bbox 92 1185 1293 1296; baseline 0.006 -28"><span class='ocrx_word' id='word_1_65' title='bbox 92 1185 284 1292; x_wconf 75' lang='grc' dir='ltr'>ἅνθρωπος</span> <span class='ocrx_word' id='word_1_66' title='bbox 307 1189 380 1295; x_wconf 81' lang='grc' dir='ltr'>γὰρ</span> <span class='ocrx_word' id='word_1_67' title='bbox 402 1191 601 1295; x_wconf 81' lang='grc' dir='ltr'>ἀνθρώπου,</span> <span class='ocrx_word' id='word_1_68' title='bbox 621 1193 710 1273; x_wconf 84' lang='grc' dir='ltr'>καθὸ</span> <span class='ocrx_word' id='word_1_69' title='bbox 728 1192 927 1294; x_wconf 82' lang='grc' dir='ltr'>ἅνθρωπος,</span> <span class='ocrx_word' id='word_1_70' title='bbox 947 1194 1010 1273; x_wconf 88' lang='grc' dir='ltr'>οῦκ</span> <span class='ocrx_word' id='word_1_71' title='bbox 1028 1191 1075 1272; x_wconf 84' lang='grc' dir='ltr'>ῦν</span> <span class='ocrx_word' id='word_1_72' title='bbox 1092 1193 1144 1292; x_wconf 83' lang='grc' dir='ltr'>εἴη</span> <span class='ocrx_word' id='word_1_73' title='bbox 1167 1192 1293 1296; x_wconf 79' lang='grc' dir='ltr'>μείζων</span> 
     </span>
     <span class='ocr_line' id='line_1_9' title="bbox 93 1309 1287 1422; baseline 0.003 -29"><span class='ocrx_word' id='word_1_74' title='bbox 93 1309 117 1412; x_wconf 80' lang='grc' dir='ltr'>ἢ</span> <span class='ocrx_word' id='word_1_75' title='bbox 148 1309 320 1412; x_wconf 85' lang='grc' dir='ltr'>ε’λόττων,</span> <span class='ocrx_word' id='word_1_76' title='bbox 347 1316 433 1395; x_wconf 79' lang='grc' dir='ltr'>ἀλλ’</span> <span class='ocrx_word' id='word_1_77' title='bbox 462 1314 542 1397; x_wconf 79' lang='grc' dir='ltr'>οῦδὲ</span> <span class='ocrx_word' id='word_1_78' title='bbox 572 1315 729 1418; x_wconf 79' lang='grc' dir='ltr'>ἅγγελος</span> <span class='ocrx_word' id='word_1_79' title='bbox 760 1315 921 1418; x_wconf 83' lang='grc' dir='ltr'>ἀγγέλου</span> <span class='ocrx_word' id='word_1_80' title='bbox 950 1315 1071 1422; x_wconf 88' lang='grc' dir='ltr'>τυχὸν,</span> <span class='ocrx_word' id='word_1_81' title='bbox 1099 1316 1190 1397; x_wconf 89' lang='grc' dir='ltr'>καθὸ</span> <span class='ocrx_word' id='word_1_82' title='bbox 1220 1318 1287 1420; x_wconf 69' lang='lat' dir='ltr'>dy·</span> 
     </span>
     <span class='ocr_line' id='line_1_10' title="bbox 92 1427 1293 1547; baseline 0.004 -31"><span class='ocrx_word' id='word_1_83' title='bbox 92 1434 255 1537; x_wconf 86' lang='grc' dir='ltr'>γελος,ἢ</span> <span class='ocrx_word' id='word_1_84' title='bbox 279 1436 399 1542; x_wconf 81' lang='grc' dir='ltr'>ἕτερόν</span> <span class='ocrx_word' id='word_1_85' title='bbox 417 1473 452 1519; x_wconf 94' lang='grc' dir='ltr'>τι</span> <span class='ocrx_word' id='word_1_86' title='bbox 475 1446 548 1519; x_wconf 80' lang='grc' dir='ltr'>τῶν</span> <span class='ocrx_word' id='word_1_87' title='bbox 566 1427 680 1520; x_wconf 83' lang='grc' dir='ltr'>ὄντων</span> <span class='ocrx_word' id='word_1_88' title='bbox 697 1437 788 1543; x_wconf 88' lang='grc' dir='ltr'>πρὸς</span> <span class='ocrx_word' id='word_1_89' title='bbox 812 1447 886 1520; x_wconf 83' lang='grc' dir='ltr'>πᾶν</span> <span class='ocrx_word' id='word_1_90' title='bbox 908 1441 1027 1520; x_wconf 81' lang='grc' dir='ltr'>ὁτιοῦν</span> <span class='ocrx_word' id='word_1_91' title='bbox 1048 1439 1215 1547; x_wconf 81' lang='grc' dir='ltr'>ὀμοφυές,</span> <span class='ocrx_word' id='word_1_92' title='bbox 1234 1443 1293 1522; x_wconf 83' lang='grc' dir='ltr'>καὶ</span> 
     </span>
     <span class='ocr_line' id='line_1_11' title="bbox 44 1555 1293 1667; baseline 0.006 -28"><span class='ocrx_word' id='word_1_93' title='bbox 44 1598 81 1641; x_wconf 86' lang='grc' dir='ltr'>ιο</span> <span class='ocrx_word' id='word_1_94' title='bbox 93 1555 157 1638; x_wconf 89' lang='grc' dir='ltr'>τὸν</span> <span class='ocrx_word' id='word_1_95' title='bbox 184 1562 249 1659; x_wconf 72' lang='grc' dir='ltr'>τῆς</span> <span class='ocrx_word' id='word_1_96' title='bbox 276 1561 384 1662; x_wconf 76' lang='grc' dir='ltr'>αι’πῆς</span> <span class='ocrx_word' id='word_1_97' title='bbox 411 1561 537 1647; x_wconf 77' lang='grc' dir='ltr'>οὐσίας</span> <span class='ocrx_word' id='word_1_98' title='bbox 563 1560 677 1664; x_wconf 88' lang='grc' dir='ltr'>λόγον</span> <span class='ocrx_word' id='word_1_99' title='bbox 703 1562 1056 1667; x_wconf 80' lang='grc' dir='ltr'>ἀποκεκληρωμέναι.</span> <span class='ocrx_word' id='word_1_100' title='bbox 1107 1565 1235 1644; x_wconf 81' lang='grc' dir='ltr'>οὐκοῦν</span> <span class='ocrx_word' id='word_1_101' title='bbox 1262 1571 1293 1646; x_wconf 84' lang='grc' dir='ltr'>εί</span> 
     </span>
     <span class='ocr_line' id='line_1_12' title="bbox 92 1679 1322 1790; baseline 0.011 -29"><span class='ocrx_word' id='word_1_102' title='bbox 92 1679 186 1762; x_wconf 75' lang='grc' dir='ltr'>κατὰ</span> <span class='ocrx_word' id='word_1_103' title='bbox 212 1681 385 1785; x_wconf 80' lang='grc' dir='ltr'>ἀλήθειάν</span> <span class='ocrx_word' id='word_1_104' title='bbox 408 1688 508 1766; x_wconf 80' lang='grc' dir='ltr'>ἐστιν</span> <span class='ocrx_word' id='word_1_105' title='bbox 525 1683 623 1784; x_wconf 78' lang='grc' dir='ltr'>Υἱὸς,</span> <span class='ocrx_word' id='word_1_106' title='bbox 645 1684 783 1788; x_wconf 82' lang='grc' dir='ltr'>ἀνάγκη</span> <span class='ocrx_word' id='word_1_107' title='bbox 811 1686 940 1790; x_wconf 85' lang='grc' dir='ltr'>λέγειν,</span> <span class='ocrx_word' id='word_1_108' title='bbox 963 1690 1011 1771; x_wconf 82' lang='grc' dir='ltr'>ὡς</span> <span class='ocrx_word' id='word_1_109' title='bbox 1038 1686 1139 1767; x_wconf 80' lang='grc' dir='ltr'>ἔστιν</span> <span class='ocrx_word' id='word_1_110' title='bbox 1162 1690 1202 1769; x_wconf 84' lang='grc' dir='ltr'>ἐκ</span> <span class='ocrx_word' id='word_1_111' title='bbox 1228 1692 1322 1789; x_wconf 79' lang='grc' dir='ltr'>τῆςο</span> 
     </span>
     <span class='ocr_line' id='line_1_13' title="bbox 92 1806 1293 1921; baseline 0.005 -35"><span class='ocrx_word' id='word_1_112' title='bbox 92 1806 220 1891; x_wconf 80' lang='grc' dir='ltr'>οὐσίας</span> <span class='ocrx_word' id='word_1_113' title='bbox 246 1817 311 1888; x_wconf 91' lang='grc' dir='ltr'>τοῦ</span> <span class='ocrx_word' id='word_1_114' title='bbox 335 1808 492 1913; x_wconf 79' lang='grc' dir='ltr'>Πατρός,</span> <span class='ocrx_word' id='word_1_115' title='bbox 510 1808 630 1891; x_wconf 81' lang='grc' dir='ltr'>πάντα</span> <span class='ocrx_word' id='word_1_116' title='bbox 653 1809 700 1890; x_wconf 83' lang='grc' dir='ltr'>τὸ</span> <span class='ocrx_word' id='word_1_117' title='bbox 722 1811 855 1911; x_wconf 80' lang='grc' dir='ltr'>ἐκείνης</span> <span class='ocrx_word' id='word_1_118' title='bbox 879 1811 951 1891; x_wconf 85' lang='grc' dir='ltr'>ἴδια</span> <span class='ocrx_word' id='word_1_119' title='bbox 975 1812 1095 1918; x_wconf 80' lang='grc' dir='ltr'>φέρων</span> <span class='ocrx_word' id='word_1_120' title='bbox 1120 1814 1157 1892; x_wconf 84' lang='grc' dir='ltr'>ἐν</span> <span class='ocrx_word' id='word_1_121' title='bbox 1180 1814 1293 1921; x_wconf 73' lang='grc' dir='ltr'>ἑαυτῷ</span> 
     </span>
     <span class='ocr_line' id='line_1_14' title="bbox 92 1930 1294 2041; baseline 0.005 -31"><span class='ocrx_word' id='word_1_122' title='bbox 92 1935 271 2035; x_wconf 82' lang='grc' dir='ltr'>φυσικῶς·</span> <span class='ocrx_word' id='word_1_123' title='bbox 301 1934 362 2013; x_wconf 81' lang='grc' dir='ltr'>καὶ</span> <span class='ocrx_word' id='word_1_124' title='bbox 385 1938 415 2014; x_wconf 86' lang='grc' dir='ltr'>εί</span> <span class='ocrx_word' id='word_1_125' title='bbox 440 1933 549 2041; x_wconf 78' lang='grc' dir='ltr'>φύσει</span> <span class='ocrx_word' id='word_1_126' title='bbox 570 1930 663 2017; x_wconf 88' lang='grc' dir='ltr'>Θεὸς</span> <span class='ocrx_word' id='word_1_127' title='bbox 687 1936 706 2013; x_wconf 84' lang='grc' dir='ltr'><strong>ὁ</strong></span> <span class='ocrx_word' id='word_1_128' title='bbox 726 1932 867 2037; x_wconf 77' lang='grc' dir='ltr'>Πατὴρ,</span> <span class='ocrx_word' id='word_1_129' title='bbox 885 1933 979 2018; x_wconf 84' lang='grc' dir='ltr'>Θεὸς</span> <span class='ocrx_word' id='word_1_130' title='bbox 1003 1932 1172 2034; x_wconf 88' lang='grc' dir='ltr'>δηλονότι</span> <span class='ocrx_word' id='word_1_131' title='bbox 1201 1934 1294 2016; x_wconf 79' lang='grc' dir='ltr'>κατὰ</span> 
     </span>
     <span class='ocr_line' id='line_1_15' title="bbox 93 2050 1295 2164; baseline 0.006 -31"><span class='ocrx_word' id='word_1_132' title='bbox 93 2050 211 2157; x_wconf 81' lang='grc' dir='ltr'>φῦσιν</span> <span class='ocrx_word' id='word_1_133' title='bbox 227 2057 325 2136; x_wconf 84' lang='grc' dir='ltr'>καὶὸ</span> <span class='ocrx_word' id='word_1_134' title='bbox 344 2055 464 2160; x_wconf 88' lang='grc' dir='ltr'>Λόγος</span> <span class='ocrx_word' id='word_1_135' title='bbox 486 2058 507 2136; x_wconf 86' lang='grc' dir='ltr'>ὁ</span> <span class='ocrx_word' id='word_1_136' title='bbox 528 2058 574 2164; x_wconf 82' lang='grc' dir='ltr'>ἐξ</span> <span class='ocrx_word' id='word_1_137' title='bbox 595 2058 703 2157; x_wconf 83' lang='grc' dir='ltr'>αῦτῆς</span> <span class='ocrx_word' id='word_1_138' title='bbox 721 2057 914 2158; x_wconf 84' lang='grc' dir='ltr'>γεννηθείς.</span> <span class='ocrx_word' id='word_1_139' title='bbox 956 2064 1034 2141; x_wconf 86' lang='grc' dir='ltr'>πιῦς</span> <span class='ocrx_word' id='word_1_140' title='bbox 1052 2059 1116 2137; x_wconf 82' lang='grc' dir='ltr'>οῦν</span> <span class='ocrx_word' id='word_1_141' title='bbox 1132 2057 1295 2140; x_wconf 80' lang='grc' dir='ltr'>ἐλάττων</span> 
     </span>
     <span class='ocr_line' id='line_1_16' title="bbox 45 2175 1134 2281; baseline 0.01 -27"><span class='ocrx_word' id='word_1_142' title='bbox 45 2205 80 2265; x_wconf 81' lang='lat'>15</span> <span class='ocrx_word' id='word_1_143' title='bbox 94 2175 200 2256; x_wconf 81' lang='grc' dir='ltr'>ἔσται</span> <span class='ocrx_word' id='word_1_144' title='bbox 218 2176 311 2264; x_wconf 89' lang='grc' dir='ltr'>Θεὸς</span> <span class='ocrx_word' id='word_1_145' title='bbox 330 2185 437 2280; x_wconf 82' lang='grc' dir='ltr'>Θεοῦ,</span> <span class='ocrx_word' id='word_1_146' title='bbox 456 2183 532 2262; x_wconf 86' lang='grc' dir='ltr'>κατ’</span> <span class='ocrx_word' id='word_1_147' title='bbox 553 2178 640 2262; x_wconf 80' lang='grc' dir='ltr'>αι’ντὸ</span> <span class='ocrx_word' id='word_1_148' title='bbox 660 2179 703 2281; x_wconf 76' lang='grc' dir='ltr'>δὴ</span> <span class='ocrx_word' id='word_1_149' title='bbox 722 2188 828 2262; x_wconf 90' lang='grc' dir='ltr'>τοῦτο</span> <span class='ocrx_word' id='word_1_150' title='bbox 846 2179 888 2261; x_wconf 90' lang='grc' dir='ltr'>τὸ</span> <span class='ocrx_word' id='word_1_151' title='bbox 907 2177 995 2261; x_wconf 80' lang='grc' dir='ltr'>εἶναι</span> <span class='ocrx_word' id='word_1_152' title='bbox 1013 2179 1107 2265; x_wconf 83' lang='grc' dir='ltr'>Θεός</span> <span class='ocrx_word' id='word_1_153' title='bbox 1123 2214 1134 2279; x_wconf 86' lang='lat'>3</span> 
     </span>
     <span class='ocr_line' id='line_1_17' title="bbox 149 2301 1294 2409; baseline 0.008 -31"><span class='ocrx_word' id='word_1_154' title='bbox 149 2331 251 2381; x_wconf 68' lang='lat' dir='ltr'>mo.</span> <span class='ocrx_word' id='word_1_155' title='bbox 292 2302 413 2385; x_wconf 85' lang='grc' dir='ltr'>Πόθεν</span> <span class='ocrx_word' id='word_1_156' title='bbox 454 2308 546 2404; x_wconf 79' lang='grc' dir='ltr'>ὑμῖν,</span> <span class='ocrx_word' id='word_1_157' title='bbox 584 2301 613 2385; x_wconf 83' lang='grc' dir='ltr'>ιῦ</span> <span class='ocrx_word' id='word_1_158' title='bbox 655 2305 762 2403; x_wconf 83' lang='grc' dir='ltr'>οῦτοι,</span> <span class='ocrx_word' id='word_1_159' title='bbox 800 2306 955 2409; x_wconf 79' lang='grc' dir='ltr'>πάρεστι</span> <span class='ocrx_word' id='word_1_160' title='bbox 995 2312 1137 2405; x_wconf 82' lang='grc' dir='ltr'>τολμᾶν</span> <span class='ocrx_word' id='word_1_161' title='bbox 1173 2304 1215 2386; x_wconf 89' lang='grc' dir='ltr'>τὸ</span> <span class='ocrx_word' id='word_1_162' title='bbox 1255 2307 1294 2387; x_wconf 81' lang='grc' dir='ltr'>ἐν</span> 
     </span>
     <span class='ocr_line' id='line_1_18' title="bbox 93 2421 1292 2531; baseline 0.003 -25"><span class='ocrx_word' id='word_1_163' title='bbox 93 2421 265 2506; x_wconf 75' lang='grc' dir='ltr'>ἐλάττοσι</span> <span class='ocrx_word' id='word_1_164' title='bbox 283 2434 424 2509; x_wconf 86' lang='grc' dir='ltr'>κεῖσθαι</span> <span class='ocrx_word' id='word_1_165' title='bbox 441 2428 560 2530; x_wconf 85' lang='grc' dir='ltr'>λέγειν</span> <span class='ocrx_word' id='word_1_166' title='bbox 578 2428 642 2510; x_wconf 89' lang='grc' dir='ltr'>τὸν</span> <span class='ocrx_word' id='word_1_167' title='bbox 660 2428 762 2527; x_wconf 82' lang='grc' dir='ltr'>Υίὸν,</span> <span class='ocrx_word' id='word_1_168' title='bbox 780 2427 802 2530; x_wconf 84' lang='grc' dir='ltr'>ἢ</span> <span class='ocrx_word' id='word_1_169' title='bbox 821 2431 859 2509; x_wconf 83' lang='grc' dir='ltr'>ἐν</span> <span class='ocrx_word' id='word_1_170' title='bbox 877 2428 929 2514; x_wconf 84' lang='grc' dir='ltr'>οἶς</span> <span class='ocrx_word' id='word_1_171' title='bbox 947 2432 1048 2509; x_wconf 78' lang='grc' dir='ltr'>ἐστιν</span> <span class='ocrx_word' id='word_1_172' title='bbox 1067 2432 1087 2509; x_wconf 84' lang='grc' dir='ltr'><em>ὃ</em></span> <span class='ocrx_word' id='word_1_173' title='bbox 1111 2429 1292 2531; x_wconf 74' lang='grc' dir='ltr'>γεννήσας</span> 
     </span>
     <span class='ocr_line' id='line_1_19' title="bbox 92 2548 1292 2660; baseline 0.003 -30"><span class='ocrx_word' id='word_1_174' title='bbox 92 2548 228 2649; x_wconf 84' lang='grc' dir='ltr'>αῦτόν;</span> <span class='ocrx_word' id='word_1_175' title='bbox 264 2551 357 2632; x_wconf 84' lang='grc' dir='ltr'>κατὰ</span> <span class='ocrx_word' id='word_1_176' title='bbox 381 2553 461 2633; x_wconf 90' lang='grc' dir='ltr'>τίνα</span> <span class='ocrx_word' id='word_1_177' title='bbox 485 2549 522 2633; x_wconf 72' lang='grc' dir='ltr'>δὲ</span> <span class='ocrx_word' id='word_1_178' title='bbox 547 2551 682 2656; x_wconf 89' lang='grc' dir='ltr'>τρόπον</span> <span class='ocrx_word' id='word_1_179' title='bbox 704 2552 746 2634; x_wconf 88' lang='grc' dir='ltr'>τὸ</span> <span class='ocrx_word' id='word_1_180' title='bbox 772 2550 925 2633; x_wconf 78' lang='grc' dir='ltr'>’ἔλαττον</span> <span class='ocrx_word' id='word_1_181' title='bbox 948 2552 1164 2660; x_wconf 70' lang='grc' dir='ltr'>ἐσδέξεται,</span> <span class='ocrx_word' id='word_1_182' title='bbox 1199 2552 1292 2634; x_wconf 76' lang='grc' dir='ltr'>κατὰ</span> 
     </span>
     <span class='ocr_line' id='line_1_20' title="bbox 91 2672 1325 2783; baseline 0.002 -29"><span class='ocrx_word' id='word_1_183' title='bbox 91 2672 159 2771; x_wconf 78' lang='grc' dir='ltr'>μέν</span> <span class='ocrx_word' id='word_1_184' title='bbox 190 2677 256 2754; x_wconf 83' lang='grc' dir='ltr'>οὖν</span> <span class='ocrx_word' id='word_1_185' title='bbox 285 2675 350 2755; x_wconf 86' lang='grc' dir='ltr'>τὸν</span> <span class='ocrx_word' id='word_1_186' title='bbox 381 2678 420 2756; x_wconf 82' lang='grc' dir='ltr'>ἐν</span> <span class='ocrx_word' id='word_1_187' title='bbox 451 2683 503 2783; x_wconf 76' lang='grc' dir='ltr'>τῷ</span> <span class='ocrx_word' id='word_1_188' title='bbox 535 2673 623 2757; x_wconf 81' lang='grc' dir='ltr'>εἶναι</span> <span class='ocrx_word' id='word_1_189' title='bbox 656 2675 798 2780; x_wconf 89' lang='grc' dir='ltr'>χρόνον,</span> <span class='ocrx_word' id='word_1_190' title='bbox 828 2679 891 2756; x_wconf 88' lang='grc' dir='ltr'>οῦκ</span> <span class='ocrx_word' id='word_1_191' title='bbox 924 2677 969 2756; x_wconf 80' lang='grc' dir='ltr'>ι’ίν</span> <span class='ocrx_word' id='word_1_192' title='bbox 1000 2711 1064 2775; x_wconf 86' lang='grc' dir='ltr'>τις,</span> <span class='ocrx_word' id='word_1_193' title='bbox 1094 2673 1201 2776; x_wconf 80' lang='grc' dir='ltr'>οἶμαι,</span> <span class='ocrx_word' id='word_1_194' title='bbox 1232 2679 1325 2764; x_wconf 76' lang='grc' dir='ltr'>καὶᾶ</span> 
     </span>
     <span class='ocr_line' id='line_1_21' title="bbox 45 2795 1291 2904; baseline 0.006 -25"><span class='ocrx_word' id='word_1_195' title='bbox 45 2837 81 2879; x_wconf 87' lang='grc' dir='ltr'>ιο</span> <span class='ocrx_word' id='word_1_196' title='bbox 92 2795 243 2904; x_wconf 86' lang='grc' dir='ltr'>σφόδρα</span> <span class='ocrx_word' id='word_1_197' title='bbox 260 2804 383 2900; x_wconf 87' lang='grc' dir='ltr'>ληρῶν</span> <span class='ocrx_word' id='word_1_198' title='bbox 402 2799 594 2897; x_wconf 77' lang='grc' dir='ltr'>ὑπολάβοι·</span> <span class='ocrx_word' id='word_1_199' title='bbox 633 2800 844 2904; x_wconf 83' lang='grc' dir='ltr'>προαιιόνιος</span> <span class='ocrx_word' id='word_1_200' title='bbox 861 2797 933 2904; x_wconf 78' lang='grc' dir='ltr'>γὰρ</span> <span class='ocrx_word' id='word_1_201' title='bbox 952 2803 972 2880; x_wconf 89' lang='grc' dir='ltr'>ὁ</span> <span class='ocrx_word' id='word_1_202' title='bbox 990 2797 1089 2898; x_wconf 80' lang='grc' dir='ltr'>Υἱὸς,</span> <span class='ocrx_word' id='word_1_203' title='bbox 1108 2802 1166 2880; x_wconf 76' lang='grc' dir='ltr'>καὶ</span> <span class='ocrx_word' id='word_1_204' title='bbox 1185 2800 1291 2887; x_wconf 88' lang='grc' dir='ltr'>αῦτός</span> 
     </span>
     <span class='ocr_line' id='line_1_22' title="bbox 102 2921 112 2946; baseline 0 -1"><span class='ocrx_word' id='word_1_205' title='bbox 102 2921 112 2946; x_wconf 83' lang='grc'><em>,</em></span> 
     </span>
    </p>
   </div>
   <div class='ocr_carea' id='block_1_3' title="bbox 92 2920 1458 3028">
    <p class='ocr_par' dir='ltr' id='par_1_3' title="bbox 92 2920 1458 3028">
     <span class='ocr_line' id='line_1_23' title="bbox 92 2920 1458 3028; baseline 0.002 -28"><span class='ocrx_word' id='word_1_206' title='bbox 92 2954 173 3000; x_wconf 90' lang='grc' dir='ltr'>εστι</span> <span class='ocrx_word' id='word_1_207' title='bbox 191 2928 265 3001; x_wconf 82' lang='grc' dir='ltr'>τῶν</span> <span class='ocrx_word' id='word_1_208' title='bbox 283 2921 420 3003; x_wconf 83' lang='grc' dir='ltr'>αίιόνων</span> <span class='ocrx_word' id='word_1_209' title='bbox 438 2925 458 3003; x_wconf 90' lang='grc' dir='ltr'>ὸ</span> <span class='ocrx_word' id='word_1_210' title='bbox 476 2922 634 3024; x_wconf 79' lang='grc' dir='ltr'>ποιητὴς,</span> <span class='ocrx_word' id='word_1_211' title='bbox 649 2927 707 3004; x_wconf 80' lang='grc' dir='ltr'>καὶ</span> <span class='ocrx_word' id='word_1_212' title='bbox 728 2922 782 3003; x_wconf 83' lang='grc' dir='ltr'>ὅτι</span> <span class='ocrx_word' id='word_1_213' title='bbox 801 2924 864 3002; x_wconf 88' lang='grc' dir='ltr'>οῦκ</span> <span class='ocrx_word' id='word_1_214' title='bbox 883 2920 929 3002; x_wconf 84' lang='grc' dir='ltr'>ῦν</span> <span class='ocrx_word' id='word_1_215' title='bbox 946 2922 1042 3007; x_wconf 79' lang='grc' dir='ltr'>ὅλως</span> <span class='ocrx_word' id='word_1_216' title='bbox 1060 2924 1291 3028; x_wconf 59' lang='grc' dir='ltr'>περιοριζοιτο</span> <span class='ocrx_word' id='word_1_217' title='bbox 1334 2951 1458 3004; x_wconf 53' lang='lat' dir='ltr'>nebda.</span> 
     </span>
    </p>
   </div>
   <div class='ocr_carea' id='block_1_4' title="bbox 45 3042 1319 4017">
    <p class='ocr_par' dir='ltr' id='par_1_4' title="bbox 45 3042 1319 4017">
     <span class='ocr_line' id='line_1_24' title="bbox 92 3042 1290 3154; baseline 0.001 -28"><span class='ocrx_word' id='word_1_218' title='bbox 92 3042 223 3154; x_wconf 80' lang='grc' dir='ltr'>χρόνῳ,</span> <span class='ocrx_word' id='word_1_219' title='bbox 247 3044 290 3127; x_wconf 88' lang='grc' dir='ltr'>τὸ</span> <span class='ocrx_word' id='word_1_220' title='bbox 317 3044 448 3151; x_wconf 88' lang='grc' dir='ltr'>χρόνον</span> <span class='ocrx_word' id='word_1_221' title='bbox 474 3046 609 3132; x_wconf 88' lang='grc' dir='ltr'>παντὸς</span> <span class='ocrx_word' id='word_1_222' title='bbox 635 3044 887 3151; x_wconf 78' lang='grc' dir='ltr'>πρεσβυτέραν</span> <span class='ocrx_word' id='word_1_223' title='bbox 911 3046 995 3152; x_wconf 83' lang='grc' dir='ltr'>ἕχον</span> <span class='ocrx_word' id='word_1_224' title='bbox 1019 3045 1085 3148; x_wconf 74' lang='grc' dir='ltr'>τὴν</span> <span class='ocrx_word' id='word_1_225' title='bbox 1110 3043 1290 3151; x_wconf 72' lang='grc' dir='ltr'>γέννησιν,</span> 
     </span>
     <span class='ocr_line' id='line_1_25' title="bbox 91 3168 1290 3282; baseline 0.006 -33"><span class='ocrx_word' id='word_1_226' title='bbox 91 3171 233 3270; x_wconf 87' lang='grc' dir='ltr'>νοηθείη</span> <span class='ocrx_word' id='word_1_227' title='bbox 270 3168 426 3257; x_wconf 88' lang='grc' dir='ltr'>είκότως.</span> <span class='ocrx_word' id='word_1_228' title='bbox 485 3173 569 3251; x_wconf 81' lang='grc' dir='ltr'>ἀλλ’</span> <span class='ocrx_word' id='word_1_229' title='bbox 601 3169 681 3252; x_wconf 75' lang='grc' dir='ltr'>οῦδὲ</span> <span class='ocrx_word' id='word_1_230' title='bbox 712 3174 749 3251; x_wconf 80' lang='grc' dir='ltr'>ἐν</span> <span class='ocrx_word' id='word_1_231' title='bbox 780 3177 889 3282; x_wconf 73' lang='grc' dir='ltr'>ποσῷ</span> <span class='ocrx_word' id='word_1_232' title='bbox 924 3176 976 3279; x_wconf 74' lang='grc' dir='ltr'>τῷ</span> <span class='ocrx_word' id='word_1_233' title='bbox 1012 3169 1103 3252; x_wconf 84' lang='grc' dir='ltr'>κατὰ</span> <span class='ocrx_word' id='word_1_234' title='bbox 1139 3170 1290 3272; x_wconf 76' lang='grc' dir='ltr'>μέγεθος</span> 
     </span>
     <span class='ocr_line' id='line_1_26' title="bbox 91 3293 1290 3398; baseline 0.004 -26"><span class='ocrx_word' id='word_1_235' title='bbox 91 3293 253 3374; x_wconf 82' lang='grc' dir='ltr'>ἐλάττων</span> <span class='ocrx_word' id='word_1_236' title='bbox 274 3295 396 3374; x_wconf 81' lang='grc' dir='ltr'>αὐτοῦ·</span> <span class='ocrx_word' id='word_1_237' title='bbox 430 3294 604 3397; x_wconf 77' lang='grc' dir='ltr'>ἀμεγέθης</span> <span class='ocrx_word' id='word_1_238' title='bbox 626 3294 709 3398; x_wconf 84' lang='grc' dir='ltr'>γὰρ,</span> <span class='ocrx_word' id='word_1_239' title='bbox 732 3293 871 3378; x_wconf 80' lang='grc' dir='ltr'>ἆποσός</span> <span class='ocrx_word' id='word_1_240' title='bbox 898 3328 937 3374; x_wconf 92' lang='grc' dir='ltr'>τε</span> <span class='ocrx_word' id='word_1_241' title='bbox 965 3298 1024 3375; x_wconf 86' lang='grc' dir='ltr'>καὶ</span> <span class='ocrx_word' id='word_1_242' title='bbox 1048 3294 1242 3393; x_wconf 79' lang='grc' dir='ltr'>ἀσώματος</span> <span class='ocrx_word' id='word_1_243' title='bbox 1266 3293 1290 3394; x_wconf 83' lang='grc' dir='ltr'><em>ἦ</em></span> 
     </span>
     <span class='ocr_line' id='line_1_27' title="bbox 45 3416 1290 3523; baseline 0.002 -26"><span class='ocrx_word' id='word_1_244' title='bbox 45 3443 78 3504; x_wconf 81' lang='lat'>25</span> <span class='ocrx_word' id='word_1_245' title='bbox 92 3418 171 3497; x_wconf 88' lang='grc' dir='ltr'>θεία</span> <span class='ocrx_word' id='word_1_246' title='bbox 195 3423 325 3497; x_wconf 83' lang='grc' dir='ltr'>νοεῖται</span> <span class='ocrx_word' id='word_1_247' title='bbox 351 3420 411 3497; x_wconf 81' lang='grc' dir='ltr'>καὶ</span> <span class='ocrx_word' id='word_1_248' title='bbox 434 3417 513 3498; x_wconf 77' lang='grc' dir='ltr'>ἔστι</span> <span class='ocrx_word' id='word_1_249' title='bbox 538 3416 662 3523; x_wconf 84' lang='grc' dir='ltr'>φῦσις.</span> <span class='ocrx_word' id='word_1_250' title='bbox 707 3423 785 3501; x_wconf 77' lang='grc' dir='ltr'>ποῦς</span> <span class='ocrx_word' id='word_1_251' title='bbox 810 3418 873 3497; x_wconf 82' lang='grc' dir='ltr'>οῦν</span> <span class='ocrx_word' id='word_1_252' title='bbox 895 3418 966 3521; x_wconf 78' lang='grc' dir='ltr'>ἄρα</span> <span class='ocrx_word' id='word_1_253' title='bbox 990 3416 1033 3498; x_wconf 91' lang='grc' dir='ltr'>τὸ</span> <span class='ocrx_word' id='word_1_254' title='bbox 1058 3416 1210 3499; x_wconf 73' lang='grc' dir='ltr'>ἔλαττον</span> <span class='ocrx_word' id='word_1_255' title='bbox 1232 3421 1290 3500; x_wconf 80' lang='grc' dir='ltr'>ἐπὶ</span> 
     </span>
     <span class='ocr_line' id='line_1_28' title="bbox 90 3539 1289 3650; baseline 0 -28"><span class='ocrx_word' id='word_1_256' title='bbox 90 3548 157 3622; x_wconf 90' lang='grc' dir='ltr'>τοῦ</span> <span class='ocrx_word' id='word_1_257' title='bbox 174 3542 402 3644; x_wconf 86' lang='grc' dir='ltr'>γεννηθέντος</span> <span class='ocrx_word' id='word_1_258' title='bbox 420 3541 667 3646; x_wconf 84' lang='grc' dir='ltr'>δειχθήσεται;</span> <span class='ocrx_word' id='word_1_259' title='bbox 695 3543 734 3621; x_wconf 85' lang='grc' dir='ltr'>έν</span> <span class='ocrx_word' id='word_1_260' title='bbox 751 3539 841 3650; x_wconf 75' lang='grc' dir='ltr'>δόξῃ</span> <span class='ocrx_word' id='word_1_261' title='bbox 859 3543 1000 3641; x_wconf 90' lang='grc' dir='ltr'>λοιπὸν,</span> <span class='ocrx_word' id='word_1_262' title='bbox 1011 3545 1084 3645; x_wconf 82' lang='grc' dir='ltr'>έρεῖ</span> <span class='ocrx_word' id='word_1_263' title='bbox 1098 3578 1151 3626; x_wconf 88' lang='grc' dir='ltr'>τις</span> <span class='ocrx_word' id='word_1_264' title='bbox 1168 3542 1289 3649; x_wconf 86' lang='grc' dir='ltr'>τυχὸν,</span> 
     </span>
     <span class='ocr_line' id='line_1_29' title="bbox 91 3664 1319 3773; baseline 0.002 -29"><span class='ocrx_word' id='word_1_265' title='bbox 91 3667 131 3745; x_wconf 82' lang='grc' dir='ltr'>ἐν</span> <span class='ocrx_word' id='word_1_266' title='bbox 159 3664 315 3765; x_wconf 82' lang='grc' dir='ltr'>δυνάμει,</span> <span class='ocrx_word' id='word_1_267' title='bbox 342 3667 380 3746; x_wconf 84' lang='grc' dir='ltr'>ἐν</span> <span class='ocrx_word' id='word_1_268' title='bbox 409 3665 539 3773; x_wconf 76' lang='grc' dir='ltr'>σοφίᾳ.</span> <span class='ocrx_word' id='word_1_269' title='bbox 585 3664 795 3766; x_wconf 73' lang='grc' dir='ltr'>λεγέτωσαν</span> <span class='ocrx_word' id='word_1_270' title='bbox 822 3665 950 3763; x_wconf 91' lang='grc' dir='ltr'>τοίνυν,</span> <span class='ocrx_word' id='word_1_271' title='bbox 977 3665 1093 3751; x_wconf 90' lang='grc' dir='ltr'>πόσος</span> <span class='ocrx_word' id='word_1_272' title='bbox 1124 3668 1224 3747; x_wconf 76' lang='grc' dir='ltr'>ἐστὶν</span> <span class='ocrx_word' id='word_1_273' title='bbox 1251 3669 1319 3747; x_wconf 82' lang='grc' dir='ltr'>ἔνο</span> 
     </span>
     <span class='ocr_line' id='line_1_30' title="bbox 91 3786 1286 3895; baseline 0.002 -27"><span class='ocrx_word' id='word_1_274' title='bbox 91 3788 231 3874; x_wconf 85' lang='grc' dir='ltr'>τούτοις</span> <span class='ocrx_word' id='word_1_275' title='bbox 255 3791 314 3869; x_wconf 82' lang='grc' dir='ltr'>καὶ</span> <span class='ocrx_word' id='word_1_276' title='bbox 337 3790 489 3888; x_wconf 87' lang='grc' dir='ltr'>πηλίκος</span> <span class='ocrx_word' id='word_1_277' title='bbox 514 3789 535 3868; x_wconf 85' lang='grc' dir='ltr'><strong><em>ὁ</em></strong></span> <span class='ocrx_word' id='word_1_278' title='bbox 558 3786 698 3891; x_wconf 81' lang='grc' dir='ltr'>Πατὴρ,</span> <span class='ocrx_word' id='word_1_279' title='bbox 720 3788 754 3867; x_wconf 81' lang='grc' dir='ltr'>εί</span> <span class='ocrx_word' id='word_1_280' title='bbox 777 3823 820 3891; x_wconf 90' lang='grc' dir='ltr'>γε</span> <span class='ocrx_word' id='word_1_281' title='bbox 847 3788 918 3895; x_wconf 84' lang='grc' dir='ltr'>χρὴ</span> <span class='ocrx_word' id='word_1_282' title='bbox 946 3793 1004 3869; x_wconf 82' lang='grc' dir='ltr'>καὶ</span> <span class='ocrx_word' id='word_1_283' title='bbox 1031 3798 1136 3869; x_wconf 93' lang='grc' dir='ltr'>τοῦτο</span> <span class='ocrx_word' id='word_1_284' title='bbox 1163 3794 1286 3870; x_wconf 79' lang='grc' dir='ltr'>εἰπεῖν·</span> 
     </span>
     <span class='ocr_line' id='line_1_31' title="bbox 90 3909 1290 4017; baseline 0.003 -26"><span class='ocrx_word' id='word_1_285' title='bbox 90 3911 150 3991; x_wconf 82' lang='grc' dir='ltr'>ἵνα</span> <span class='ocrx_word' id='word_1_286' title='bbox 168 3916 291 4012; x_wconf 78' lang='grc' dir='ltr'>νοῆται</span> <span class='ocrx_word' id='word_1_287' title='bbox 308 3910 438 3994; x_wconf 90' lang='grc' dir='ltr'>λοιπὸν</span> <span class='ocrx_word' id='word_1_288' title='bbox 455 3911 617 3993; x_wconf 80' lang='grc' dir='ltr'>ἐλάττων</span> <span class='ocrx_word' id='word_1_289' title='bbox 636 3909 767 4010; x_wconf 83' lang='grc' dir='ltr'>δΥίὸς,</span> <span class='ocrx_word' id='word_1_290' title='bbox 782 3914 830 3998; x_wconf 85' lang='grc' dir='ltr'>ὡς</span> <span class='ocrx_word' id='word_1_291' title='bbox 846 3913 938 4017; x_wconf 85' lang='grc' dir='ltr'>πρὸς</span> <span class='ocrx_word' id='word_1_292' title='bbox 956 3914 1087 3993; x_wconf 80' lang='grc' dir='ltr'>ἐκεῖνον</span> <span class='ocrx_word' id='word_1_293' title='bbox 1103 3913 1290 4017; x_wconf 83' lang='grc' dir='ltr'>ἐκμετροῦ-</span> 
     </span>
    </p>
   </div>
   <div class='ocr_carea' id='block_1_5' title="bbox 89 4221 1288 4577">
    <p class='ocr_par' dir='ltr' id='par_1_5' title="bbox 89 4221 1288 4577">
     <span class='ocr_line' id='line_1_32' title="bbox 127 4221 1287 4295; baseline 0.003 -17"><span class='ocrx_word' id='word_1_294' title='bbox 127 4240 154 4295; x_wconf 78' lang='lat'>3.</span> <span class='ocrx_word' id='word_1_295' title='bbox 166 4222 235 4281; x_wconf 77' lang='grc' dir='ltr'>ὅλοι</span> <span class='ocrx_word' id='word_1_296' title='bbox 245 4239 300 4277; x_wconf 79' lang='grc' dir='ltr'>οπο.</span> <span class='ocrx_word' id='word_1_297' title='bbox 314 4221 348 4278; x_wconf 91' lang='grc' dir='ltr'>Β.</span> <span class='ocrx_word' id='word_1_298' title='bbox 423 4239 450 4289; x_wconf 79' lang='grc'>4.</span> <span class='ocrx_word' id='word_1_299' title='bbox 463 4222 504 4277; x_wconf 78' lang='grc' dir='ltr'>καὶ</span> <span class='ocrx_word' id='word_1_300' title='bbox 516 4228 686 4294; x_wconf 74' lang='lat' dir='ltr'><strong>assumptum</strong></span> <span class='ocrx_word' id='word_1_301' title='bbox 698 4240 730 4277; x_wconf 82' lang='lat' dir='ltr'>ex</span> <span class='ocrx_word' id='word_1_302' title='bbox 744 4222 777 4277; x_wconf 89' lang='lat' dir='ltr'>B.</span> <span class='ocrx_word' id='word_1_303' title='bbox 826 4225 892 4278; x_wconf 81' lang='grc' dir='ltr'>θεὸν</span> <span class='ocrx_word' id='word_1_304' title='bbox 903 4226 919 4278; x_wconf 78' lang='grc' dir='ltr'>ὁ</span> <span class='ocrx_word' id='word_1_305' title='bbox 931 4225 997 4280; x_wconf 78' lang='grc' dir='ltr'>θεὸς</span> <span class='ocrx_word' id='word_1_306' title='bbox 1008 4232 1030 4277; x_wconf 86' lang='grc' dir='ltr'><strong>Λ</strong></span> <span class='ocrx_word' id='word_1_307' title='bbox 1080 4246 1092 4280; x_wconf 82' lang='grc' dir='ltr'>ς</span> <span class='ocrx_word' id='word_1_308' title='bbox 1105 4222 1139 4278; x_wconf 90' lang='grc' dir='ltr'>Β.</span> <span class='ocrx_word' id='word_1_309' title='bbox 1217 4240 1258 4292; x_wconf 86' lang='lat'>14.</span> <span class='ocrx_word' id='word_1_310' title='bbox 1271 4228 1287 4281; x_wconf 83' lang='grc' dir='ltr'><strong><em>ὁ</em></strong></span> 
     </span>
     <span class='ocr_line' id='line_1_33' title="bbox 91 4292 1287 4365; baseline 0.001 -15"><span class='ocrx_word' id='word_1_311' title='bbox 91 4295 121 4365; x_wconf 59' lang='lat' dir='ltr'>I}</span> <span class='ocrx_word' id='word_1_312' title='bbox 132 4292 223 4365; x_wconf 76' lang='grc' dir='ltr'>αὐτῆς]</span> <span class='ocrx_word' id='word_1_313' title='bbox 236 4294 271 4350; x_wconf 71' lang='grc' dir='ltr'>ὃς</span> <span class='ocrx_word' id='word_1_314' title='bbox 282 4293 312 4362; x_wconf 65' lang='grc' dir='ltr'>ἐξ</span> <span class='ocrx_word' id='word_1_315' title='bbox 324 4293 403 4348; x_wconf 77' lang='grc' dir='ltr'>αὐτοῦ</span> <span class='ocrx_word' id='word_1_316' title='bbox 416 4293 449 4348; x_wconf 87' lang='grc' dir='ltr'>Ε.</span> <span class='ocrx_word' id='word_1_317' title='bbox 661 4306 702 4364; x_wconf 86' lang='lat'>15.</span> <span class='ocrx_word' id='word_1_318' title='bbox 721 4293 774 4348; x_wconf 83' lang='grc' dir='ltr'>κατ’</span> <span class='ocrx_word' id='word_1_319' title='bbox 786 4294 848 4348; x_wconf 85' lang='grc' dir='ltr'>αῦτδ</span> <span class='ocrx_word' id='word_1_320' title='bbox 862 4295 923 4349; x_wconf 85' lang='lat' dir='ltr'>B.D</span> <span class='ocrx_word' id='word_1_321' title='bbox 935 4303 966 4350; x_wconf 79' lang='lat' dir='ltr'>ut</span> <span class='ocrx_word' id='word_1_322' title='bbox 978 4293 1031 4349; x_wconf 82' lang='lat' dir='ltr'>vid.</span> <span class='ocrx_word' id='word_1_323' title='bbox 1070 4335 1077 4350; x_wconf 89' lang='lat'>.</span> <span class='ocrx_word' id='word_1_324' title='bbox 1090 4295 1132 4349; x_wconf 80' lang='grc' dir='ltr'>καὶ</span> <span class='ocrx_word' id='word_1_325' title='bbox 1143 4295 1222 4349; x_wconf 80' lang='grc' dir='ltr'>τοῦτὸ</span> <span class='ocrx_word' id='word_1_326' title='bbox 1235 4295 1287 4351; x_wconf 83' lang='lat' dir='ltr'>Ed.</span> 
     </span>
     <span class='ocr_line' id='line_1_34' title="bbox 93 4362 1288 4438; baseline -0.002 -16"><span class='ocrx_word' id='word_1_327' title='bbox 93 4365 136 4422; x_wconf 82' lang='lat'>16.</span> <span class='ocrx_word' id='word_1_328' title='bbox 153 4362 280 4437; x_wconf 82' lang='grc' dir='ltr'>πθριστι]</span> <span class='ocrx_word' id='word_1_329' title='bbox 297 4371 325 4428; x_wconf 79' lang='lat'>÷</span> <span class='ocrx_word' id='word_1_330' title='bbox 340 4364 370 4419; x_wconf 87' lang='grc' dir='ltr'>τδ</span> <span class='ocrx_word' id='word_1_331' title='bbox 383 4363 416 4418; x_wconf 88' lang='grc' dir='ltr'>Β.</span> <span class='ocrx_word' id='word_1_332' title='bbox 429 4385 472 4435; x_wconf 89' lang='grc' dir='ltr'>γρ.</span> <span class='ocrx_word' id='word_1_333' title='bbox 485 4362 601 4433; x_wconf 86' lang='grc' dir='ltr'>παρέστη</span> <span class='ocrx_word' id='word_1_334' title='bbox 617 4364 642 4418; x_wconf 90' lang='lat' dir='ltr'>D</span> <span class='ocrx_word' id='word_1_335' title='bbox 655 4382 712 4434; x_wconf 77' lang='lat' dir='ltr'>mg.</span> <span class='ocrx_word' id='word_1_336' title='bbox 886 4381 929 4429; x_wconf 85' lang='lat'>21,</span> <span class='ocrx_word' id='word_1_337' title='bbox 942 4381 985 4420; x_wconf 70' lang='grc' dir='ltr'>Μ.</span> <span class='ocrx_word' id='word_1_338' title='bbox 1003 4367 1018 4419; x_wconf 84' lang='grc' dir='ltr'>ό</span> <span class='ocrx_word' id='word_1_339' title='bbox 1031 4374 1057 4422; x_wconf 79' lang='lat' dir='ltr'>et</span> <span class='ocrx_word' id='word_1_340' title='bbox 1068 4364 1109 4420; x_wconf 82' lang='grc' dir='ltr'>ὅτι</span> <span class='ocrx_word' id='word_1_341' title='bbox 1121 4374 1147 4420; x_wconf 83' lang='lat' dir='ltr'>et</span> <span class='ocrx_word' id='word_1_342' title='bbox 1158 4369 1245 4438; x_wconf 74' lang='grc' dir='ltr'>χρόνῳ</span> <span class='ocrx_word' id='word_1_343' title='bbox 1257 4367 1288 4420; x_wconf 79' lang='grc' dir='ltr'>τὸ</span> 
     </span>
     <span class='ocr_line' id='line_1_35' title="bbox 89 4433 1287 4560; baseline 0.002 -67"><span class='ocrx_word' id='word_1_344' title='bbox 89 4454 145 4493; x_wconf 88' lang='lat' dir='ltr'>om.</span> <span class='ocrx_word' id='word_1_345' title='bbox 160 4436 192 4491; x_wconf 88' lang='grc' dir='ltr'>Β.</span> <span class='ocrx_word' id='word_1_346' title='bbox 322 4450 365 4506; x_wconf 79' lang='lat'>23.</span> <span class='ocrx_word' id='word_1_347' title='bbox 384 4433 519 4516; x_wconf 66' lang='grc' dir='ltr'>νοηθείηδ</span> <span class='ocrx_word' id='word_1_348' title='bbox 531 4434 563 4489; x_wconf 73' lang='grc' dir='ltr'>ἂν</span> <span class='ocrx_word' id='word_1_349' title='bbox 576 4434 609 4490; x_wconf 91' lang='grc' dir='ltr'>Β.</span> <span class='ocrx_word' id='word_1_350' title='bbox 629 4455 632 4462; x_wconf 94' lang='grc'><strong><em>·</em></strong></span> <span class='ocrx_word' id='word_1_351' title='bbox 667 4504 672 4517; x_wconf 31' lang='lat'>⁸</span> <span class='ocrx_word' id='word_1_352' title='bbox 696 4505 702 4517; x_wconf 38' lang='lat'><strong>·</strong></span> <span class='ocrx_word' id='word_1_353' title='bbox 734 4447 777 4505; x_wconf 80' lang='lat'>25.</span> <span class='ocrx_word' id='word_1_354' title='bbox 795 4433 914 4560; x_wconf 52' lang='grc' dir='ltr'>ἐπὶέἀὺπὸ</span> <span class='ocrx_word' id='word_1_355' title='bbox 927 4435 960 4490; x_wconf 89' lang='grc' dir='ltr'>Β.</span> <span class='ocrx_word' id='word_1_356' title='bbox 1085 4453 1129 4508; x_wconf 80' lang='lat'>29.</span> <span class='ocrx_word' id='word_1_357' title='bbox 1146 4438 1241 4494; x_wconf 82' lang='grc' dir='ltr'>νοεῖται</span> <span class='ocrx_word' id='word_1_358' title='bbox 1254 4437 1287 4495; x_wconf 80' lang='grc' dir='ltr'>Β.</span> 
     </span>
     <span class='ocr_line' id='line_1_36' title="bbox 89 4503 881 4577; baseline -0.004 -14"><span class='ocrx_word' id='word_1_359' title='bbox 89 4508 186 4563; x_wconf 71' lang='grc' dir='ltr'>ἐκεῖνον</span> <span class='ocrx_word' id='word_1_360' title='bbox 198 4505 245 4561; x_wconf 78' lang='lat' dir='ltr'>dat</span> <span class='ocrx_word' id='word_1_361' title='bbox 258 4503 349 4577; x_wconf 80' lang='grc' dir='ltr'>Ηογοο</span> <span class='ocrx_word' id='word_1_362' title='bbox 360 4523 393 4560; x_wconf 79' lang='lat' dir='ltr'>ex</span> <span class='ocrx_word' id='word_1_363' title='bbox 407 4505 439 4560; x_wconf 94' lang='grc' dir='ltr'>Β.</span> <span class='ocrx_word' id='word_1_364' title='bbox 451 4522 498 4576; x_wconf 82' lang='lat' dir='ltr'>qm</span> <span class='ocrx_word' id='word_1_365' title='bbox 510 4505 611 4562; x_wconf 76' lang='grc' dir='ltr'>ἐκείνων</span> <span class='ocrx_word' id='word_1_366' title='bbox 623 4504 724 4562; x_wconf 78' lang='lat' dir='ltr'>scr1b1t.</span> <span class='ocrx_word' id='word_1_367' title='bbox 736 4505 817 4561; x_wconf 80' lang='grc' dir='ltr'>ἐκεῖνο</span> <span class='ocrx_word' id='word_1_368' title='bbox 873 4544 881 4560; x_wconf 94' lang='grc'>.</span> 
     </span>
    </p>
   </div>
   <div class='ocr_carea' id='block_1_6' title="bbox 0 0 1524 5018">
    <p class='ocr_par' dir='ltr' id='par_1_6' title="bbox 0 0 1524 5018">
     <span class='ocr_line' id='line_1_37' title="bbox 0 0 1524 5018; baseline 0 0"><span class='ocrx_word' id='word_1_369' title='bbox 0 0 1524 5018; x_wconf 95' lang='lat' dir='ltr'> </span> 
     </span>
    </p>
   </div>
  </div>
 </body>
</html>
