3038 5018
75 446 148 527 ΙΨ·

75 529 129 564 ιον,
140 529 166 580 9.

74 939 151 990 Ρτοτ.
163 939 197 990 iv.

74 1017 116 1137 δέ).
127 1086 167 1138 2⁶.

74 1334 184 1395 am

244 288 310 349 544
548 286 587 351 Β.
611 286 820 353 CYRILLI
849 288 1140 354 ALEXANDR.
1348 285 1391 349 vi.
1403 297 1453 366 57.

244 451 422 554 ψεύσεται
459 449 605 552 τρόπον,
644 451 753 531 εἰπών
793 462 814 499 “
832 451 881 531 Ὁ
919 451 1082 554 ἑωρακὼς
1116 450 1175 550 ἐμὲ
1213 451 1356 553 ἑώρακε
1394 444 1455 526 τὸν

244 581 268 618 “
287 571 471 676 Πατέρα.”

299 697 408 778 Ἀλλ’
438 697 507 804 ὁρᾷ
541 731 613 778 που
644 697 756 779 πάλιν
786 700 806 778 ὁ
834 705 907 778 τῶν
936 701 1100 795 εὐσεβῶν
1129 702 1194 800 τῆς
1222 697 1455 796 Ἐκκλησίας

244 818 436 922 δογμάτων
453 819 620 924 ἐραστὴς,
639 820 712 901 ὅσα
734 829 811 908 ταῖς
832 821 975 902 ἐκείνων
993 822 1188 927 φλυαρίαις
1206 817 1455 919 ἀκολουθήσει

243 939 290 1023 τὰ
316 943 446 1027 ἄτοπα.
486 944 674 1025 ε’κκλινέτω
698 954 890 1050 τοιγαροῦν
911 946 974 1028 ἀπ’
997 947 1116 1026 αι’πῶν
1142 947 1201 1025 καὶ
1226 953 1483 1046 παραλλατ·5

243 1066 333 1149 τέτω
355 1067 448 1148 κατὰ
474 1067 517 1149 τὸ
541 1068 803 1172 γεγραμμένον·
833 1072 891 1150 καὶ
909 1070 1051 1151 ποιείτω
1069 1067 1136 1170 μέν
1152 1064 1302 1174 τροχιὰς
1322 1064 1449 1170 ὀρθὰς,

244 1188 309 1276 τοὶς
331 1190 370 1271 δέ
391 1193 496 1277 ὁδοὺς
516 1194 758 1274 κατευθυνέτω
784 1192 850 1280 τὰς
874 1195 1013 1286 ἑαυτοῦ,
1033 1197 1092 1274 καὶ
1118 1189 1209 1295 πρός
1234 1187 1278 1273 τδ
1306 1191 1453 1271 ἁπλοῦν

214 1317 308 1415 ατῆς
339 1317 511 1417 ἀληθείας
541 1316 660 1419 ὁράτω
691 1315 840 1415 κάλλος,
871 1317 963 1422 ζωὴν
991 1315 1057 1417 μὲν
1086 1314 1179 1396 κατὰ
1210 1313 1332 1421 φύσιν
1363 1309 1453 1394 εἶναι

243 1438 425 1520 πιστεύων
442 1438 506 1519 τὸν
526 1436 622 1520 Θεὸν
639 1446 698 1520 καὶ
723 1441 882 1546 Πατέρα,
905 1440 997 1544 ζωὴν
1022 1441 1061 1521 δὲ
1088 1437 1202 1521 πάλιν
1224 1437 1360 1537 ὁμοίιος
1387 1435 1454 1516 τὸν

243 1561 287 1669 ἐξ
310 1563 421 1643 αὐτοῦ
445 1562 703 1666 γεγεννημένον
721 1565 825 1645 Υίόν.
863 1567 912 1649 ὡς
939 1564 1011 1668 γὰρ
1039 1570 1119 1672 φῶς
1142 1565 1182 1643 ἐκ
1209 1559 1335 1669 φωτὸς
1360 1557 1453 1640 εἶναι
1467 1593 1503 1635 ιο

244 1685 399 1787 λέγεται,
419 1687 512 1765 οὕτω
538 1689 598 1766 καὶ
624 1685 694 1790 ζωή
719 1689 757 1767 έκ
782 1688 884 1791 ζωῆς·
914 1691 974 1767 καὶ
1000 1686 1126 1789 ὥσπερ
1152 1684 1198 1766 τὰ
1224 1683 1349 1793 φωτὸς
1373 1681 1453 1764 δεό-

243 1841 334 1907 μενα
361 1808 504 1915 φωτίζει
532 1809 552 1887 ὁ
578 1808 673 1893 Θεὸς
699 1813 758 1890 καὶ
784 1808 924 1914 Πατὴρ,
949 1814 999 1896 ὡς
1024 1809 1085 1890 διὰ
1113 1809 1236 1918 φωτὸς
1264 1809 1358 1887 ίδίου
1384 1815 1453 1886 τοῦ

242 1937 347 2031 Υὶοῦ,
371 1937 430 2014 καὶ
456 1939 574 2041 σοφοΐ
598 1931 644 2012 τὰ
672 1934 808 2041 σοφίας
835 1933 988 2032 δεκτικὰ,
1013 1936 1062 2018 ὡς
1091 1932 1149 2014 διὰ
1176 1932 1315 2040 σοφίας
1344 1931 1452 2026 ἰδίας,

243 2059 303 2138 καὶ
320 2061 473 2155 δυναμοῖ
487 2054 534 2136 τὰ
553 2054 735 2155 δυνάμεως
759 2057 949 2164 χρῄζοντα,
968 2061 1017 2143 ὡς
1042 2055 1103 2138 διὰ
1126 2056 1309 2156 δυνάμεως
1334 2050 1453 2134 πάλιν

244 2182 345 2280 ἰδίας,
372 2182 467 2260 οὕτω
496 2185 554 2260 καὶ
582 2179 747 2284 ζωοποαῖ
770 2179 816 2261 τοὶ
849 2179 989 2282 ὅσαπέρ
1022 2183 1102 2260 ἐστι
1132 2184 1197 2279 τῆς
1222 2179 1308 2282 παρ’
1338 2179 1453 2259 αὐτοῦ
1468 2206 1504 2266 15

209 2304 394 2404 δδεόμενα
413 2304 513 2409 ζωῆς,
532 2306 580 2387 ὡς
599 2302 658 2384 διὰ
675 2304 765 2409 ζωῆς
784 2305 874 2389 ἰδίας
897 2307 955 2384 καὶ
980 2305 1024 2413 ἐξ
1047 2305 1158 2384 αι’ποῦ
1181 2301 1451 2407 προχεομένης,

243 2428 409 2510 τουτέστι
436 2436 501 2507 τοῦ
528 2433 631 2508 Υὶοῦ.
674 2426 762 2509 ὅταν
785 2429 848 2508 οὖν
874 2426 964 2534 λέγῃ
990 2428 1048 2510 Ζὶἷ
1070 2425 1131 2510 διῖι
1155 2424 1208 2510 τίν
1226 2423 1379 2534 Πατέρα,
1399 2424 1454 2524 μὴ

244 2555 396 2657 νομίσῃς
417 2550 472 2631 ὅτι
497 2550 555 2631 διὰ
582 2549 625 2631 τὸ
654 2552 824 2657 δέχεσθαι
850 2550 918 2653 τήν
942 2551 1042 2656 παρὰ
1068 2560 1133 2633 τοῦ
1159 2550 1307 2654 Πατρὸς
1335 2546 1450 2654 ζωὴν,

243 2674 313 2779 ζῆν
349 2673 475 2754 ἑαυτὸν
512 2677 694 2778 ὁμολογεῖ,
731 2673 818 2755 ἀλλ’
854 2677 996 2779 ἐπείπερ
1031 2678 1073 2756 ἐκ
1108 2674 1240 2779 ζῶντος
1272 2673 1453 2778 ε’γεννήθη

245 2797 402 2902 Πατρὸς,
430 2796 490 2877 διὰ
515 2806 624 2878 τοῦτο
650 2803 710 2879 καὶ
737 2798 804 2903 ζῆν
831 2798 957 2881 ἑαυτὸν
984 2798 1249 2904 διισχυρίσατο.
1302 2797 1346 2878 οὔ
1374 2797 1452 2901 γὰρ
1466 2835 1503 2878 ιο

243 2924 406 3029 ἐνεχώρει
429 2920 480 3022 μὴ
505 2919 573 3024 ζῆν
593 2920 658 3002 τὸν
684 2925 722 3002 ἐκ
746 2922 877 3027 ζῶντος
899 2923 1060 3026 Πατρός·
1093 2925 1153 3002 καὶ
1178 2919 1304 3025 ὥσπερ
1334 2920 1369 3001 εἴ
1395 2955 1454 3005 τις

242 3047 346 3151 λέγοι
381 3053 455 3126 τῶν
491 3047 573 3126 καθ’
612 3046 705 3146 ἡμᾶς
735 3043 955 3150 Ἀνθρωπος
992 3052 1063 3144 εἶμι
1097 3044 1247 3148 λογικὸς
1284 3042 1346 3124 διὰ
1384 3043 1454 3124 τὸν

243 3171 391 3274 πατέρα,
415 3168 607 3272 ἀνθρώπου
636 3169 707 3272 γὰρ
736 3179 886 3273 λογικοῦ
914 3171 1047 3274 γέγονα
1074 3169 1210 3251 τέκνον·
1241 3169 1336 3249 οὕτω
1363 3168 1453 3268 νοή-

111 3391 114 3397 ἢ
212 3323 321 3379 οσεις
338 3296 396 3373 καὶ
415 3295 467 3374 ἐπ’
488 3294 597 3373 αὐτοῦ
619 3302 683 3373 τοῦ
699 3298 940 3396 Μονογενοῦς·
971 3292 1020 3404 ζῶ
1036 3301 1130 3398 φησι
1149 3289 1208 3374 διιῗι
1225 3294 1276 3373 τὶν
1291 3291 1451 3400 Πατέρα.

243 3414 363 3516 ἐπειδὴ
391 3414 462 3518 γὰρ
490 3413 561 3517 ζωὴ
589 3414 682 3496 κατὰ
708 3415 824 3524 φύσιν
844 3419 945 3497 ἐστὶν
970 3419 991 3497 ὁ
1020 3413 1200 3517 γεννήσας
1226 3449 1271 3515 με
1298 3415 1450 3519 Πατὴρ,
1466 3446 1504 3508 ²5

242 3537 368 3647 εὐφυές
397 3536 439 3619 δέ
464 3543 534 3638 εἶμι
561 3542 620 3619 καὶ
649 3539 801 3642 γνήσιον
828 3540 997 3643 γέννημα,
1024 3537 1067 3620 τὸ
1094 3539 1185 3620 ’ίδιον
1211 3538 1323 3619 αι’ποῦ
1352 3539 1453 3619 κατὰ

242 3661 359 3769 φύσιν
376 3661 565 3765 ἐπάγομαι,
583 3664 759 3761 τουτέστι,
778 3663 821 3743 τὸ
846 3659 935 3743 εἶναι
959 3661 1041 3768 ζωὴ,
1059 3671 1166 3743 τοῦτο
1186 3661 1258 3766 γάρ
1279 3664 1361 3742 ἐστι
1387 3668 1452 3745 καὶ

242 3786 263 3866 ὃ
291 3785 435 3888 Πατήρ.
483 3785 603 3886 ἐπειδὴ
631 3786 669 3867 δὲ
697 3785 746 3870 εἷς
772 3786 817 3894 ἐξ
841 3785 920 3872 ἑνὸς
947 3787 1079 3867 νοεῖταί
1102 3820 1141 3865 τε
1169 3788 1229 3866 καὶ
1253 3785 1369 3866 ἔστιν·
1411 3791 1451 3868 ε’κ

243 3910 391 4012 Πατρδς
409 3909 481 4014 γὰρ
499 3911 520 3990 ὁ
540 3909 638 4009 Υἱὸς,
657 3915 687 3989 εἰ
708 3914 766 3991 καὶ
784 3914 900 4010 συνῆν
918 3911 1051 3994 ἀιδίως·
1078 3907 1222 4009 εἰκότως
1239 3916 1315 3994 τοῖς
1334 3916 1452 4017 φυσι-

241 4040 316 4118 κοῖς
333 4042 398 4114 τοῦ
415 4033 658 4137 γεννήσαντος
677 4033 892 4141 ἀξίωμασιν,
910 4036 959 4118 ὡς
978 4035 1078 4118 ἰδίοις
1096 4031 1383 4134 ε’πισεμνιίνεται.
1463 4072 1502 4130 ³0

276 4313 304 4368 3.
320 4295 489 4381 Ἐκκλησίας]
504 4299 639 4363 εὐσεβείας
651 4298 685 4354 Β.
779 4315 806 4370 9.
825 4297 919 4368 δμοίως
931 4305 1100 4367 assumptum
1114 4314 1147 4351 ex
1161 4296 1195 4352 B.
1293 4313 1394 4370 10-17.
1414 4302 1450 4359 εἰς

943 4383 983 4422 12.
1002 4368 1037 4424 ὡς
1048 4377 1220 4438 assumptum
1232 4385 1266 4421 ex
1279 4366 1313 4423 B.
1328 4368 1408 4425 deest
1420 4372 1449 4426 iu

186 4427 188 4433 ,
239 4368 638 4493 χδρ-οοῦῖἱοῦιιιοιλζοοοαο
651 4369 745 4441 Epigr.
758 4387 785 4424 v.
933 4438 939 4449 ι
1170 4439 1175 4450 ι
1329 4442 1340 4455 .

266 4455 340 4495 εοοο.
457 4453 498 4508 15.
516 4462 558 4494 και
571 4451 742 4510 assumptum
754 4457 787 4494 ex
801 4437 1072 4494 B.doest1nVecco.
1109 4437 1205 4493 Stanm
1219 4439 1384 4506 ζυοποιειται
1397 4459 1449 4512 pro

349 4510 449 4566 ἰτδΒ.
521 4510 563 4566 ι6.
583 4512 617 4569 ὣς
629 4519 800 4581 assumptum
813 4527 845 4564 ex
860 4509 893 4564 Β.
904 4508 979 4564 deest
990 4509 1020 4562 in
1032 4507 1130 4563 Vecco.
1202 4524 1246 4578 30.
1266 4509 1388 4566 ἶδίωνΒ.
