3038 5018
111 278 156 342 iii.
171 301 223 367 31·
295 283 351 348 IN
383 285 416 349 S.
442 285 696 351 JOANNEM.
741 286 906 351 LIB.II.
952 284 1125 349 CARII.
1243 285 1305 346 241

110 445 265 531 τιθὲντες
289 449 396 530 αὐτόν
408 483 419 547 3
451 453 547 548 ἀλλ’,
569 447 675 552 οἶμαι,
694 459 808 532 πᾶσιν
830 453 933 532 ἔσται
958 460 1064 532 τοῦτο
1090 449 1305 557 καταφανές·

111 567 171 648 διά
194 604 249 651 τοι
276 581 383 653 τοῦτο
407 578 465 654 καὶ
489 575 688 678 γέγραπται
708 586 728 623 “
740 574 822 655 Ἵνα
839 573 969 659 πάντες
987 581 1120 672 τιμῶσι
1136 572 1201 655 τὸν
1218 570 1308 653 Υῖδν
1352 575 1432 701 ξῐθζέ

113 702 134 740 “
153 689 271 781 καθῶς
295 703 427 794 τιμῶσι
452 695 516 778 τὸν
536 699 691 799 Πατέρα·
721 695 809 796 ὁμὴ
828 705 939 797 τιμῶν
957 696 1020 778 τὸν
1038 696 1128 777 Υῖὸν
1148 693 1227 776 οὐδὲ
1245 694 1308 777 τὸν

113 826 135 863 “
156 818 304 921 Πατέρα
322 823 443 927 τιμᾷ.”
484 824 504 900 ό
524 821 562 901 δὲ
580 821 780 926 ἰσομέτροις
798 825 846 906 ῶς
864 819 955 925 πρὸς
973 819 1068 901 Θεὸν
1086 826 1145 900 καὶ
1163 819 1310 922 Πατέρα

79 974 98 1032 5
112 946 229 1039 τιμαῖς
248 943 557 1048 ε’παγλαῦζόμενος,
571 945 628 1025 διὰ
647 945 688 1025 τὸ
707 944 750 1051 ἐξ
767 946 876 1025 αὐτοῦ
893 944 985 1025 κατὰ
1000 942 1115 1050 φύσιν
1129 941 1314 1048 ὑπάρχειν,

112 1069 190 1148 πῶς
227 1067 290 1147 οὐκ
322 1056 371 1148 ἂν
400 1076 516 1149 νοοῖτο
553 1070 682 1150 λοιπὸν
714 1069 780 1169 τὴν
812 1075 884 1148 τῶν
915 1074 1074 1171 γενητῶν
1106 1070 1309 1163 ἀναβαίνειν

113 1186 267 1286 οὐσίαις
298 1198 404 1272 τοῦτο
422 1190 494 1295 γὰρ
511 1191 553 1273 τό
570 1194 708 1274 Ἐπιὶνα
726 1192 857 1274 πάντων
875 1193 971 1272 ἐστίν.
1320 1225 1337 1267 e

170 1312 278 1393 Ἀλλ’
297 1313 515 1415 αἰσθάνομαι
539 1314 663 1408 πάλιν,
689 1320 737 1400 ὡς
766 1315 935 1419 ἦρεμήσει
961 1314 1027 1414 μέν
1048 1317 1209 1413 οὐδαμῶς
1236 1322 1309 1395 τῶν

113 1438 415 1543 χριστομάχωνό
445 1449 536 1538 νοῦς,
561 1440 689 1547 ἥξουσι
719 1442 765 1537 δ’,
785 1444 833 1524 ὡς
858 1439 959 1536 εἰκὸς,
981 1441 1310 1543 άθυροστομοῦντες

58 1599 100 1638 ιο
116 1562 176 1639 καὶ
200 1559 366 1664 λε’γοντες
383 1562 504 1644 Ὅταν
523 1566 543 1644 ὁ
567 1562 738 1668 μακάριος
762 1563 967 1662 βαπτιστὴς
992 1561 1106 1645 όνυθει
1128 1565 1310 1666 ὁρμᾶσθαι

114 1683 205 1790 λε’γη
230 1683 294 1766 τὸν
314 1685 459 1791 Κύρων,
484 1694 586 1770 ποῖος
613 1688 704 1787 ἡμᾶς
732 1686 930 1789 ἀναγκάσει
958 1685 1069 1790 λόγος
1097 1689 1136 1768 ἐκ
1157 1690 1222 1788 τῆς
1245 1695 1311 1767 τοῦ

114 1808 260 1911 Πατρός
277 1809 403 1896 οὐσίας
421 1812 517 1911 ἥκειν
535 1811 643 1892 αὑτὸν
661 1813 886 1910 ὑποτοπῆσαι
906 1810 964 1891 διὰ
989 1810 1031 1891 τό
1050 1808 1231 1908 Ἀνωθεν,
1251 1816 1309 1889 καὶ

114 1931 194 2035 οὐχὶ
216 1938 363 2032 μᾶλλον
385 1934 430 2041 ἐξ
451 1935 620 2038 οὐρανῶν,
642 1933 665 2035 ἢ
691 1940 750 2014 καὶ
772 1937 811 2014 ἐκ
833 1940 897 2036 τῆς
920 1935 1071 2034 ἐνούσης
1095 1936 1191 2041 αὐτῷ
1218 1933 1310 2013 κατὰ
1339 2010 1341 2017 .

114 2053 260 2136 πάντων
279 2059 464 2164 ὑπεροχῆς,
484 2061 531 2142 ὡς
550 2057 609 2139 διὰ
630 2067 735 2138 τοῦτο
759 2060 817 2137 καὶ
842 2061 899 2138 ε’πὶ
922 2054 1042 2138 πάντα
1067 2063 1225 2138 νοεῖσθαι
1250 2060 1310 2137 καὶ

62 2204 101 2264 ¹5
116 2177 311 2281 λε’γεσθαι;
342 2181 429 2262 όταν
447 2184 566 2262 τοίνυν
584 2183 675 2282 ἡμᾶς
700 2187 774 2266 τοῖς
797 2182 968 2266 τοιούτοις
987 2184 1339 2286 κατασφενδονῶσιι
1362 2205 1423 2260 162
1434 2205 1475 2260 A.

114 2301 250 2406 λόγοις,
265 2305 546 2387 ἀντακούσουται
564 2308 676 2387 πάλιν
691 2307 750 2385 Οὐ
766 2311 839 2389 τοῖς
857 2307 940 2409 παρ’
961 2307 1043 2406 ὑμῖν
1061 2302 1307 2407 σαθροτάτοις,

113 2423 142 2504 ὦ
168 2425 368 2527 βέλτιστοι,
397 2437 599 2531 λογισμοῖς,
625 2428 725 2510 ἀλλὰ
751 2434 897 2529 μᾶλλον
921 2436 966 2534 τῇ
993 2429 1070 2535 θείη
1098 2432 1223 2535 γραφῇ
1250 2430 1309 2507 καὶ

114 2549 237 2648 μόνοις
253 2560 327 2637 τοῖς
347 2559 449 2657 ἱεροῖς
467 2552 763 2655 ἀκολουθήσομεν
781 2553 1005 2657 γράμμασιν.
1052 2551 1255 2655 ε’ρευνητέον
1272 2553 1306 2630 δ’

113 2675 176 2755 οῦν
189 2678 227 2754 ἐν
239 2677 391 2774 ε’κείνοις,
406 2676 503 2761 ὅπως
521 2679 604 2777 ἡμῖν
618 2673 683 2777 τὴν
696 2686 759 2758 τοῦ
771 2675 937 2758 Ἀνωθεν
952 2675 1125 2780 ὁρίζονται
1145 2674 1305 2776 δύναμιν.

55 2832 100 2873 σο
113 2799 341 2880 ἀκουέτωσαν
358 2802 476 2881 τοίνυν
494 2799 776 2903 ἀνακεκραγότος
799 2801 893 2885 τινὸς
914 2807 986 2881 τῶν
1004 2800 1310 2906 πνευματοφόρων,

113 2931 135 2969 “
155 2927 270 3001 Πᾶσα
296 2923 397 3007 δόσις
423 2924 542 3026 ἀγαθὴ
567 2932 624 3004 καὶ
649 2932 723 3005 πᾶν
745 2925 892 3028 δῶρημα
915 2923 1052 3004 τέλειον
1074 2923 1209 3003 ἄνωθέν
1230 2926 1309 3002 ε’στι
1353 2932 1447 3060 §lgm

113 3054 136 3092 “
154 3055 370 3142 καταβαῖνον
389 3050 427 3128 ε’κ
445 3047 662 3152 τοῦπατρὸς
681 3055 753 3127 τῶν
771 3047 932 3154 φῶτων·”
963 3045 1039 3127 ίδοὺ
1059 3047 1249 3150 διαρρήδην
1266 3045 1309 3127 τὸ
1364 3034 1370 3046 ’
1412 3035 1418 3047 ’

114 3165 228 3250 §mov
246 3172 285 3249 ἐκ
308 3180 373 3252 τοῦ
399 3169 544 3276 Πατρδς
569 3169 659 3252 εἶναι’
680 3178 809 3278 φησιν·
841 3171 959 3273 ἕτερον
979 3169 1050 3273 γὰρ
1078 3169 1178 3249 οὐδὲν
1198 3171 1342 3272 ὑπερ-1)

110 3297 256 3373 7κεῖσθαι
283 3294 474 3394 γινιόσκων
501 3293 548 3374 τὰ
574 3295 706 3397 γενητὰ
733 3293 833 3398 παρὰ
859 3292 927 3393 τὴν
949 3294 1103 3398 ἄρρητον
1124 3301 1187 3373 τοῦ
1213 3297 1310 3374 Θεοῦ

56 3442 100 3504 ,25
116 3414 241 3523 φύσιν,
260 3418 349 3521 αὐτῇ
367 3418 494 3523 κυρίως
512 3424 686 3525 προσῆψε
705 3420 747 3498 τό
765 3417 940 3499 Ἀνωθεν.
973 3417 1019 3497 τὰ
1036 3417 1102 3518 μὲν
1119 3415 1192 3519 γὰρ
1209 3417 1312 3497 ἄλλα

112 3538 310 3637 σύμπαντα
336 3547 387 3650 περ
413 3547 477 3643 τῆς
505 3545 666 3626 δουλείας
693 3542 882 3624 ὑποπίπτει
912 3541 1017 3648 ζυγῷ,
1039 3539 1148 3640 μόνος
1173 3539 1212 3620 δέ
1236 3541 1310 3622 ἅνω
1364 3619 1367 3626 .

110 3670 178 3742 ’τοῦ
196 3670 404 3767 κρατεῖσθαι
421 3669 521 3774 πηδᾷ
538 3669 596 3747 καὶ
613 3665 800 3761 βασιλεύει
819 3665 920 3750 Θεός·
946 3666 1028 3747 ὅθεν
1041 3667 1186 3764 άληθῶς
1204 3663 1311 3747 αὐτὸς

112 3790 172 3866 καὶ
198 3786 309 3869 ἐπάνω
337 3790 470 3871 πάντων
492 3793 575 3871 ἐστί.
616 3789 709 3874 Θεὸς
739 3788 776 3869 δὲ
798 3792 863 3881 καὶ
890 3792 929 3869 ἐκ
952 3795 1048 3868 Θεοῦ
1076 3787 1167 3869 κατὰ
1196 3788 1310 3895 φύσιν

113 3907 286 4015 ὑπάρχων
304 3912 324 3990 ό
344 3909 442 4010 Υῖῦς,
460 3918 524 4012 τῆς
541 3916 598 3994 ἐπὶ
617 3913 731 4020 τούτιρ
749 3912 1001 4017 λαμπρότητος
1020 3913 1083 3992 οὐκ
1101 3915 1306 3992 ε’κκείσεται.Ι

54 4065 98 4124 30
111 4036 141 4113 εῖ
161 4030 199 4111 δὲ
216 4033 258 4113 τό
280 4031 445 4117 Ἀνωθεν
464 4037 582 4117 οἴεσθε
601 4041 674 4117 δεῖν
691 4034 764 4142 Ἐξ
786 4038 937 4139 οὐρανοῦ
960 4035 1223 4136 λαμβάνεσθαι,
1242 4046 1338 4114 λε·ο

150 4328 174 4366 1.
192 4315 269 4367 τοῦτο
280 4313 493 4400 πᾶσιυὲσταιιΒ.
600 4331 626 4398 23
644 4312 702 4439 τδηρ
717 4314 814 4398 καὶτὸν
828 4312 860 4368 Β.
964 4331 990 4384 9.
1007 4311 1262 4399 ἀθυρογλωποῦντςς
1275 4311 1311 4369 Β.

114 4399 157 4437 12.
176 4384 267 4440 οὐσίας
278 4406 325 4438 του
337 4387 441 4454 Πατρός
453 4402 557 4440 ιιιυετιο
569 4385 663 4439 ordme
700 4427 709 4440 .
826 4400 866 4453 13·
885 4382 967 4451 ἧσαι.
985 4383 1018 4438 B.
1135 4400 1176 4449 ιι.
1195 4383 1310 4438 νοιισθαι

111 4455 154 4507 καὶ
166 4454 291 4524 λέγεσθαι
304 4455 337 4509 Β.
350 4459 435 4510 νοοῖτο
447 4457 488 4509 καὶ
499 4457 603 4526 λέγοιτο
617 4456 668 4511 Ed.
802 4455 843 4508 18.
861 4453 1073 4522 ἀκολουθὴσομεν
1086 4452 1119 4507 Β.
1133 4452 1310 4525 Migne.‚clno·

110 4523 273 4595 λουθίγσομιιι
287 4525 338 4579 Ed.
385 4525 408 4579 δ’
423 4525 455 4580 Β.
467 4526 499 4594 δη
513 4525 563 4582 Ed.
673 4525 849 4620 19.ΙὴμῶνΒ.
956 4542 999 4595 3ο.
1019 4524 1119 4580 οἴεσθαι
1135 4525 1169 4579 D.
1202 4589 1207 4597 Ι

156 4625 225 4671 VOL.
243 4628 265 4671 Ι.
692 4628 731 4671 Il
