3038 5018
92 302 133 367 vi.
145 303 198 390 38,
211 325 263 392 39.
294 305 352 370 IN
383 307 416 374 S.
440 307 695 373 JOANNEM.
740 304 918 370 LIB.IV.
963 304 1066 370 CAP.
1091 303 1119 366 Ι.
1223 302 1283 364 491

92 464 184 549 εῖναί
197 470 276 551 ε’στι
293 479 357 550 τοῦ
374 476 474 570 Υίοῦ,
494 476 552 553 καὶ
574 481 680 553 τοῦτο
703 474 799 581 αὐτῷ
825 470 946 578 φὺσις,
965 467 1090 571 ὥσπερ
1109 468 1287 575 ἀνθρώπῳ

92 589 203 695 τυχὸν
220 592 243 692 ή
261 594 503 697 ἀνθρωπότης,
523 594 546 698 ή
572 595 743 701 ὑπάρχων
760 594 934 699 πρότερον
951 593 1057 676 αὐτὸς
1082 595 1131 676 ὡς
1154 594 1192 671 ἐν
1212 592 1318 698 ίδίιρο

93 713 195 823 λόγῳ
223 716 455 798 ῦττοτάττεται
482 726 534 828 τῷ
556 725 685 822 Πατρὶ,
709 718 834 822 ὥσπερ
862 720 925 799 οῦν
951 715 995 797 ἀν
1020 716 1130 801 εἴτις
1159 714 1289 814 νοήσαι

91 838 203 943 τυχὸν
220 842 273 920 ἐπ’
293 840 455 944 ἀγγίλου
473 849 530 924 καὶ
549 844 670 947 ἑτέρας
687 841 783 927 τινδς
803 839 983 942 δυνάμεως
1002 845 1162 942 λογικῆς.
1201 838 1289 919 ὅντα

60 960 166 1065 5γάρ
183 970 296 1044 ταῦτα
314 968 373 1045 καὶ
393 968 597 1074 ὑφεστῶτα,
617 966 680 1048 τὸν
698 971 762 1067 τῆς
782 969 964 1068 ὑποταγῆς
983 966 1120 1068 δέχεται
1138 960 1285 1065 τρόπον.
1322 1009 1325 1015 ·

151 1091 197 1166 Ei
220 1086 286 1187 μὲν
304 1089 367 1168 οὑν
383 1092 421 1169 ἐν
438 1095 490 1198 τῷ
514 1088 778 1171 ὑποτάττεσθαι
804 1095 855 1198 τῷ
875 1091 994 1191 Πατρῖ
1018 1086 1060 1166 τὸ
1084 1083 1175 1165 εἷναί
1197 1099 1289 1192 φατε

93 1218 158 1291 τοῦ
174 1216 274 1309 Υίοῦ,
294 1212 457 1316 ὑποταγὴ
474 1220 621 1312 μᾶλλον
639 1214 743 1294 ἔσται
761 1216 819 1294 καὶ
837 1214 904 1319 οὑχ
923 1212 1009 1296 υίός.
1049 1207 1131 1291 εἶτα·
1149 1217 1226 1294 πῶς
1249 1211 1291 1289 οὑ

94 1337 188 1434 λίαν,
213 1335 292 1417 εῖπί
314 1371 386 1438 μοι,
411 1347 604 1442 ληροῦντες
631 1337 913 1445 ἀναφανήσεσθε
941 1334 1093 1430 λοιπάν;
1128 1331 1291 1436 ὑποταγῆ

94 1458 166 1562 γὰρ
190 1459 279 1560 αὐτῆ
305 1463 387 1542 καθ’
407 1458 536 1561 ἑαυτήν
553 1469 631 1546 πῶς
649 1458 695 1541 ἀν
713 1461 912 1566 ὑφεστάναι
930 1467 1047 1540 νοοῖτο
1065 1457 1115 1556 μὴ
1133 1457 1293 1559 ε’νυπάρ·-

41 1614 81 1657 10
95 1616 214 1685 χουσα
246 1589 318 1663 τῶν
350 1584 465 1666 ὅντων
497 1589 566 1665 τινί
577 1618 588 1683 3
630 1584 675 1664 τά
705 1582 777 1688 γάρ
807 1593 954 1664 τοιαῦτα
982 1582 1327 1686 προῦποκειμένωνᾶ

95 1706 297 1807 ἀναγκαίως
315 1715 388 1788 τῶν
401 1712 439 1789 ἐν
453 1707 504 1795 οῖς
522 1709 687 1812 γίνεσθαι
705 1716 807 1816 φιλεῖ
821 1710 1035 1808 συμβαίνειν
1049 1708 1138 1803 ἔθος,
1149 1709 1208 1786 καὶ
1226 1706 1294 1810 οὑχ
1427 1695 1430 1702 ’

95 1828 231 1930 ἑτέρως.
271 1835 484 1932 θεωροῦνται
512 1833 550 1913 δὲ
578 1840 725 1933 μᾶλλον
751 1837 833 1934 περὶ
860 1831 924 1917 τάς
953 1833 1088 1930 οὐσίαις,
1111 1832 1189 1932 ἤτοι
1216 1837 1294 1914 ταῖς

97 1953 235 2037 οὑσίαις
271 1956 529 2054 συμβαίνοντα,
560 1956 674 2060 ἤγουν
708 1958 902 2063 ὑφεστῶτα
941 1954 1023 2034 καθ’
1058 1954 1176 2035 ἑαυτά.
1234 1956 1294 2033 καὶ

96 2072 221 2177 ὥσπερ
250 2079 417 2175 ἐπιθυμίαι
446 2076 565 2184 τυχάν,
594 2082 616 2181 ἡ
645 2082 706 2161 ε’πί
733 2115 767 2161 τι
798 2086 871 2160 τῶν
899 2079 1013 2160 ὄντων
1040 2085 1207 2158 καλοῦσα
1236 2080 1294 2157 καὶ

45 2226 82 2285 15
98 2194 272 2306 φέρουσα,
291 2202 355 2281 οῦκ
373 2199 418 2282 ἀν
436 2202 593 2311 ὑπάρξαι
612 2205 695 2284 καθ’
715 2202 854 2304 ἑαυτὴν,
872 2206 1063 2283 ἐντίκτεται
1087 2201 1124 2281 δὲ
1148 2207 1295 2298 μᾶλλον

96 2329 148 2432 τῷ
175 2323 345 2429 δέχεσθαι
374 2327 564 2434 πεφυκάτι·
598 2329 710 2412 οὑτως
737 2329 759 2427 ῆ
786 2327 949 2430 ὑποταγή
977 2324 1189 2427 θελημοίτων
1216 2321 1296 2404 τινά

97 2445 213 2551 ῥοπὴν
235 2451 511 2556 ὑπεμφαίνουσα
535 2449 627 2554 πρὸς
651 2451 693 2531 τὸ
719 2455 792 2531 δεῖν
816 2450 1083 2532 ὑπστάττεσθαί
1105 2484 1212 2548 τισιν,
1231 2449 1295 2530 οῦκ

97 2575 136 2652 ἔν
166 2573 237 2680 ἰδίᾳ
268 2574 378 2683 φύσει
416 2573 642 2677 νοηθήσεται,
675 2576 759 2653 ἀλλ’
793 2579 841 2661 ὡς
872 2575 988 2660 πάθος
1023 2573 1047 2677 ή
1084 2574 1235 2675 θίλησις
1271 2569 1326 2674 ἢο

98 2698 264 2796 ἐπιθυμία
290 2696 401 2803 τυχὸν
426 2697 556 2779 λοιπὸν
580 2699 775 2807 ἐνυπάρξαι
801 2707 947 2800 μᾶλλον
972 2707 1044 2780 τῶν
1071 2698 1185 2779 ὄντων
1212 2698 1292 2778 τινί.

45 2858 85 2901 ιο
99 2818 272 2900 ἄλλωστε
299 2820 342 2901 τὸ
370 2826 433 2922 τῆς
461 2826 644 2926 ὑποταγῆς
670 2822 784 2923 ὄνομά
806 2858 845 2903 τε
868 2827 926 2903 καὶ
948 2831 1110 2926 πρᾶγμα,
1133 2820 1209 2903 κατ’
1234 2822 1295 2902 οὑ·

98 2941 195 3027 δενδς
213 2941 258 3023 ἀν
277 2953 393 3026 νοοῖτο
418 2949 546 3049 κυρίως
570 2947 780 3051 ἀδιακρίτως
805 2947 1019 3052 ε’κφωνηθέν,
1038 2949 1123 3026 ἀλλ’
1143 2943 1224 3026 οὐδὲ
1243 2944 1297 3024 ὅτι

98 3065 243 3173 φαῦλόν
261 3071 360 3149 ἐστιν
379 3069 401 3170 ἢ
420 3070 558 3172 ἀγαθόν
576 3106 630 3156 τις
648 3072 895 3174 διαγνώσεται,
914 3077 944 3150 εῖ
966 3069 1016 3169 μῆ
1038 3070 1297 3173 προσκείμενον

97 3190 173 3295 ἔχοι
201 3189 244 3270 τδ
271 3191 364 3277 τίνος
392 3195 492 3273 ἐστὶν
515 3194 691 3297 ὑπσταγή·
724 3192 959 3275 ὑποτάττεται
984 3192 1049 3291 μὲν
1072 3193 1143 3296 γάρ
1168 3226 1221 3275 τις
1245 3197 1297 3299 τῷ

99 3320 192 3422 Θεῷ,
220 3313 407 3396 ἀλλὰκαὶ
435 3323 486 3426 τῷ
514 3317 686 3424 διαβόλῳ·
725 3322 783 3398 καὶ
812 3314 939 3420 ὥσπερ
966 3315 1007 3397 τὸ
1035 3316 1155 3421 σοφὸς
1182 3315 1296 3414 ὄνομα

45 3475 83 3534 ο5
97 3439 213 3539 με’σον
240 3474 274 3519 τι
303 3440 394 3520 ε’στί·
425 3452 446 3487 “
462 3444 577 3547 σοφοὶ
604 3439 676 3543 γάρ
705 3446 776 3519 εῖσι
804 3449 869 3521 τοῦ
896 3440 1164 3540 κακοποιῆσαί”
1193 3454 1295 3540 τινες,
1342 3432 1462 3549 ξὶῗώ·

97 3573 120 3610 “
138 3563 251 3668 σοφοῖ
270 3562 307 3644 δὲ
326 3561 438 3645 πάλιν
458 3564 778 3666 κληρονομήσουσι
797 3563 938 3672 δάξσν,”
959 3563 1100 3669 ἔχοντες
1122 3563 1159 3644 δὲ
1184 3569 1296 3664 δῆλον
1342 3564 1463 3693 {stom

98 3686 153 3767 ὅτι
181 3684 248 3787 τὴν
275 3689 413 3794 σοφίαν
442 3690 496 3769 ἐπ’
525 3690 686 3791 ἀγαθοῖς·
732 3690 843 3772 οὕτως
871 3688 893 3788 ἦ
922 3687 1084 3791 ὑποταγῆ
1111 3684 1326 3787 μεσότητάα
1350 3701 1464 3759 θθδὲ

99 3845 178 3890 τινα
195 3818 340 3908 μᾶλλον
359 3811 441 3917 ἔχει,
459 3814 517 3892 καῖ
537 3814 600 3891 οῦκ
623 3811 794 3912 ἀλήθειαν
812 3811 1029 3914 ὡρισμένως.
1070 3811 1207 3911 ἀδήλου
1225 3810 1297 3913 γάρ

99 3936 193 4019 τίνος
219 3934 313 4019 ὅλως
340 3934 503 4038 ὑποταγῆ
529 3935 642 4016 ἔσται.
680 3944 880 4038 τοιγαροῦν,
898 3942 955 4013 καὶ
974 3937 1027 4014 ἐπ’
1047 3934 1195 4033 ἀδήλοις
1213 3935 1297 4032 ἡμῖν

44 4058 122 4155 3οή
140 4067 204 4138 τοῦ
221 4063 313 4139 Υῖοῦ
333 4059 456 4165 φὺσις,
475 4064 503 4139 εῖ
531 4066 647 4139 νοοῖτο
672 4061 756 4161 παρ’
778 4061 876 4156 ὑμῶν
895 4055 1071 4160 ὑπσταγή.
1111 4054 1206 4142 τίνος
1224 4057 1296 4161 γὰρ

136 4321 161 4373 3.
181 4304 212 4357 ἂν
224 4304 269 4358 οὖν
279 4306 385 4361 inverso
397 4304 491 4360 ordine
505 4305 538 4361 B.
591 4303 671 4372 νοήσῃ
686 4304 718 4359 Β.
826 4322 851 4370 4.
870 4304 902 4357 τὰ
914 4321 962 4374 pro
975 4302 1035 4356 ὄντα
1050 4302 1082 4356 Β.
1189 4301 1215 4355 8.
1235 4300 1296 4355 ἅνα-

99 4375 228 4442 φαίνισθε
242 4375 275 4430 Β.
478 4376 519 4432 16.
539 4373 553 4444 ἡ
567 4393 621 4430 om.
635 4374 668 4428 B.
873 4391 914 4444 ¹9·
932 4375 1024 4428 λοιπὸν
1035 4381 1202 4442 assumptum
1216 4389 1247 4426 ex
1261 4371 1295 4427 Β.

102 4461 144 4511 24.
164 4445 263 4516 σοφὸς]
281 4449 374 4518 σοφῶν
387 4447 419 4501 Β.
576 4462 619 4518 25.
638 4445 664 4501 τί
676 4445 733 4500 ε’στι
745 4445 826 4512 μέσον
840 4444 872 4499 Β.
1032 4443 1078 4498 26.
1094 4443 1123 4497 δι’
1135 4443 1181 4498 alt„
1194 4460 1248 4499 om.
1262 4442 1296 4498 Β.

102 4557 144 4607 20.
163 4529 236 4596 ἔστάι
253 4541 286 4595 D.

656 4645 675 4709 3
692 4644 713 4687 ιι
730 4644 747 4689 2
