3038 5018
90 304 198 389 vi.37.
260 305 315 370 IN
347 306 380 369 S.
404 304 659 370 JOANNEM.
704 305 799 370 LIB.
825 301 1038 372 111.'0AP.
1056 308 1115 372 VI.
1226 311 1291 375 479

91 468 165 574 σι’ςι,
188 467 300 549 πάλιν
325 474 373 554 ὡς
401 471 588 573 ἅνθρωπος
617 469 807 570 ἀνατίθησι
830 477 881 578 τῷ
907 476 1025 575 Πατρὶ
1049 469 1115 570 τὴν
1137 476 1194 553 ἐπὶ
1217 481 1290 559 τοῖς

91 592 406 696 θεοπρεπεστέροις
442 593 628 696 ἐνέργειαν.
681 592 761 678 ἐθος
792 592 865 696 γάρ
898 596 994 702 αὐτῷ
1025 605 1131 678 τοῦτο
1163 604 1289 689 ποιεῖν,

90 712 214 818 ὥσπερ
240 717 302 796 οῦν
321 714 446 816 ἀμέλει
470 716 649 801 πολλάκις
666 710 870 818 εἰρήκαμεν.
912 718 1003 802 εὶκὸς
1028 719 1065 797 δὲ
1091 720 1146 799 ὅτι
1170 753 1288 822 προσ·
1356 717 1363 728 ’

90 839 318 944 αχθήσεσθαι
337 841 455 941 λέγων
473 842 586 947 ἐαυτῷ
611 839 709 941 παρὰ
734 848 798 919 τοῦ
816 846 913 921 Θεοῦ
940 844 997 921 καὶ
1018 843 1164 947 Πατρός
1185 848 1290 926 πῶιδ

59 979 76 1038 5
92 957 224 1043 δίδωσιν
243 970 343 1072 αὐτῷ,
361 962 608 1066 παρεσόμενον
626 964 694 1065 ἤδη
720 970 777 1043 καὶ
802 964 892 1044 ὅσον
911 966 1048 1046 οὐδέπω
1074 965 1325 1051 πιστεύονται)

90 1086 153 1166 τὸν
174 1088 218 1194 ἐξ
241 1091 352 1168 ἐθνῶν
372 1088 606 1168 ῦπαινίττεται
634 1091 759 1187 δῆμον.
799 1097 906 1169 τοῦτο
932 1089 969 1169 δέ
995 1088 1040 1190 ἦν
1059 1092 1291 1176 ἀπειλοῦντος

91 1212 238 1316 εὐφυῶς,
254 1211 308 1291 ὅτι
326 1215 383 1294 καὶ
402 1215 671 1293 ἀποπεσοῦνται
689 1215 752 1311 τῆς
771 1211 916 1316 χάριτος
935 1216 1045 1311 αὐτοὶ,
1061 1217 1120 1294 καὶ
1139 1214 1299 1295 ἀντανα-’

90 1333 269 1435 θήσονται
300 1336 430 1420 πάντες
463 1340 495 1415 οἱ
527 1337 571 1442 ἐξ
600 1338 712 1416 ἐθνῶν
738 1336 1007 1439 προσαγόμενοι
1042 1337 1099 1417 διὰ
1131 1342 1194 1438 τῆς
1226 1347 1291 1419 τοῦ

91 1464 186 1539 Θεοῦ
205 1464 263 1541 καὶ
282 1459 427 1564 Πατρός
451 1459 676 1563 ἡμερότητος,
695 1462 743 1545 ὡς
768 1464 906 1563 σωτῆρι
931 1465 989 1540 καὶ
1015 1460 1175 1570 ζωοποιῷ
1199 1461 1291 1542 κατά

41 1608 78 1648 10
92 1581 205 1688 φύσιν
233 1583 429 1689 ὑπάρχοντι
458 1588 509 1690 τῷ
536 1589 623 1692 Υἱῷ,
650 1584 710 1664 ἵνα
740 1588 804 1683 τῆς
837 1585 1001 1687 εὐλογίας
1032 1585 1292 1691 μετεσχηκότες

90 1712 154 1808 τῆς
190 1711 250 1789 ἀπ’
284 1711 403 1807 αὐτοῦ,
437 1712 596 1788 κοινωνοὶ
632 1707 698 1806 μὲν
731 1709 799 1810 ἤδη
831 1714 895 1809 τῆς
927 1708 1022 1793 θείας
1058 1712 1291 1791 ἀποτελοῖντο

92 1830 247 1937 φύσεως,
266 1832 532 1935 ἀνακομίζοιντο
551 1828 588 1909 δέ
606 1833 716 1916 οὕτως
736 1839 784 1916 εἶς
803 1834 1014 1938 ἀφθαρσίαν
1032 1837 1090 1914 καὶ
1109 1832 1211 1935 ζωὴν,
1231 1837 1319 1915 καῖο

91 1961 138 2037 είς
162 1955 203 2034 τὸ
228 1959 378 2061 ἀρχαῖον
399 1959 463 2054 τῆς
489 1952 634 2062 φύσεως
660 1954 968 2051 μεταπλάττοιυτο
993 1961 1131 2062 σχῆμα.
1165 1956 1291 2063 ῶσπερ

91 2080 154 2159 οῦν
176 2080 209 2160 εἴ
232 2115 285 2165 τις
314 2085 423 2186 ἰατρῷ
450 2077 635 2184 προσάξαι
661 2077 724 2158 τὸν
746 2078 947 2184 οἷρῤωστον,
967 2081 1026 2161 ἵνα
1052 2078 1118 2179 τὴν
1137 2082 1287 2183 ἐπισκή-

41 2227 77 2286 15
91 2209 222 2310 φασαυ
249 2202 514 2308 ἀποκρούσαιτο
543 2199 664 2300 νόσον,
692 2204 786 2282 οὕτω
817 2204 1039 2309 προσφέρειν
1065 2206 1213 2305 ἐροῦμεν
1240 2211 1291 2314 τῷ

91 2333 168 2436 m
185 2328 249 2409 τὸν
268 2327 364 2408 Θεὸν
382 2330 439 2407 καὶ
460 2326 616 2431 Πατέρα,
635 2324 718 2410 τοῦς
736 2326 836 2430 οἵπερ
856 2324 901 2406 ἀν
920 2328 1104 2434 φαίνοιντο
1122 2333 1186 2429 τῆς
1204 2331 1290 2433 παρ’

91 2453 199 2531 αὐτοῦ
224 2451 404 2555 σωτηρίας
431 2450 539 2556 ἄξιοι.
578 2448 707 2552 πικρὸν
725 2449 788 2529 οῦν
807 2449 878 2553 ἀρα
901 2454 960 2531 καὶ
978 2450 1143 2555 ὁλέθριον
1162 2456 1291 2560 κομιδῇ

91 2582 164 2659 τοῖς
182 2577 327 2681 ἔχουσιν
345 2575 368 2674 ἡ
387 2573 666 2678 σκληροκαρδία.
705 2571 764 2653 διά
781 2608 836 2653 τοι
855 2583 960 2656 τοῦτο
986 2579 1044 2656 καὶ
1067 2576 1291 2683 προφητικάς

91 2707 164 2782 τοῖς
190 2698 372 2782 Ἰουδαίοις
399 2695 609 2796 ἐπισκήπτει
637 2695 747 2798 λόγος
776 2708 799 2746 “
817 2697 1065 2802 Περιτμὴθητε
1097 2705 1149 2808 τῷ
1177 2702 1288 2808 Θεῷ”
1336 2715 1408 2768 Hier·
1421 2717 1456 2769 iv·

38 2854 79 2896 ιο
92 2821 283 2926 διαῤῥήδην
307 2825 483 2917 ἀναβοῶν,
509 2830 531 2867 “
550 2823 608 2899 καὶ
635 2828 881 2925 περιτεμεῖσθε
909 2819 974 2922 τὴν
1000 2799 1360 2928 σκληροκαρδίανιῐ4’

92 2958 114 2996 “
133 2950 241 3048 ὑμῶν,
271 2947 395 3049 ἀνδρες
427 2943 545 3024 Ἰούδα
582 2947 641 3024 καὶ
673 2950 706 3025 οἱ
743 2953 985 3031 κατοικοῦντες
1016 2942 1289 3051 Ἱερουσαλήμ.”

92 3073 176 3151 ἀλλ’
197 3071 261 3151 οῦκ
279 3070 430 3167 ἐκείνοις,
448 3068 532 3168 ἡμῖν
550 3066 765 3169 δὲμᾶλλον,
784 3070 804 3148 ό
824 3068 918 3154 Θεὸς
942 3073 999 3149 καὶ
1020 3069 1149 3174 Πατὴρ
1168 3068 1234 3170 τὴν
1252 3074 1290 3151 ἐν

92 3197 219 3303 καρδίᾳ
245 3197 413 3298 τετήρηκε
440 3190 645 3295 περιτομὴν,
667 3190 733 3292 τὴν
756 3191 815 3273 διά
840 3193 1051 3292 Πνεύματος
1067 3192 1195 3295 Ἀγίου
1223 3197 1288 3296 δη-

92 3317 214 3398 λονότι
233 3317 323 3399 κατὰ
341 3316 405 3397 τὸν
421 3319 459 3396 ἐν
477 3322 528 3422 τῷ
547 3321 693 3423 κρυπτῷ
711 3314 927 3417 τελουμένην
941 3316 1126 3399 Ἰουδαῖον.
1156 3318 1290 3398 δίκαιον

39 3469 78 3529 25
92 3444 154 3522 οὖν
179 3442 250 3546 ἀρα
277 3446 340 3542 τῆς
367 3442 507 3521 ἐκείνων
530 3441 708 3525 ἀπειθείας
735 3442 935 3540 ἀποπηδᾶν,
954 3443 1012 3520 καὶ
1039 3446 1290 3544 παραιτεῖσθαι

92 3564 304 3671 σπουδάζειν
335 3564 401 3667 την
437 3565 738 3667 σκληροκαρδίαν,
771 3569 820 3650 είς
856 3562 1039 3671 τρυφερὰν
1069 3563 1108 3644 δέ
1144 3557 1291 3664 μᾶλλον

92 3697 361 3789 μεταποιεῖσθαι
379 3686 545 3786 διάνοιαν,
564 3691 593 3765 εί
612 3685 678 3787 τὴν
695 3690 749 3770 ἐπ’
769 3689 909 3773 ἐκείνοις
928 3686 1041 3793 ὀργὴν
1060 3691 1108 3774 ὡς
1126 3688 1321 3794 ὀλέθριουο

92 3812 369 3916 παραιτούμεθα.

130 4025 155 4062 2.
174 4008 408 4078 θεοπρεπεστάτοις
421 4008 452 4063 Β.
561 4027 587 4081 3.
605 4005 858 4081 προσταχθῆσεσθοι
872 4006 905 4062 B.
1024 4019 1051 4096 5.
1070 4005 1117 4075 ἤδη
1130 4006 1171 4059 καὶ
1184 4005 1261 4077 ὅσον]
1275 4006 1291 4078 1’3

93 4079 195 4135 δικαίως
207 4079 237 4133 δν
250 4079 284 4134 Β.
357 4095 399 4134 11.
418 4080 465 4149 ἤδη
478 4097 533 4135 om.
545 4080 577 4136 B.
652 4099 663 4133 1
687 4075 945 4147 .μεταπλάττοιντο]
962 4082 991 4140 -Ι-
1006 4076 1034 4130 δε
1046 4077 1111 4146 πρὸς
1122 4077 1244 4137 βελτίονα
1258 4077 1292 4134 Β.
1318 4136 1320 4140 ,

97 4164 137 4221 17.
155 4149 201 4204 οὖν
212 4169 266 4204 om.
280 4149 314 4203 B.
456 4167 498 4205 20.
515 4096 685 4220 περιτέμεσθέ
698 4149 811 4204 correxit
824 4148 928 4228 Migne,
941 4146 988 4200 sed
1000 4146 1179 4218 περιτεμεῖσθι
1191 4147 1292 4205 habent

94 4223 150 4291 (23.
164 4222 210 4287 al.)
224 4230 249 4275 et
262 4221 296 4276 cf.
312 4219 394 4275 Hom.
408 4220 504 4276 Pasch.
518 4223 535 4278 i.
570 4239 603 4292 .3
616 4221 673 4275 init.
687 4237 703 4274 a
716 4218 840 4273 Patsons.
853 4226 899 4271 c1t.
1021 4233 1064 4273 21.
1081 4215 1167 4273 Ἰούδα
1181 4217 1214 4274 Β.
1226 4217 1291 4276 ’lov-

94 4292 161 4346 δαῖοι
174 4291 226 4347 Ed.
341 4305 384 4362 25.
402 4290 532 4350 ἀπειθείας
545 4240 581 4349 Β.
595 4292 698 4364 Migne.
709 4288 831 4360 ἀμοθείας
844 4288 877 4344 Β.
891 4287 1016 4345 ἀπειθείας
1028 4287 1101 4344 Aub-
