3038 5018
104 289 211 359 iv.22.
295 294 352 360 IN
384 297 416 361 S.
441 299 694 364 JOANNEM.
741 299 908 363 LIB.II.
955 297 1055 362 CAP.
1073 297 1112 359 V.
1238 297 1302 358 283

102 463 180 539 πῶς
208 456 253 538 ἂν
274 461 406 560 ταύτην
428 463 479 542 ἐτι
507 463 738 571 καταδίξαιτο
767 463 832 563 τήν
854 463 1049 562 ἀλήθειανς
1085 459 1108 561 ἢ
1137 459 1209 564 γὰρ
1236 461 1303 565 οὐχ

103 583 151 664 ὡς
188 581 292 666 τέλος
330 589 388 664 καὶ
424 590 673 693 κσρποφορίαν
708 587 948 688 πνευματικὴν
981 584 1199 688 λογιούμεθα
1236 581 1302 684 τήν

101 707 362 807 προσκύνησιν,
392 714 450 790 καὶ
477 713 643 813 λατρείας
671 709 761 796 εἶδος
790 711 960 816 ὑπάρχειν
989 713 1135 812 ἐροῦμεν
1163 708 1274 810 αῦτήν
1286 741 1297 806 ;

101 831 177 908 ἐπεὶ
195 830 254 909 διὰ
271 831 379 913 ποίαν
398 836 418 913 ὁ
437 834 544 934 νόμος
564 837 679 915 αἰτίαν
697 842 742 940 τῇ
761 833 1008 937 προσκυνήσει
1033 833 1210 932 συνέδησε
1234 831 1301 930 τήν
1345 831 1469 946 ,εν-Ἧι

68 955 270 1054 5λατρείαν
296 957 405 1037 εἰπών
429 970 450 1005 “
472 958 606 1060 Κύριον
633 956 809 1039 τὸνθεόν
837 993 907 1038 σου
934 955 1213 1060 προσκυνήσεις,
1242 959 1299 1036 καὶ
1345 962 1466 1013 Domai.

101 1078 313 1121 “Ml
513 1079 931 1110 '„'*“
1144 1042 1384 1111 sxx¹³'

143 1111 240 1185 αυτερ
267 1114 365 1187 μονιρ
391 1092 611 1183 λατρευσεις.
674 1096 774 1181 πυλη
804 1117 875 1186 γαρ
902 1117 1027 1184 ωσπερ
1054 1116 1108 1165 τις
1134 1116 1213 1160 εστι
1241 1115 1328 1160 καιο
1353 1100 1467 1156 19οΔ.

98 1197 183 1283 ὁδὸς
208 1206 270 1301 τῆς
295 1205 332 1282 ἐν
356 1205 473 1307 ἔργοις
500 1208 665 1309 λατρείας
694 1208 716 1305 ἡ
744 1205 1002 1310 προσκύνησις,
1024 1202 1138 1311 ἀρχὴν
1163 1205 1299 1308 ἔχουσα

100 1325 261 1408 δουλείας
292 1331 356 1426 τῆς
388 1331 435 1412 ὡς
467 1327 559 1432 πρὸς
591 1331 695 1411 Θεόν.
753 1328 808 1410 διὸ
845 1327 889 1429 δὴ
926 1335 984 1408 καὶ
1021 1327 1111 1432 πρός
1147 1363 1245 1412 τινας
1278 1330 1298 1408 ὁ

99 1449 260 1552 μελῳδός
292 1486 362 1531 που
395 1455 494 1559 φησί
520 1465 541 1500 “
557 1463 670 1534 Δεῦτε
701 1453 1014 1556 προσκυνήσωμεν
1045 1456 1104 1532 καὶ
1135 1451 1297 1554 προσπέ-
1342 1451 1386 1567 ξ’·
1400 1453 1465 1503 ¹⁰³V·

47 1581 122 1655 10“
139 1604 263 1669 σωμεν
291 1577 397 1681 αὐτῷ,
426 1581 484 1657 καὶ
513 1579 730 1674 κλαύσωμεν
757 1578 915 1657 ἐναντίον
943 1579 1078 1680 Κυρίου
1105 1585 1169 1656 τοῦ
1196 1576 1298 1678 ποιή-

99 1704 121 1738 “
138 1729 273 1780 σαντος
303 1699 430 1798 ήμῦς.”
476 1703 563 1807 ὁρᾷς
590 1700 838 1805 παρεπόμενόν
865 1737 902 1782 τε
933 1705 991 1781 καὶ
1022 1693 1299 1803 συνεζευγμένον

97 1824 150 1923 τῷ
178 1832 394 1922 προσκυνεῖν
420 1823 462 1905 τὸ
494 1829 622 1930 χρῆναι
648 1827 915 1928 προσπίπτειν;
959 1826 1000 1905 οῦ
1028 1826 1065 1903 τί
1088 1824 1132 1903 ἂν
1160 1825 1299 1925 γε’νοιτο

97 1944 460 2049 δουλοπρεπέστερον,
479 1947 637 2051 παράγε
656 1956 728 2032 τοῖς
747 1951 862 2050 ὀρθῶς
885 1947 1115 2049 δοκιμάζουσι
1137 1947 1203 2034 τὰς
1226 1955 1298 2028 τῶν

96 2069 321 2170 πραγμάτων
337 2070 539 2172 ποιότητας,
560 2078 666 2152 εἰπεῖν
684 2073 747 2150 οῦκ
766 2070 847 2175 ἐχω.

46 2220 82 2278 15
156 2197 202 2272 Εί
227 2194 264 2272 δέ
288 2195 515 2292 ἐπιμένουσιν
533 2201 565 2275 οἱ
589 2196 631 2274 δι’
652 2196 810 2279 ἐναντίας
829 2197 884 2275 ἐπ’
904 2195 1120 2300 ἀθραύστοις
1144 2196 1195 2274 ἔτι
1220 2205 1330 2282 ταΐςΙι

97 2316 366 2420 ἅναισχνντίαις
403 2318 695 2422 σοβορευόμενοι,
729 2326 788 2399 καὶ
822 2327 895 2399 τῶν
927 2324 984 2400 ἐπὶ
1020 2320 1156 2404 τούτοις
1191 2325 1296 2401 άπαι-

95 2437 230 2519 δεύτων
252 2443 294 2520 οῦ
319 2443 567 2545 καταλήγουσι
593 2451 793 2547 λογισμῶν,
812 2442 1078 2524 ἐπιδεικνύντων
1099 2445 1182 2543 ἡμῖν
1205 2443 1296 2545 όλην

95 2562 162 2661 τήν
183 2566 289 2666 ἁγίαν
313 2576 607 2668 περινοστοῦντες
635 2568 781 2674 γραφὴν
804 2567 1111 2669 προσκυνήσαντα
1138 2572 1190 2675 τῷ
1212 2573 1296 2676 Θεῷ

96 2689 154 2766 καὶ
175 2693 293 2792 Πατρὶ
315 2690 379 2768 τὸν
397 2688 496 2787 Υίδν,
516 2689 575 2770 ’ότε
601 2689 735 2792 γυμνὸς
760 2690 804 2791 ἦν
822 2691 872 2771 ἐτι
892 2692 1026 2794 Λόγος,
1046 2691 1118 2795 πρὸ
1141 2700 1213 2773 τῶν
1231 2698 1295 2794 τῆς

44 2851 81 2890 20
94 2812 398 2915 ἐνανθρωπήσεως
417 2812 556 2918 χρόνων
576 2817 633 2893 καὶ
652 2824 716 2894 τοῦ
735 2819 798 2913 τῆς
817 2815 980 2897 δουλείας
997 2816 1198 2920 σχήματος.
1231 2826 1294 2897 νῦν

93 2932 160 3032 μέν
192 2934 265 3039 γὰρ
296 2941 344 3019 ὡς
376 2938 564 3040 ἅνθρωπος
596 2937 865 3041 ἀκατηγόρητον
892 2946 1095 3039 προσκυνεῖ,
1124 2938 1205 3019 τότε
1237 2941 1291 3037 δέ,

93 3057 220 3138 ούκέτι.
265 3062 352 3139 ἀλλ’
383 3063 448 3167 οῦχ
481 3063 605 3169 ἕξουσι
638 3062 704 3161 μέν
732 3067 770 3142 ἐκ
800 3070 872 3141 τῶν
900 3062 1003 3141 θείων
1030 3096 1069 3141 τε
1101 3065 1159 3140 καὶ
1192 3068 1294 3163 ἱερῶν

93 3182 263 3288 ἐπιδεῖξαι
282 3192 387 3263 τοῦτο
406 3186 637 3287 γραμμάτων·
658 3184 892 3291 στοχασμούς
909 3185 948 3264 δέ
966 3186 1049 3285 ἡμῖν
1067 3187 1124 3265 καὶ
1143 3189 1293 3288 σαθρῶν

92 3305 350 3404 ἐνθυμημάτων
381 3310 534 3393 ἐπινοίας
566 3312 846 3413 συναγείροντες,
879 3306 1037 3410 εῦλόγως
1074 3309 1321 3392 ἀκούσονταιο

42 3459 79 3519 τ5
94 3437 115 3473 “
135 3433 337 3511 Πλανᾶσθε
364 3431 415 3531 μή
443 3431 573 3516 εἰδότες
600 3431 664 3517 τὰς
691 3430 845 3538 γραφὰς,
870 3430 983 3531 μηδέ”
1000 3431 1066 3532 τὴν
1091 3429 1202 3540 δόξαν
1226 3442 1291 3513 τοῦ
1336 3431 1459 3563 ἓξὲξ

95 3556 338 3654 Μονογενοῦς.
372 3556 426 3635 ότι
446 3555 516 3658 γὰρ
535 3553 558 3663 ᾗ
578 3556 643 3654 μέν
662 3555 783 3660 Λόγος
807 3558 886 3636 ἐστὶ
905 3559 964 3636 καὶ
982 3555 1076 3640 Θεὸς
1101 3559 1143 3636 οῦ
1166 3592 1288 3661 προσ·

92 3683 196 3775 κυνεῖ,
225 3677 383 3780 γεγονὼς
413 3678 450 3758 δέ
480 3681 562 3761 καθ’
594 3682 695 3782 ἡμᾶς,
724 3687 782 3761 καὶ
811 3689 916 3760 τοῦτο
944 3686 1071 3769 παθεῖν
1098 3684 1285 3783 ἀνθρωπο-

90 3806 236 3900 πρεπῶς
257 3802 469 3908 κατεδέξατο
495 3802 553 3881 διὰ
580 3802 645 3902 τήν
665 3805 867 3901 οἰκονομίαν
886 3802 950 3903 τήν
969 3803 1058 3901 μετὰ
1076 3803 1227 3904 σαρκὸς,
1249 3805 1290 3882 ού

91 3923 243 4024 θύραθεν
263 3926 346 4024 ἡμῖν
369 3928 390 4026 ή
415 3927 647 4033 πληροφορία
672 3927 919 4030 ζητηθήσεται,
938 3926 997 4004 διὰ
1022 3927 1059 4005 δὲ
1084 3933 1156 4005 τῶν
1181 3928 1289 4006 αῦτοῦ

41 4045 203 4140 ηοπύλιν
229 4046 398 4146 εἰσόμεθα
424 4048 558 4149 λόγων.
599 4052 637 4128 τί
661 4049 733 4151 γὰρ
761 4049 804 4148 δή
834 4051 895 4129 καί
921 4057 1014 4156 φησι
1043 4049 1134 4154 πρὸς
1162 4048 1227 4148 τὴν
1251 4053 1288 4130 ἐκ

129 4267 151 4303 1.
170 4248 264 4318 ταύτην
277 4251 313 4304 ἔτι
328 4251 360 4304 Β.
373 4253 451 4321 αὐτὴν
464 4252 514 4306 Ed.
599 4272 624 4319 4.
643 4256 657 4304 ὁ
671 4255 748 4321 νόμος
760 4262 820 4322 poet
831 4252 1006 4323 προσκυνήσει
1019 4262 1052 4306 tr.
1068 4252 1099 4306 B.
1184 4254 1208 4307 8.
1228 4255 1287 4308 δαν·

88 4321 161 4375 λείας
173 4322 217 4387 τῆς
232 4321 300 4374 BD.
315 4322 434 4377 δουλείαν
445 4327 491 4392 τήν
504 4322 554 4378 Ed.
638 4337 678 4393 17.
696 4323 912 4378 ἐπιδεικνύτωσον
926 4323 956 4376 Β.
1038 4340 1079 4376 21.
1098 4323 1288 4395 ἀκατηγόρητον

91 4390 122 4444 Β.
137 4391 332 4477 ἀκατηγορήτως
345 4392 394 4447 Ed.
503 4411 544 4462 24.
564 4395 758 4464 συναγείροντες
773 4394 804 4447 Β.
817 4395 977 4464 συνείροντες
990 4393 1041 4447 Ed.
1147 4410 1189 4465 25.
1207 4394 1285 4465 μηδὲ]

92 4467 121 4524 ÷
136 4462 300 4585 ᾗὴηρυνομιν
311 4467 357 4517 τοῦ
370 4467 438 4518 θεοῦ
450 4465 490 4517 καὶ
505 4464 555 4518 Ed.
570 4463 668 4534 Georg'.
681 4464 761 4534 Trap⁴
774 4463 858 4518 invito
873 4464 904 4518 B.
987 4463 1029 4518 τό.
1048 4465 1107 4520 ἐστὶ
1118 4477 1286 4536 assumptum

88 4549 120 4584 ex
160 4572 167 4586 .
199 4573 205 4585 .

646 4636 735 4680 002
