3038 5018
231 280 296 344 230
514 284 572 348 ·B.
596 283 803 348 CYRILLI
833 284 1120 349 ALEXANDR.
1314 282 1359 347 iii.
1377 303 1427 367 ¹9·

231 445 406 546 ἔγκλημα,
431 449 574 549 ἐπείπερ
602 452 700 527 ἐστὶν
719 446 806 532 Υἱός
831 453 888 527 καὶ
916 450 1136 551 Μονογενης.
1177 448 1255 556 ὅσῳ
1283 448 1354 551 γὰρ
1382 448 1429 526 ἀν

231 568 445 673 ἀξιόπιστον
464 571 616 677 ὑπάρχοι
635 573 677 651 τὸ
695 571 982 676 παρδινοιίμενον,
1002 581 1177 652 τοσοῦτον
1195 570 1360 672 μειζόνως
1379 576 1429 654 είς

201 690 273 772 οτδ
296 698 560 794 πλημμελῆσαι
587 697 682 776 δεινὰ
707 695 748 776 τὸ
773 694 942 797 ἀτιμάζον
966 694 1325 796 καταδικασθὴσεται.
1370 691 1429 788 ἤθη

232 814 269 894 δὲ
304 822 482 924 κεκρίσθω
515 818 578 897 τὸν
610 819 832 899 ἀπιστοῦντά
863 826 990 925 φησιν,
1019 822 1067 904 ὡς
1099 818 1207 899 αὐτὸν
1238 818 1306 919 ἤδη
1344 818 1427 898 καθ’
1460 879 1464 887 ,

140 992 142 997 <
231 942 357 1020 ἑαυτοῦ
388 940 453 1042 τὴν
485 950 549 1022 τοῦ
581 941 813 1047 κολάζεσθαι·
828 949 900 1024 δεῖν
927 945 1102 1046 ὁρίσαντα
1135 947 1276 1050 φῆφον,
1305 945 1347 1022 δι’
1377 939 1463 1025 ὧν5

231 1063 322 1166 ἔγνω
340 1072 590 1167 παραιτεῖσθαι
609 1067 673 1146 τὸν
691 1075 754 1147 τοῦ
772 1067 823 1166 μὴ
842 1067 1024 1170 κρίνεσθαι
1043 1065 1212 1172 χορηγόν.

181 1386 315 1457 mmm
344 1386 379 1452 δὲ
407 1387 494 1453 ἐστιν
522 1389 540 1453 ἡ
570 1387 680 1477 κρίσις,
708 1390 757 1454 ὅτι
785 1385 822 1453 τὸ
850 1387 922 1474 φῶο
951 1387 1109 1452 ἐλήλυθεν
1137 1382 1183 1451 εἰς
1212 1384 1268 1452 τὸν
1296 1385 1429 1465 κόσμον,

285 1530 337 1594 καί
365 1530 535 1599 ιίτάτιιιοαν
563 1528 592 1595 οἰ
620 1531 787 1618 ἄνθρωποι
814 1532 940 1604 μᾶλλον
968 1528 1004 1593 τὸ
1031 1530 1147 1597 οκότοι
1175 1528 1193 1591 ιῖ
1222 1527 1259 1596 τὸ
1287 1529 1370 1614 φῶς.

287 1728 368 1807 Οὐκ
397 1726 570 1831 ἀζήτητον
597 1729 785 1825 ἀπομένειν
808 1731 848 1835 ἐᾷ
877 1735 949 1807 τῶν
974 1726 1213 1807 ἀπειθούντων
1236 1725 1277 1806 τὸ
1306 1733 1428 1828 κρῖμα·

59 1875 171 1932 15η
199 1849 382 1954 οὲπιλέγει
410 1852 446 1931 δὲ
474 1852 538 1937 τάς
565 1855 686 1949 αἰτίας,
716 1856 773 1932 καὶ
808 1851 952 1932 δεικνύει
986 1859 1127 1956 σαφῶς,
1156 1850 1209 1929 ότι
1241 1848 1332 1929 κατά
1362 1850 1430 1931 τόν
1448 1888 1486 1928 ιο

58 1981 134 2108 {³7¹⁰V·
148 1981 165 2031 i.
229 1974 451 2076 παροιμιώδη
480 1974 592 2079 λόγον
620 1988 643 2024 “
658 1979 738 2056 Οὐκ
766 1978 893 2061 ἀδίκως
922 1976 1105 2055 ἐκτείνεται
1134 1976 1257 2054 δίκτυα
1285 2009 1425 2076 πτερω·

229 2111 250 2147 “
269 2100 378 2183 τοῖς.”
413 2103 446 2179 οἱ
473 2099 555 2203 γὰρ,
584 2100 667 2208 ε’ξὸν
696 2101 1017 2206 καταφωτίζεσθαι,
1046 2101 1151 2204 φησὶ,
1179 2096 1221 2176 τὸ
1244 2100 1286 2182 ,ε’ν
1313 2099 1430 2204 σκότῳ

228 2229 368 2302 κεῖσθαι
401 2222 626 2323 τιμήσαντες,
658 2230 735 2309 πῶς
766 2225 830 2303 οὐκ
862 2221 906 2303 ἂν
937 2220 1005 2303 εἶεν
1038 2223 1178 2303 εἰκότως
1210 2224 1308 2300 αὐτοὶ
1344 2226 1428 2299 καθ’

227 2349 361 2426 ἕαιπῶν
380 2355 452 2427 τῶν
471 2353 593 2427 δεινῶν
612 2349 763 2452 ὁρισταὶ,
783 2351 841 2427 καὶ
860 2345 1054 2443 αὐτόμολοι
1079 2343 1169 2447 πρὸς
1194 2343 1235 2424 τό
1260 2350 1387 2424 παθεῖν
1403 2340 1429 2423 ἂ

229 2475 286 2550 καὶ
316 2471 519 2577 διαφεύγειν
537 2469 634 2573 ἐξῆν,
654 2470 750 2573 εἴπερ
777 2470 872 2570 ἦσαν
891 2471 991 2571 ὀρθοὶ
1016 2475 1089 2548 τῶν
1110 2466 1335 2570 πραγμάτων
1352 2467 1430 2573 ε’ξε-
1448 2500 1484 2558 15

229 2598 372 2692 τασταὶ,
403 2594 445 2674 τὸ
484 2594 701 2698 φωτίζεσθαι
738 2601 883 2691 μᾶλλον
915 2591 1050 2673 ε’θὲλειν
1082 2602 1145 2671 τοῦ
1180 2590 1230 2691 μη
1267 2589 1431 2671 τοιούτου

229 2719 486 2820 προκρίνοντες,
517 2721 575 2797 καὶ
607 2725 679 2797 τῶν
709 2718 902 2814 ἀμεινόνων
931 2718 1075 2819 δεύτερα
1106 2721 1283 2796 ποιεῖσθαι
1316 2726 1426 2812 μελε·

194 2849 357 2926 οτώντες
386 2840 430 2923 τά
458 2843 651 2948 αἷσχίονα;
692 2842 880 2946 ἐλευθέραν
903 2839 940 2921 δὲ
966 2839 1080 2921 πόλιν
1104 2848 1177 2919 τῶν
1201 2839 1245 2946 ἐξ
1271 2837 1431 2940 ἀνάγκης

229 2969 374 3063 δεσμῶν
403 2963 469 3066 τὴν
495 2975 559 3045 τοῦ
590 2964 780 3069 ἀνθρώπου
814 2963 1000 3069 διετήρησε
1029 2963 1188 3067 γνώμην,
1216 2966 1272 3044 καὶ
1300 2966 1432 3065 ῥοπαῖς

228 3091 368 3175 οἰκείαις
393 3093 446 3170 ἐπ’
471 3091 581 3197 ἄμφω
606 3089 839 3192 βαδίῷυσαν,
862 3089 920 3167 ἵνα
946 3089 1089 3192 δέχηται
1118 3088 1259 3171 δικαίως
1283 3086 1431 3166 ε’παινόν
1447 3123 1486 3163 ιο

228 3248 265 3293 τε
301 3213 365 3293 τὸν
398 3215 450 3294 ἐπ’
484 3218 643 3315 ἀγαθοῖς,
675 3215 732 3291 καὶ
764 3211 829 3312 τὴν
858 3215 914 3292 ε’πὶ
947 3219 1020 3295 τοῖς
1055 3213 1223 3295 ἐναντίοις
1255 3211 1427 3290 κόλασιν·

229 3334 354 3438 ὥσπερ
373 3338 435 3415 οὖν
454 3335 577 3432 ἀμέλει
597 3337 655 3415 καὶ
674 3339 711 3415 ἐν
729 3335 858 3439 ἑτέροις
881 3343 986 3415 τοῦτο
1005 3333 1155 3438 δέδειχεν
1175 3335 1282 3414 είπιόν
1302 3346 1322 3381 “
1336 3333 1431 3414 Ἐὰν

229 3470 250 3506 “
270 3459 397 3558 θέλητε
417 3463 474 3539 καὶ
493 3457 734 3558 είσακοιίσητέ
750 3493 830 3556 μου,
849 3457 896 3537 τὰ
921 3457 1041 3559 ἀγαθά
1066 3462 1130 3558 τῆς
1153 3462 1218 3560 γῆς
1246 3457 1426 3564 φάγεσθε·

228 3593 251 3630 “
269 3583 331 3662 ε’ἀν
358 3583 395 3662 δὲ
424 3582 473 3683 μὴ
502 3579 629 3683 θὲλητε
661 3579 750 3683 μηδὲ
778 3581 1016 3682 εἰσακοιίσητέ
1040 3617 1120 3680 μου,
1148 3579 1306 3685 μάχαιρα
1336 3584 1431 3681 ὑμᾶς

227 3718 249 3755 “
268 3706 481 3787 κατέδεται.”
1446 3737 1486 3796 25

264 3950 288 3988 2.
308 3933 420 3988 τοσοότο
435 3934 477 4002 (=
494 3933 625 4006 τοσούτῳ)
641 3933 674 3988 Β.
785 3949 809 4002 7.
828 3934 858 3985 τὸ
871 3942 1040 4055 οοςιιιοηῑιιω
1054 3950 1086 3985 ex
1101 3932 1172 3985 BD.
1279 3933 1305 3986 8.
1324 3935 1432 4000 μᾶλλον

227 4006 258 4057 τὸ
272 4005 429 4060 andrachne
441 4003 534 4058 ordine
548 4005 580 4058 B.
591 4007 693 4071 μᾶλλον
706 4009 767 4072 post
780 4005 873 4061 σκότος
885 4013 918 4056 tr.
933 4003 984 4056 Ει.
998 4002 1037 4071 (τι)
1230 4019 1270 4056 12.
1289 4001 1327 4074 οἱ]
1341 4001 1380 4061 οἶς
1394 4005 1431 4062 Β.

232 4091 273 4146 13.
292 4074 406 4148 κεῖσθαι]
421 4071 483 4132 εἶναι
499 4075 529 4128 B.
543 4075 632 4130 invitis
647 4074 765 4128 Catenis.
873 4090 916 4140 25.
934 4071 1078 4144 κατέδεται]
1094 4074 1185 4127 κατόδε
1199 4074 1261 4143 (sic)
1277 4074 1312 4128 D.
