3038 5018
229 294 292 358 720
432 290 446 299 ”
530 294 569 358 Β.
593 292 805 358 CYRILLI
834 293 1123 359 ALEXANDR.
1305 290 1372 356 viii.
1389 305 1436 374 15.

228 455 344 571 αἰτίαν
380 458 733 539 καταλευκαίνουσιν.
789 460 809 538 ὁ
847 457 886 539 ’δέ
926 457 1060 561 Κύριος
1096 458 1199 558 ἡμῶν
1232 459 1381 555 Ἰησοῦς
1417 457 1438 534 ὁ

228 580 392 681 Χριστὸς
427 586 487 661 καὶ
522 581 810 688 δυσφημοιίντων
846 582 1019 688 ἀνέχεται,
1060 585 1119 662 καὶ
1157 579 1438 682 λοιδορούμενος

228 706 374 809 ὠφελεῖ,
393 708 613 806 καταδεσμεῖ
627 713 700 786 τῶν
718 705 934 811 ὑβριζόντων
952 704 999 785 τά
1016 705 1218 808 τραύματα·
1249 701 1355 783 ἀλλά
1377 704 1436 781 καὶ

227 825 340 907 πόθεν
372 829 491 914 αὐτοῖς
528 829 664 930 συνέβη
704 836 824 910 νοσεῖν
854 834 918 927 τῆς
954 835 1003 913 είς
1039 826 1147 909 αὑτὸν
1176 826 1352 911 ἀπιστίας
1389 823 1436 904 τὰ

228 949 450 1053 ἐγκλήματα,
469 954 657 1056 καταλέγει
681 952 961 1061 διαφανέστατα.
997 957 1091 1059 ὑμεῖς
1114 952 1186 1054 γάρ
1213 958 1316 1057 φησι»
1339 948 1465 1031 κατλδ

229 1071 283 1167 τῦν
313 1074 430 1183 σάρκιι
465 1081 592 1185 κρίνετε,
622 1077 797 1175 τουτέστι,
826 1084 1030 1175 πλανᾶσθε,
1063 1078 1121 1156 καὶ
1152 1076 1237 1155 λίαν
1269 1074 1431 1168 εἰκότως,

196 1198 374 1302 δέπείπερ
402 1202 508 1302 ὁρᾶτε
535 1201 626 1304 πρὸς
653 1201 768 1301 μόνην
792 1203 927 1300 ταύτην
954 1198 1007 1295 τῆν
1033 1199 1162 1307 σάρκα,
1190 1200 1307 1278 καίτοι
1334 1197 1436 1279 πολῦ

230 1319 275 1421 δὴ
302 1329 447 1421 μᾶλλον
473 1331 519 1429 τῇ
547 1332 620 1406 τῶν
647 1324 762 1428 ἐργων
788 1324 1078 1430 μεγαλοπρεπείᾳ
1109 1320 1305 1426 προσέχειν
1333 1323 1435 1427 ὀφεί-

229 1455 368 1531 λοντες·
407 1448 469 1527 ἕνα
501 1447 539 1528 δέ
571 1455 644 1528 τῶν
675 1450 758 1529 καθ’
791 1450 883 1548 ὑμᾶς
914 1445 1001 1528 εἶναι
1031 1444 1262 1529 πιστεύοντες
1298 1444 1357 1525 διά
1391 1444 1433 1524 τὸ

228 1571 496 1676 κατημφιέσθαι
522 1577 566 1675 τῇ
591 1571 743 1679 ὑμετέρᾳ
765 1567 1133 1678 σαρκὶ,ε’ξηποίτησθε
1159 1573 1291 1666 δεινῶς,
1311 1572 1372 1648 καὶ
1390 1566 1432 1647 τὸ
1448 1596 1476 1635 10

227 1692 325 1788 βαθῦ
336 1699 399 1793 τῆς
412 1692 503 1792 μετὰ
515 1694 652 1800 σαρκὸς
666 1695 866 1794 οἰκονομίας
884 1695 948 1775 οῦκ
965 1697 1199 1796 ἐπαθροῦντες
1218 1691 1431 1794 μυστήριον,

228 1814 480 1919 ἀβουλοτάτην
498 1820 551 1899 ἐπ’
567 1822 643 1918 ἐμοὶ
661 1818 728 1919 τὴν
744 1823 874 1925 ψῆφον
888 1816 1028 1921 ὁρίζετε,
1041 1816 1243 1924 ψεύδεσθαι
1261 1816 1432 1918 λέγοντες

227 1936 293 2039 τὴν
322 1940 504 2041 ἀλήθειαν.
555 1941 623 2045 ἒγῶ
653 1941 692 2023 δέ
719 1940 763 2023 τὸ
795 1942 925 2044 κρίνειν
954 1943 1045 2039 ὑμᾶς
1076 1946 1125 2025 είς
1155 1938 1279 2043 καιρὸν
1309 1940 1431 2041 ἕτερον

58 2062 181 2194 &pram
228 2065 476 2168 ὑπερθήσομαι
494 2077 516 2115 “
531 2068 590 2147 Οῦ
614 2067 687 2170 γάρ
708 2067 922 2147 ἀπέστειλεν
940 2068 960 2145 ὁ
985 2062 1077 2149 θεὸς
1098 2061 1163 2144 τὸν
1181 2061 1272 2144 Υῶυ
1292 2069 1341 2146 είς
1365 2063 1430 2143 τὸν

197 2198 251 2270 e“
268 2187 409 2287 κόσμον
427 2190 484 2269 ἵνα
502 2192 604 2295 κρίνη
623 2190 686 2270 τὸν
704 2190 854 2290 κόσμον,
872 2191 957 2269 ἀλλ’
976 2189 1035 2269 ἵνα
1053 2193 1158 2293 σωθῇ
1180 2189 1199 2267 ὁ
1218 2186 1392 2286 κόσμος.”
1443 2215 1472 2275 15

284 2309 398 2412 Οἶμαι
422 2313 488 2413 μέν
506 2315 569 2394 οῦν
588 2316 650 2393 οῦκ
677 2313 853 2420 ἀκόμψως
878 2313 1058 2393 λελύσθαι
1081 2309 1124 2392 τό
1145 2314 1184 2391 ἐν
1201 2317 1253 2420 τῷ
1276 2346 1423 2413 προκει-

226 2435 321 2545 μένῳ
354 2435 578 2539 ζητούμενον·
624 2436 711 2518 ἰέναι
743 2436 781 2517 δέ
813 2436 926 2517 πάλιν
955 2440 1015 2516 καὶ
1047 2438 1089 2517 δι’
1119 2435 1249 2539 ἐτέρων
1281 2437 1427 2542 ἐξέστω

212 2559 467 2663 ,θεωρημάτων
489 2558 553 2640 τὸν
576 2562 628 2641 ἐπ’
649 2562 745 2669 αὐτῷ
774 2562 856 2640 καθ’
883 2559 974 2640 ὅσον
995 2558 1171 2665 ἐνδέχεται
1197 2561 1425 2640 καταλωττῦ·

227 2717 331 2763 νουσι
350 2691 444 2765 νοῦν.
482 2689 575 2787 ὑμεῖς
595 2690 690 2789 φησι
711 2682 805 2766 κατά
824 2682 878 2779 την
896 2683 1012 2792 σιίρκα
1032 2688 1161 2793 κρίνετε,
1178 2682 1247 2786 ἒγῶ
1273 2691 1308 2764 οῦ
1335 2688 1429 2792 κρίνα

228 2803 352 2888 οὐθένα.
402 2808 503 2887 οῦδέν
530 2816 647 2912 φησιν
681 2809 822 2913 ἔχοντες
855 2807 897 2888 τὸ
928 2807 1102 2913 παράπαν
1132 2810 1310 2910 ἐγκαλεῖν,
1342 2813 1427 2888 ἀλλ’
1441 2845 1471 2886 νο

226 2931 305 3011 οῦδέ
329 2938 403 3015 τοῖς
427 2931 607 3034 ἡμετέροις
629 2929 964 3034 τερατουργήμασιν
982 2930 1141 3033 εὐλόγως
1159 2931 1205 3011 ἀν
1222 2935 1428 3041 ἐπισκῆψαι

58 3070 172 3127 401A.
195 3054 422 3156 εδυνάμενοι,
453 3053 511 3135 διά
538 3054 652 3156 μόνην
681 3055 746 3154 μέν
775 3053 841 3155 τὴν
872 3053 992 3158 σοίρκα
1024 3055 1339 3158 κατασμικρύνετε,
1371 3061 1429 3137 καὶ

225 3179 365 3282 ἐπείπερ
384 3180 572 3282 ἀνθρωπος
589 3180 726 3281 ὁρῶμαι
745 3177 827 3258 καθ’
850 3180 950 3277 ὑμᾶς,
967 3181 1005 3259 ἐν
1022 3185 1073 3286 τῷ
1091 3182 1214 3279 μηδενὶ
1233 3183 1430 3276 δυσσεβῶς

225 3301 456 3409 κατετάξατε.
497 3304 582 3384 ἀλλ’
603 3301 674 3404 ἐγώ
693 3308 809 3409 φησιν
827 3303 869 3381 οῦ
889 3301 1097 3401 διὰταύτην
1118 3304 1208 3401 ὑμᾶς
1226 3306 1430 3406 κατακρίνω

224 3425 291 3527 τὴν
309 3426 435 3507 αἰτίαν.
476 3427 518 3506 οῦ
547 3424 619 3528 γάρ
647 3427 788 3529 ἐπείπερ
817 3425 1000 3528 ἅνθρωποι
1027 3422 1230 3529 τὴνφύσιν
1252 3425 1476 3520 &arwam

224 3557 330 3629 τοῦτο
361 3546 504 3635 πάντως
537 3551 628 3649 ῦμῦς
660 3557 852 3650 λογιοῦμαι
883 3548 925 3628 τὸ
958 3547 1082 3648 μηδὲν,
1114 3547 1195 3628 οῦδέ
1228 3546 1288 3628 διά
1319 3560 1432 3632 τοῦτο

225 3673 326 3772 δίκην
344 3672 552 3754 ἀποδώσετε
569 3680 621 3780 τῷ
636 3677 766 3776 Κριτῇ.
800 3673 864 3751 οῦκ
884 3673 1032 3772 ἐπιτιμῶ
1051 3677 1096 3774 τῇ
1115 3672 1236 3779 φύσει,
1254 3673 1297 3751 οῦ
1316 3709 1433 3755 κατα-

224 3795 352 3900 δικάζω
377 3803 450 3876 τῶν
471 3799 623 3895 ἐμαυτοῦ
649 3794 987 3897 δημιουργημαίτων,
1009 3793 1109 3875 οὐδέν
1127 3797 1165 3874 ἐν
1182 3796 1365 3906 ἀνθραῦτῳ
1390 3800 1434 3880 τὸ

544 3917 696 3948 ἱλθΙ

222 3917 475 4020 πλημμέλημα
501 3924 560 4000 δια
586 3954 650 3999 τον
669 3925 860 4023 ανθρωπον
878 3915 967 3998 είναί
989 3926 1095 4025 φημι.
1133 3919 1218 3998 ἀλλ’
1239 3921 1339 4018 ὑμεῖς
1364 3921 1436 4020 μὲν

261 4159 284 4197 1.
303 4145 318 4196 ὁ
330 4143 375 4196 alt.
389 4151 559 4213 assumptum
570 4161 603 4198 ex
617 4142 650 4198 B.
726 4156 753 4214 5.
773 4145 842 4214 φησι
855 4150 1024 4214 assumptum
1037 4159 1070 4195 ex
1083 4158 1106 4197 a.
1120 4141 1180 4196 Cat.
1194 4140 1270 4196 Harl.
1349 4144 1380 4201 8.
1400 4148 1435 4219 δι)

224 4237 283 4291 Βα.
297 4238 336 4291 δεῖ
350 4237 440 4291 Holet.
454 4237 506 4291 Ed.
668 4254 709 4292 ιο.
729 4237 920 4308 κατηρφιέσθιιι
932 4236 1055 4293 emendat
1069 4236 1168 4309 Heyse.
1181 4227 1384 4306 κατημφιὸἷιθω
1399 4243 1435 4298 Β,

223 4308 455 4379 κατημφιάσασθαι
470 4308 518 4362 Ht.
531 4308 763 4378 καταμφιάσασθσι
777 4308 828 4362 Ed.
951 4325 991 4379 13.
1009 4307 1050 4362 ἕτε
1083 4330 1097 4362 ν
1109 4326 1133 4362 ιι.
1147 4306 1207 4361 Cat.
1221 4307 1299 4362 Harl.
1314 4311 1384 4367 ὕστα
1422 4339 1437 4370 κ

224 4378 276 4433 Εδ.
377 4378 418 4432 16.
437 4377 482 4433 οὖν
494 4389 664 4450 assumptum
676 4397 708 4432 ex
722 4378 755 4433 Β.
848 4379 889 4432 18.
908 4380 953 4433 τὸν
965 4396 1042 4433 emen
1062 4379 1105 4433 avi
1135 4378 1365 4449 ostMigne.r6›v
1381 4336 1436 4442 ἔδ.

223 4465 274 4573 a
284 4449 331 4573 μὲν
345 4448 377 4572 l}
389 4448 556 4574 μέῂΗζὶΕιέὲ
568 4519 586 4572 h
623 4519 641 4573 d
663 4447 811 4574 πδὲθοῦδέν]
826 4449 907 4573 οιῦιδέν,
920 4449 976 4504 ἐπεὶ
987 4450 1063 4505 οὐδέν
1073 4397 1145 4504 Aug.
1158 4448 1240 4504 verba
1252 4449 1311 4506 ἐπεὶ
1324 4455 1438 4512 οῦδένο

247 4537 282 4575 a.
328 4538 403 4574 81⁸·st
440 4538 468 4574 re
496 4537 530 4573 all
587 4537 623 4574 811
653 4537 696 4575 reo
734 4537 841 4575 88811ωο
861 4537 884 4574 8.
