3038 5018
88 294 197 377 vi.42.
275 294 331 360 IN
364 295 397 360 S.
422 295 677 361 JOANNEM.
724 295 819 361 LIB.
842 296 904 361 IV.
950 295 1052 361 cAP.
1075 295 1103 362 Ι.
1225 297 1289 359 503

89 459 288 565 εὑρίσκεται
310 463 453 566 Κύριος,
476 461 522 563 ἣν
543 462 587 562 δὴ
615 467 673 543 καί
702 462 889 563 άθετήσειν
913 464 1076 561 οὐδαμῶς
1103 460 1286 563 ἐπηγγέλ-

88 593 185 680 λετο,
208 585 263 665 ὅτι
291 585 394 687 θήσει
422 585 486 666 τὸν
510 590 547 666 ἐκ
577 596 716 689 καρποῦ
744 591 808 686 τῆς
837 587 977 691 ὀσφύος
1004 589 1114 666 αὐτοῦ
1141 588 1198 665 ἐπὶ
1225 592 1290 663 τοῦ

89 706 218 811 θρόνου
235 711 355 808 αὐτοῦ,
369 709 463 790 καθὰ
480 710 690 813 γέγραπται·
719 709 976 816 ἐξελεύσεσθαι
995 709 1032 789 δὲ
1051 712 1108 788 καί
1121 718 1142 756 “
1152 706 1289 811 ῥάβδον
1334 725 1458 776 Emi-1·

89 840 111 878 “
131 832 169 912 ἐκ
197 835 261 932 τῆς
288 831 383 935 ῥίζης
400 835 566 914 Ἰεσσαί”
585 832 879 935 προαπήγγελτο.
918 839 949 912 οἰ
976 831 1014 913 δὲ
1037 837 1085 917 εἰς
1108 833 1290 931 τοσαύτην

56 957 244 1057 5ἀλογίαν
270 955 493 1061 ἐκτρεχόντες
521 958 585 1037 οὐκ
613 956 855 1055 αἰσθάνονται,
885 959 933 1040 ὡς
962 956 1059 1058 εἰπερ
1088 958 1208 1035 εἰδεῖεν
1236 952 1290 1047 τίιν

89 1078 180 1159 κατά
206 1076 328 1182 σάρκα
354 1079 481 1189 μητέρα
509 1089 572 1160 τοῦ
600 1079 692 1180 μετὰ
718 1080 855 1183 σαρκὸς
882 1079 1079 1187 ἀφίξεσθαι
1107 1112 1319 1182 προκεκη·α
1342 1099 1456 1156 am.

88 1203 273 1307 ρυγμένου,
301 1202 360 1284 διά
391 1212 495 1284 τοῦτο
529 1209 656 1308 χρῆναι
685 1201 728 1304 δή
756 1204 899 1288 πάντως
927 1207 1081 1284 ἀπειθεῖν
1110 1201 1289 1302 οἰομένων,

90 1326 144 1407 ὐτι
167 1327 411 1428 καταβέβηκεν
428 1330 468 1408 ε’κ
491 1334 565 1408 τῶν
583 1330 755 1430 οὐρανῶν·
786 1333 815 1407 εἰ
833 1327 905 1430 γάρ
924 1331 982 1408 καί
1000 1323 1050 1426 μὴ
1069 1324 1162 1407 κατὰ
1178 1334 1289 1427 σῶμα

89 1459 195 1531 τοῦτο
223 1450 372 1554 γεγονὸς
399 1451 606 1555 εὑρήσομεν,
626 1453 710 1530 ἀλλ’
730 1449 775 1551 ἦν
797 1455 846 1536 ὡς
869 1454 908 1531 ἐν
930 1452 1042 1558 οἰκείῳ
1072 1458 1146 1558 ναῷ
1173 1455 1224 1559 τῷ
1251 1453 1290 1530 ἐκ

38 1605 78 1650 10
89 1573 265 1677 παρθένου
284 1574 426 1673 σώματι
446 1573 566 1678 Λόγος
584 1577 604 1653 ὁ
623 1580 724 1671 θεῖος,
742 1577 878 1655 ἀνωθεν
897 1578 936 1655 ἐκ
957 1574 1101 1678 Πατρὸς
1125 1578 1172 1658 ὡς
1196 1575 1290 1674 ἡμᾶς

88 1698 293 1803 ἀφιγμένος,
337 1701 395 1778 καί
438 1698 496 1779 διὰ
537 1698 602 1798 τὴν
642 1697 812 1778 ἁπάντων
851 1699 1034 1801 σωτηρίαν
1079 1698 1289 1800 σπέρματος
1334 1709 1443 1825 ᾖθδθὶ·

89 1819 261 1923 Ἅβραάμ
288 1821 578 1929 ἐπιδραξάμενος,
606 1822 665 1900 ἵνα
693 1832 714 1869 “
728 1821 818 1902 κατὰ
846 1820 965 1901 πάντα
993 1829 1066 1906 τοῖς
1093 1821 1288 1927 άδελφοῖς”
1334 1812 1375 1890 lb:
1388 1850 1425 1905 Ῑ7·

91 1945 258 2051 ὁμοιωθῇ,
279 1949 337 2025 καί
362 1945 501 2050 καλέσῃ
526 1944 618 2049 πρὸς
645 1945 824 2024 υἱοθεσίαν
842 1943 908 2044 τήν
927 1949 975 2028 ὡς
999 1943 1090 2046 πρὸς
1111 1941 1207 2023 Θεὸν
1225 1943 1324 2044 τὴνί)

91 2068 281 2170 ἀνθρώπου
309 2069 434 2175 φύσιν,
462 2067 556 2152 Θεὸς
583 2064 658 2167 ἅμα
686 2071 745 2148 καὶ
771 2069 960 2170 ἅνθρωπος
987 2067 1287 2169 ἀναδεδειγμένος.

38 2214 76 2276 ¹5
91 2193 175 2270 ἀλλ’
196 2194 238 2271 οὐ
263 2191 428 2277 συνέντες
452 2191 518 2292 τὴν
536 2189 625 2291 μετά
649 2190 785 2294 σαρκὸς
811 2191 1011 2290 οἰκονομίαν
1035 2200 1100 2271 τοῦ
1124 2195 1292 2293 Σωτῆρος

91 2316 192 2415 ἡμῶν
209 2317 384 2414 Ἰουδαῖοι,
403 2315 475 2396 ἀπὸ
498 2323 563 2396 τοῦ
587 2313 640 2410 τίμ
656 2315 784 2424 μητέρα
807 2316 998 2419 γινώσκειν
1017 2315 1125 2395 αὐτοῦ
1153 2324 1212 2395 καί
1240 2315 1292 2394 τίν

91 2439 233 2547 πατέρα,
248 2442 361 2520 καίτοι
379 2439 428 2540 μὴ
447 2438 534 2520 ὅντα
552 2437 700 2543 πατέρα,
716 2440 780 2520 οὐκ
799 2441 1010 2545 ε’ρυθριῶσιν
1027 2436 1290 2543 άσχάλλοντες,
1350 2511 1353 2514 ,

91 2560 145 2641 ὅτι
163 2566 363 2663 καταβῆναι
380 2561 482 2665 λέγοι
500 2561 662 2667 Χριστὸς
681 2563 725 2670 ἐξ
740 2565 902 2665 οὐρανοῦ.

146 2684 270 2771 Τύπος
309 2686 346 2766 δὲ
378 2686 492 2768 πάλιν
524 2686 608 2785 ἡμῖν
640 2688 815 2791 ὠφελείας
851 2685 1041 2767 ἀνατέλλει
1077 2689 1144 2766 κάν
1176 2685 1291 2794 τούτιρ

36 2842 78 2884 20
90 2814 244 2909 πολλῆς·
278 2808 516 2910 παιδευόμεθα
538 2809 611 2915 γάρ
635 2807 693 2889 διά
712 2810 847 2890 τούτων
866 2813 903 2890 ε’ν
920 2817 994 2895 τοῖς
1013 2813 1094 2891 καθ’
1115 2810 1218 2911 ἡμᾶς,
1237 2810 1292 2891 ὅτι

90 2931 237 3034 πολλὴν
256 2934 301 3014 ἀν
317 2935 400 3035 ἡμῖν
418 2935 603 3040 τροσοίσῃ
622 2933 748 3038 ζημίαν
765 2931 809 3015 τδ
827 2933 877 3034 μή
896 2941 1041 3035 μᾶλλον
1053 2942 1131 3018 τοῖς
1154 2941 1321 3034 νοητοῖςο

90 3062 153 3157 τῆς
172 3061 316 3161 καρδίας
335 3058 475 3159 ὄμμασι
491 3058 558 3158 τὴν
576 3062 730 3139 ε’νοῦσαν
747 3066 821 3143 τοῖς
844 3060 960 3160 ἁγίοις
984 3064 1186 3161 περιαθρεΐν
1204 3060 1287 3161 οἰρε-

90 3181 156 3280 τὴν
174 3186 232 3262 καί
254 3189 301 3267 εἰς
326 3182 392 3282 τήν
410 3182 694 3285 ε’γκεκρυμμένην
713 3184 832 3267 αὐτοῖς
848 3182 959 3290 δόξαν
977 3185 1128 3289 ἀφορᾶν,
1148 3182 1231 3260 ἀλλ’
1252 3183 1292 3259 ε’κ

91 3309 154 3405 της
173 3309 254 3407 περί
272 3306 314 3385 τὸ
333 3312 442 3404 σῶμα
459 3307 762 3408 σμικροπρεπείας
780 3303 960 3391 πολλάκις
979 3303 1118 3389 οὐδενὸς
1138 3305 1176 3384 ἐν
1191 3303 1292 3409 τάξει

38 3457 77 3516 25
91 3430 223 3509 τιθέναι
241 3428 283 3509 τὸ
303 3428 398 3532 μέγα
416 3428 514 3532 παρὰ
533 3435 616 3538 Θεῷ
632 3433 691 3510 καί
710 3431 837 3529 τίμιον.
880 3430 974 3509 οὕτω
992 3431 1073 3530 περί
1090 3433 1163 3508 τῶν
1179 3427 1292 3530 ἁγίων

90 3555 128 3632 ἐν
155 3552 359 3659 προφήταις
387 3555 406 3632 ὁ
436 3551 529 3638 Θεός
556 3588 628 3634 που
656 3556 783 3661 φησίν,
809 3556 857 3638 ὡς
883 3554 922 3633 ἐν
949 3553 999 3633 ἕνί
1027 3550 1119 3633 κατὰ
1146 3550 1292 3632 πάντων

91 3677 270 3762 διπλώσας
289 3675 352 3758 τὸν
370 3676 484 3780 λόγον
502 3687 525 3724 “
539 3678 792 3780 Εὐλογημένος
811 3678 832 3758 ὁ
850 3677 1039 3780 ἅνθρωπος
1060 3674 1100 3761 δς
1122 3675 1291 3757 πέποιθεν
1335 3682 1444 3812 Q

92 3809 114 3847 “
131 3802 188 3880 ε’πί
207 3807 258 3907 τῷ
279 3802 411 3910 Κυρίῳ,
432 3805 489 3882 καί
509 3802 611 3882 ἔσται
633 3801 765 3906 Κύριος
784 3803 887 3885 ε’λτίς
905 3803 1024 3897 αὐτοῦ,
1043 3803 1101 3880 καί
1120 3800 1223 3879 ἕσται
1242 3803 1290 3883 ὡς
1338 3827 1376 3863 m

92 3935 113 3969 “
131 3923 245 4030 ξύλον
273 3926 442 4025 εὐθηνοῦν
469 3927 554 4029 παρ’
584 3927 696 4025 ὕδατι,
724 3929 782 4006 καί
810 3928 867 4006 ε’πί
896 3923 1026 4023 ἰκμάδα
1057 3930 1169 4018 βαλεῖ
1192 3922 1324 4027 ῥίζανδ

36 4077 79 4136 30
91 4056 114 4093 “
131 4048 251 4145 αὐτοῦ,
270 4048 308 4126 ἐν
334 4050 481 4157 ἐνιαυτῷ
508 4051 682 4156 ἀβροχίας
710 4050 752 4129 οὐ
780 4047 1042 4154 φοβηθήσεται,
1060 4048 1118 4127 καί
1146 4047 1188 4126 οὐ
1216 4049 1291 4125 δια-

130 4337 152 4374 1.
172 4320 203 4389 δή
217 4338 270 4374 om.
286 4320 318 4374 Β.
437 4337 463 4390 3.
480 4318 580 4391 ῥάβδον
592 4320 625 4374 Β.
631 4319 734 4442 ξθβδος
748 4318 800 4373 Ed.
915 4338 942 4385 4.
961 4316 1163 4390 προαπήγγελτο
1177 4316 1212 4370 D.
1225 4337 1290 4386 προ·

91 4394 272 4462 απηγγέλλετο
282 4390 336 4472 Ed.
453 4404 478 4461 7.
497 4390 620 4458 οἰομένων
650 4388 729 4443 abere
742 4390 777 4444 D.
790 4397 904 4443 testatur
918 4388 1017 4460 Heyse.
1135 4405 1176 4443 10.
1195 4387 1242 4459 ὥς]
1259 4392 1288 4452 ÷

90 4465 156 4529 πρὸς
170 4462 221 4516 Ed.
234 4463 318 4516 immo
334 4461 365 4515 Β.
476 4477 517 4533 19.
536 4460 655 4515 ἀνατελεί
669 4460 700 4514 Β.
821 4475 864 4513 20.
883 4460 966 4515 πολὺς
979 4460 1012 4512 Β.
1120 4475 1164 4530 23.
1183 4481 1291 4530 κεκρυμ-

90 4532 168 4600 μένην
182 4532 214 4586 Β.
