3038 5018
238 276 304 339 406
542 278 580 343 Β.
604 278 813 350 OYRILLI
844 277 1132 345 ALEXANDR.
1303 273 1435 356 vi.5-7·

70 451 194 578 Q
209 436 399 545 ιέφασκεν
434 440 540 526 αύτάς
573 453 593 490 “
613 444 735 541 Ὑμεῖς
777 449 809 524 οἰ
847 441 1157 544 ἀκολουθήσαντές
1192 473 1254 538 μοι
1289 441 1328 517 ἐν
1362 442 1438 519 τοῖς

68 593 177 709 3³⁰8.
239 572 262 610 “
278 571 488 666 πειρασμοῖς
515 599 595 664 μου,
620 569 657 646 έν
680 572 726 672 τῇ
752 567 1016 673 παλιγγενεσία
1044 566 1131 645 ὅταν
1155 564 1288 668 καθίσῃ
1313 563 1334 639 ὁ
1362 560 1439 644 υἱὸς

69 724 131 774 xxii.
144 695 182 774 2'8.
239 694 261 733 “
277 695 342 765 τοῦ
372 686 564 791 άνθριόπου
595 691 653 770 ε’πί
685 689 816 792 θρόνου
847 690 955 797 δόξης
987 691 1107 786 αὐτοῦ,
1138 687 1344 788 καθήσεσθε
1377 685 1438 765 καί

238 818 261 855 “
279 811 376 908 ὑμεῖς
394 814 454 892 ε’πὶ
471 813 608 893 δώδεκα
625 813 773 915 θρόνους
792 814 969 916 κρίνοντες
987 810 1053 898 τοίς
1070 813 1207 892 δύδεκα
1228 806 1348 917 φυλάς
1372 814 1439 887 τοῦ

235 943 261 981 “
278 933 467 1037 Ἰσραήλ.”
504 935 635 1021 ταύτας
660 934 733 1039 γάρ
755 933 853 1032 οἶμαι
871 936 937 1021 τὰς
955 936 1102 1038 θεωρίας
1119 934 1298 1041 εἰσφέρειν
1316 930 1359 1012 τὸ
1377 935 1473 1011 καί5

238 1056 489 1162 προσεδρεύειν
513 1060 687 1162 λέγεσθαι
711 1067 762 1168 τῷ
789 1064 930 1163 Σωτῆρι
954 1056 1038 1146 τοὺς
1063 1056 1227 1166 μαθητάς,
1247 1060 1304 1137 καί
1330 1061 1437 1136 ιἰιιλ·

237 1178 360 1265 θόντας
378 1184 415 1262 ἐν
433 1181 506 1286 ὄρει
523 1183 761 1286 συγκαθίσαι.

206 1387 386 1478 5Ἐπὰραο
405 1387 462 1456 οὖν
480 1393 556 1457 τοὺς
575 1392 767 1480 ὀφθαλμοὺς
786 1392 942 1460 ὸἸιισοῦε
962 1391 1014 1456 καί
1034 1391 1235 1466 θεασάμενοι
1259 1391 1309 1457 ὅτι
1333 1388 1441 1452 πολὺς

289 1515 386 1602 ὄχλος
410 1515 539 1605 ἔρχεται
563 1517 647 1606 πρὸς
671 1516 781 1598 αὐτὸν,
799 1519 887 1592 λέγει
910 1516 993 1606 πρὸς
1012 1515 1175 1582 Φίλιππον
1194 1515 1298 1583 Πόθεν
1316 1512 1443 1602 ἀταρά-

290 1662 388 1718 οομεν
415 1641 534 1729 ἄρτους
560 1642 613 1708 ἴνα
641 1644 789 1731 φάτωσιν
817 1638 927 1723 οὗτοι;
966 1645 1061 1707 τοῦτο
1088 1640 1123 1708 δὲ
1155 1640 1247 1714 ἕλει-ε
1275 1639 1441 1728 πειράζων
1459 1654 1497 1694 10

289 1766 397 1832 αὐτόν·
439 1765 537 1834 αὐτὸς
573 1768 633 1858 τὰρ
670 1767 741 1858 ᾔδει
776 1766 807 1833 τί
840 1766 960 1845 ἔμελλε
995 1762 1111 1832 ποιεῖν.
1151 1762 1310 1853 ἀπεκρίθιι
1347 1761 1442 1845 αὐτῷ

290 1890 462 1956 Φίλιπποι.

296 2026 461 2130 Μάθημα
479 2027 524 2130 δὴ
542 2029 656 2110 πάλιν
674 2029 825 2133 άριστόν
838 2064 877 2110 τε
896 2034 954 2110 καί
972 2030 1127 2133 ἀνδράσι
1144 2035 1217 2111 τοῖς
1236 2025 1441 2129 ἱερωτάτοις

237 2152 540 2258 πρεπωδέστατον
557 2160 631 2238 τοῖς
655 2155 781 2235 ἑαυτοῦ
805 2160 981 2254 μαθηταῖς
1005 2152 1198 2250 ε’πενόησεν
1217 2153 1237 2230 ὁ
1258 2147 1438 2252 Χριστὸς,

237 2279 295 2358 καί
320 2280 358 2357 έν
377 2277 591 2381 δυσχωρίαις
618 2274 783 2383 ἀκράτοις
809 2283 910 2358 νικῖιν
932 2277 1132 2358 ἀναπείθων
1149 2272 1216 2373 τὴν
1233 2275 1290 2354 ἐπὶ
1313 2272 1440 2379 τρόπιρ
1459 2296 1497 2356 ¹5

237 2405 289 2508 τῷ
306 2399 486 2508 φιλοξένῳ
505 2402 652 2499 δειλίαν,
664 2404 723 2480 καί
741 2399 847 2481 ὄκνον
860 2395 1002 2499 μέντδν
1014 2402 1072 2480 έπί
1089 2397 1204 2507 τούτῳ
1222 2397 1441 2501 διαρῥίπτειν

208 2557 309 2604 οπου
332 2521 483 2625 μακράν,
503 2526 727 2628 θερμοτέροις
746 2522 785 2603 δὲ
802 2530 948 2623 μᾶλλον
965 2525 1023 2605 ε’πί
1046 2519 1112 2622 τὴν
1129 2520 1259 2626 ἀρετὴν
1275 2524 1437 2626 οἰφικνεῖ·

238 2653 328 2727 σθαι
346 2645 548 2746 κινήμασιν·
579 2648 621 2727 οὗ
638 2648 677 2726 τί
691 2645 737 2727 εἰν
755 2648 894 2749 γένοιτο
911 2645 1039 2749 μεῖζον,
1056 2644 1157 2750 παρά
1174 2678 1217 2748 γε
1235 2651 1309 2729 τοῖς
1326 2640 1445 2725 εἰδόσι

239 2773 299 2850 καί
317 2768 467 2851 θέλουσι
487 2772 530 2850 δι’
549 2767 600 2850 ὧν
618 2768 662 2850 ἂν
679 2772 809 2874 πρέποι
832 2771 898 2868 τὴν
916 2771 1052 2851 ἄνωθεν
1070 2770 1206 2854 ἑαυτοῖς
1229 2768 1445 2874 ἐξωνεῖσθαι

240 2893 392 2999 φιλίαν;
432 2892 546 2998 ὄχλου
573 2893 646 2997 γάρ
673 2893 717 2994 δη
744 2893 835 2997 πρὸς
863 2892 971 2973 αὐτὸν
1000 2891 1114 2977 ἰόντος
1142 2894 1185 2972 ού
1215 2898 1353 2995 μικροῦ,
1382 2893 1445 2972 καί
1460 2923 1500 2965 ιο

239 3017 481 3119 ἀναριθμήτον
508 3016 671 3119 πληθύος
700 3016 839 3098 ὑδάτων
857 3018 957 3118 δίκην
976 3017 1248 3121 έπεισχεομένης
1274 3020 1347 3099 τοῖς
1374 3012 1442 3096 τό·

238 3173 331 3238 ποις,
349 3143 388 3220 έν
408 3139 461 3226 οἰς
489 3141 661 3245 ηὐλίζετο,
684 3140 776 3245 πρὸς
803 3139 845 3221 τὸ
872 3138 1118 3244 ἑτοιμάζεσθαι
1145 3139 1288 3246 τρέφειν
1311 3136 1447 3222 αὐτοὺς

239 3268 461 3368 παραχρῆμα
488 3264 716 3344 διεκελεύετο.
757 3267 815 3345 καί
839 3261 884 3364 ἦν
902 3263 968 3364 μέν
986 3263 1098 3348 ὄντως
1121 3265 1186 3343 οὐκ
1211 3259 1354 3347 ἀπεικὸς
1381 3264 1446 3342 καί

239 3394 304 3466 τοῦ
334 3383 483 3494 σφόδρα
519 3388 700 3469 πλουσίου
734 3384 1017 3492 καταναρκήσειν
1045 3385 1111 3486 τὴν
1140 3388 1355 3488 προθυμίαν,
1387 3391 1446 3494 τῷ

239 3507 372 3609 πλήθει
398 3516 471 3588 τῶν
489 3511 677 3613 ὁρωμένων
696 3511 1007 3610 καταπτοονμένην
1026 3515 1074 3594 εἰς
1094 3508 1214 3616 φόβον
1230 3506 1295 3589 τὸν
1312 3511 1371 3589 ε’πί
1388 3514 1446 3618 τῷ
1461 3533 1498 3594 ²5

204 3629 291 3732 (1μῆ
315 3631 490 3713 δύνασθαι
517 3636 728 3741 φιλοξενεῖν·
758 3636 842 3713 ἀλλ’
863 3632 965 3714 οὐδὲν
984 3632 1078 3716 ὅλως
1105 3632 1250 3713 δεικνύει
1276 3632 1319 3712 τὸ
1344 3630 1447 3734 μέγα

240 3757 414 3860 Χριστὸς,
428 3755 515 3839 ὅταν
528 3763 575 3842 εἰς
594 3759 739 3861 ὀλίγους
759 3757 927 3859 γίγνηται
944 3755 1029 3859 παρ’
1046 3757 1182 3856 ήμῶνή
1201 3759 1446 3864 φιλαδελφία,

239 3879 573 3962 κατανεανιεύεσθαι
598 3881 641 3960 δε’
661 3917 738 3966 πως
763 3883 821 3961 καί
847 3887 919 3960 τῶν
937 3880 1020 3982 παρ’
1041 3879 1171 3959 ε’λπίδα
1188 3881 1375 3977 βούλεται,
1398 3913 1446 3988 τη

240 4008 291 4087 εἰς
308 4001 419 4084 αὐτὸν
436 4004 648 4105 πεποιθήσει
666 4002 942 4103 βεβαιουμένονς
959 4002 1051 4106 πρὸς
1068 4001 1134 4101 τὴν
1153 4004 1208 4109 ἐφ’
1229 4001 1349 4082 ἅπασι
1367 4011 1447 4090 τοῖς

239 4127 391 4228 ἀγαθοῖς
407 4127 608 4225 εὐτολμίαν.
1277 4171 1280 4177 ⁴
1461 4157 1499 4214 30

234 4316 239 4324 ·
262 4298 304 4353 5.
322 4307 351 4340 τε
382 4289 454 4342 τοτδ
467 4287 501 4341 Β.
608 4285 634 4341 6.
653 4286 792 4358 λέγεσθαι]
805 4286 913 4342 έλέσθαι
927 4285 959 4341 Β.
1081 4301 1106 4359 7.
1125 4286 1283 4358 συγκαθίσαι
1296 4287 1331 4341 Β.
1401 4310 1446 4343 κα-

239 4352 338 4416 θῆσθαι
395 4396 402 4412 .
564 4376 605 4423 14.
624 4357 839 4428 πρεπωδέστερον
851 4357 885 4412 Β.
1048 4359 1089 4413 16.
1108 4357 1218 4429 δειλίαν]
1232 4358 1383 4429 διαιὰνίείο
1413 4360 1446 4415 Β.

302 4426 397 4496 πρέποι
411 4428 443 4483 Β.
456 4427 547 4498 πρέπει
561 4426 612 4482 Ed.
691 4444 733 4482 οι.
752 4427 917 4509 έπιχςομίνης
930 4427 962 4483 Β.
1042 4445 1086 4496 24.
1104 4427 1247 4516 πλουσίου]
1261 4430 1399 4554 χμιρρίμω
1413 4430 1447 4486 Β.

311 4495 340 4565 ιι)
354 4513 408 4553 om.
422 4496 455 4553 B.
503 4495 583 4568 μίγα]
601 4504 629 4563 ÷
644 4496 942 4554 τοῦΕθ.ιονιιιεΒ.Ι).
1040 4514 1083 4571 29·
1101 4501 1289 4570 βεβαιούμενον
1328 4537 1336 4556 .
