3038 5018
250 292 315 354 524
554 289 593 353 B.
618 290 825 355 CYRILLI
856 288 1141 355 ALEXANDR.
1281 282 1325 348 vi·
1340 296 1399 367 52,
1411 296 1462 362 53·

252 455 373 560 ἀρετῇ.
424 455 647 535 ἐπιτίθεσθαι
680 455 793 555 γεμὴν
821 455 885 535 δύο
916 457 1052 554 θέματα
1083 452 1215 534 κελεύει
1247 446 1459 557 χρησίμως,

252 581 443 681 μονονουχὶ
475 581 533 658 καὶ
565 578 631 679 τὴν
664 579 801 659 στάσιν
834 578 945 679 αὐτὴν
977 574 1192 674 ὑποδεικνὺς,
1222 573 1269 675 ἦν
1300 572 1387 654 ἔθος
1419 565 1462 666 ἦν

255 701 347 780 κατὰ
371 700 413 781 τὸ
439 700 530 786 εἰκὸς
555 710 747 801 ποιεῖσθαι,
773 704 888 802 μέσον
911 707 963 782 ἀεὶ
985 700 1048 782 τὸν
1070 701 1204 803 Κύριον
1225 695 1460 804 δεχομένους,

220 829 313 905 bna)
337 823 462 927 ὥσπερ
489 827 570 906 τινὰ
597 827 805 928 καθηγητὴν
829 829 883 907 ἀεὶ
907 835 1063 906 κυκλοῦν
1085 823 1307 922 εἰθισμένους
1335 817 1460 899 αὐτόν.

88 955 168 1086 ῗξθῐ·
181 954 208 1003 ³³·
254 951 313 1031 ἵνα
342 948 380 1029 δέ
414 949 594 1049 μάθωμεν,
627 950 681 1030 ὅτι
716 950 876 1051 καθάπερ
910 953 930 1030 δ
965 949 1115 1034 Παῦλύς
1149 956 1256 1054 φησι,
1289 949 1492 1047 Χριστοῦ5

122 1057 128 1070 ⁸
329 1072 342 1097 4Ι
513 1075 521 1099 5
585 1077 593 1104 ρ
686 1080 701 1095 n
806 1080 822 1096 Α
907 1078 919 1105 χ
1065 1078 1076 1104 χ
1133 1075 1142 1099 2
1211 1073 1220 1101 Ι
1434 1073 1449 1089 ”

255 1107 451 1177 γεγονασιν
487 1081 614 1154 ευωδια
650 1109 702 1181 τῳ
740 1081 823 1183 Θειρ
860 1109 919 1155 και
959 1081 1088 1176 Πατρι,
1124 1074 1352 1152 επιτιθεσθαι
1388 1100 1464 1150 τοις

256 1196 375 1299 ἀρτοις
394 1197 528 1277 κελεύει
546 1195 610 1276 τδν
628 1196 842 1295 λιβανωτὸν,
862 1197 1153 1279 καταπάττεσθαι
1179 1194 1217 1275 δέ
1241 1196 1302 1273 καὶ
1329 1190 1458 1271 ἁλσίν.

87 1333 211 1451 ξλιῐεῑλλ·
256 1320 389 1423 ε’ίρηται
409 1317 481 1423 γάρ
513 1356 584 1400 που
611 1318 702 1425 πρὸς
729 1321 856 1407 αύτούς
885 1333 907 1369 “
925 1323 1047 1421 Ὑμεῖς
1078 1324 1161 1401 ἐστε
1192 1316 1235 1399 τὸ
1266 1315 1367 1400 ἅλοις
1398 1317 1464 1412 τῆς

105 1439 111 1453 ’
139 1414 163 1464 3·
257 1456 279 1493 “
297 1445 397 1547 γῆς’”
428 1442 529 1523 ἀλλά
553 1445 612 1524 καὶ
636 1452 682 1550 τῇ
707 1452 780 1524 τῶν
796 1442 999 1542 σαββάτων
1018 1445 1131 1551 ἡμέρᾳ
1147 1440 1463 1546 προσκομίζεσθαι

258 1568 392 1648 κελεύει
411 1569 612 1671 χρησίμως·
635 1571 896 1673 ἀνεδείχθησαν
915 1567 987 1672 γάρ
1006 1572 1044 1648 ἐν
1062 1567 1228 1669 ἐσχάτοις
1245 1572 1314 1644 τοῦ
1332 1569 1462 1645 αἰῶνος
1475 1590 1509 1631 1⁰

228 1699 402 1794 οκαιροῖς,
420 1688 559 1795 ἐσχάτη
586 1692 623 1772 δέ
648 1696 711 1791 τῆς
730 1692 928 1791 ἑβδομάδος
954 1691 1065 1795 ἡμέρα
1088 1690 1130 1770 τὸ
1155 1688 1366 1783 σάββατον.
1406 1687 1463 1765 καὶ

258 1817 338 1919 ούχῖ
369 1822 475 1893 τοῦτο
508 1814 629 1914 μόνον,
658 1816 744 1896 ἀλλ’
773 1818 913 1919 ἐπείπερ
942 1814 1034 1896 κατά
1061 1813 1124 1895 τὸν
1151 1811 1276 1917 καιρὸν
1303 1816 1373 1910 τῆς
1400 1818 1463 1890 τοῦ

260 1941 428 2039 Σωτῆρος
452 1938 553 2037 ἡμῶν
571 1941 756 2038 ἐπιδημίας
775 1941 1073 2037 ἐσαββατίσαμεν
1090 1942 1353 2036 πνενματικῶς·
1394 1936 1460 2035 ἦρ·

257 2059 424 2164 γήσαμεν
444 2062 514 2162 γὰρ
540 2064 584 2170 ἐξ
607 2065 800 2166 ἁμαρτιῶν.
841 2064 978 2163 συνέβη
1001 2062 1039 2143 δέ
1059 2059 1216 2145 καὶτοὺς
1236 2060 1363 2160 ἁγίους
1382 2055 1464 2135 τύτε

258 2185 342 2284 ἡμῖν
369 2184 600 2273 ἀποστόλους
627 2190 888 2292 ἀναδειχθῆναι,
910 2185 960 2266 ὧν
983 2191 1042 2267 καὶ
1070 2185 1115 2266 τά
1142 2191 1219 2265 θεῖα
1245 2181 1465 2287 τρεφόμενα
1478 2209 1511 2271 15

258 2307 529 2412 συγγράμματα
565 2309 656 2414 πρὸς
695 2310 786 2413 ζωὴν
823 2313 1063 2409 ἀναβαίνομεν
1099 2307 1165 2409 τὴν
1200 2311 1239 2388 ἐν
1271 2308 1463 2412 ἁγιασμῷ.

259 2430 318 2512 διὰ
354 2441 460 2513 τοῦτο
498 2433 588 2512 κατὰ
625 2432 691 2532 τὴν
728 2442 801 2513 τῶν
837 2434 1057 2530 σαββάτων
1077 2434 1212 2535 ἡμέραν
1243 2435 1466 2534 προκεῖσθαι

259 2552 424 2655 μάλιστα
443 2557 577 2637 κελεύει
596 2556 678 2642 τούς
701 2558 831 2659 ἀρτους
854 2561 955 2662 ἔντη
979 2560 1065 2664 ἁγίᾳ
1088 2555 1254 2661 τραπέζῃ,
1273 2554 1467 2634 τουτέστιν

261 2681 299 2758 ἐν
316 2684 362 2782 τῇ
381 2681 597 2787 Ἐκκλησίηι·
631 2684 843 2783 σημαίνεται
867 2680 939 2784 γάρ
963 2680 1143 2764 πολλάκις
1167 2679 1240 2759 ἀπὸ
1265 2678 1401 2781 μέρους
1422 2675 1467 2757 τδ

228 2809 345 2884 δπᾶν.
395 2805 433 2882 τί
466 2802 500 2882 δ’
533 2801 578 2883 ἀν
612 2804 749 2905 γένοιτο
782 2811 844 2905 τῆς
877 2807 980 2908 ἁγίας
1012 2810 1177 2906 Χριστοῦ
1214 2802 1394 2906 τραπέζης
1424 2797 1511 2881 rba<

263 2926 483 3029 ἀγιάτερον;
520 2929 647 3008 οὐκοῦν
672 2933 720 3014 ὡς
748 2929 855 3033 ἄρτος
883 2929 947 3028 μέν
971 2929 992 3007 ὁ
1018 2926 1145 3030 Σωτὴρ
1173 2932 1471 3028 προανετυποῦτο

261 3048 354 3129 κατά
372 3051 435 3131 τὸν
454 3051 575 3148 νόμον·
608 3053 710 3156 ἀρτοι
736 3053 774 3132 δέ
798 3053 912 3134 πάλιν
930 3058 962 3131 οί
983 3055 1139 3151 μαθηταὶ
1166 3049 1247 3131 καθ’
1268 3046 1472 3148 ὁμοιότητα

261 3172 328 3272 τὴν
353 3176 475 3254 αὑτοῦ·
508 3174 628 3255 πάντα
655 3176 726 3279 γὰρ
754 3180 934 3277 ἀληθινῶς
961 3175 1026 3276 μέν
1054 3174 1099 3274 ἦν
1127 3176 1165 3254 ἐν
1190 3178 1356 3278 Χριστῷ,
1382 3172 1469 3251 καθ’

263 3297 456 3396 ὁμοιότητα
474 3297 512 3376 δέ
530 3297 596 3398 τὴν
614 3303 662 3383 ὡς
680 3299 770 3402 πρὸς
790 3301 909 3399 αὑτὸν,
929 3305 987 3379 καὶ
1006 3301 1061 3404 ἐφ’
1082 3299 1173 3398 ἡμᾶς
1191 3296 1250 3377 διά
1267 3300 1331 3395 τῆς
1355 3297 1472 3376 αὐτοῦ

302 3418 312 3443 ι

263 3454 420 3524 χαριτος.
1487 3455 1511 3510 ²!

214 3611 447 3697 5οἘμὰχοντο
478 3607 534 3676 οὖν
569 3615 651 3701 πρὸς
683 3616 846 3680 ἀλλήλους
879 3612 909 3679 οἰ
936 3610 1090 3680 Ἰουδαῖοι
1121 3615 1269 3688 λέγοντες
1295 3610 1378 3676 Πῶσ
1414 3609 1474 3676 δύ-

216 3745 254 3807 53
319 3752 412 3794 νοιται
437 3725 512 3804 ἡμῖν
532 3727 626 3796 οὗτοι
651 3731 763 3797 δοῦναι
788 3732 847 3798 τιλν
872 3734 974 3820 σάρκα
1002 3727 1136 3820 φαγεῖν,
1164 3725 1254 3795 εἶπεν
1275 3723 1333 3793 οὖν
1355 3724 1473 3795 αὐτοῖς

236 3834 253 3876 e
317 3851 334 3915 ὁ
357 3849 496 3913 Ἰασοῦς.

98 4015 173 4096 Ρρρν.
323 4006 345 4040 “
365 3995 493 4075 Πάντα
516 3995 648 4076 ἐνώπια
669 4003 743 4081 τοῖς
767 4002 943 4093 συνιοῦσι,
963 3998 1019 4075 καὶ
1046 3993 1135 4098 ἀρθά
1161 4000 1233 4077 τοῖς
1259 3993 1475 4097 εὑρίσκουσι

99 4097 188 4146 v1n.9.
267 4129 289 4166 “
307 4121 474 4221 γνῶσιν,”
495 4118 586 4198 κατὰ
603 4119 645 4198 τὸ
664 4121 920 4223 γεγραμμένον·
949 4118 1135 4199 σκοτεινὸν
1154 4117 1191 4197 δέ
1210 4124 1283 4202 τοῖς
1302 4117 1475 4219 ἀνοήτοις
1487 4162 1511 4220 3«

306 4323 328 4359 1.
348 4307 482 4376 χρησίμως
494 4315 664 4377 assumptum
677 4324 709 4360 ex
724 4306 755 4360 B.
845 4325 871 4377 3.
890 4307 998 4379 Κύριον]
1014 4308 1129 4376 Χριστὸν
1143 4306 1176 4361 Β.
1267 4318 1291 4376 7.
1310 4305 1424 4368 λίβανον
1439 4306 1475 4362 Β.

266 4377 493 4432 καταπλάττεσθαι
507 4377 540 4431 Β.
597 4377 622 4432 8.
635 4375 699 4448 γάρ]
713 4377 742 4430 δέ
756 4375 788 4430 Β.
826 4377 922 4432 Statim
934 4402 985 4434 που
999 4390 1060 4449 post
1072 4377 1164 4433 αὐτοὺς
1176 4386 1210 4432 tr.
1225 4375 1258 4430 Β.
1316 4392 1359 4430 10.
1372 4380 1477 4467 καιροῖς

266 4451 312 4499 τοῦ
325 4447 413 4502 αἰῶνος
427 4449 532 4500 inverso
544 4448 637 4501 ordine
652 4447 683 4500 B.
770 4463 811 4513 14.
829 4452 886 4500 τότε
900 4459 960 4505 ante
973 4451 1014 4504 καὶ
1026 4456 1061 4505 tr.
1076 4447 1127 4503 Ed.
1139 4447 1224 4502 invito
1237 4447 1271 4502 B.
1344 4459 1392 4519 27.
1412 4451 1476 4518 ημῖν

267 4516 342 4572 οὗτος
355 4517 405 4571 hoc
418 4517 511 4571 ordine
525 4516 557 4573 B.
572 4518 606 4572 cs.
619 4519 648 4572 in
660 4518 697 4573 xii
710 4517 809 4589 Proph.
823 4517 875 4590 562
886 4536 908 4572 α.
