3038 5018
236 282 280 346 46
535 281 576 348 Β.
599 282 811 349 OYRILLI
840 281 1129 348 ALEXANDR.
1366 278 1388 344 i.
1402 296 1433 344 2.

237 441 372 547 Λόγον,
396 448 438 527 δι’
468 446 511 528 οῦ
538 446 632 535 Θεὸς
659 448 706 530 τά
731 447 851 530 πάντα
877 446 1067 553 ἐργάζεται·
1099 447 1156 528 ἵνα
1181 443 1293 547 λόγος
1320 443 1435 546 λόγου

236 573 369 669 νοῆται,
396 574 456 651 καὶ
486 568 589 652 εἰκῶν
615 568 761 671 εἰκόνος,
792 575 851 653 καὶ
879 572 1105 675 ἀπαύγασμα
1133 566 1431 672 ἀπαυγάσματος.

236 690 360 797 ῶσπερ
378 694 441 775 οῦν
457 694 525 796 ἤδη
543 695 830 803 δυσφημούντων
847 695 1006 780 ἀκούσας
1024 695 1154 786 αὐτῶν,
1173 694 1232 774 καὶ
1255 690 1346 795 πρὸς
1369 690 1434 776 τάς

68 841 164 899 υοΔ.
205 813 405 902 αέκτόπους
429 820 597 903 ἀπονοίας
621 824 694 900 τῶν
711 820 793 923 παρ’
814 819 933 903 αῦτοΐς
956 815 1254 922 συγγραμμάτων
1275 811 1435 917 εὐλόγως

236 940 510 1042 κεκινημένος,ὁ
538 941 709 1046 μακάριος
732 939 1016 1046 Εύαγγελιστὴς,
1039 939 1250 1045 ὁρισάμενος
1277 938 1346 1038 ἤδη
1375 941 1464 1017 καὶὸ

236 1061 295 1142 διὰ
320 1070 483 1163 πολλῶν,
511 1067 559 1149 ῶς
586 1063 663 1165 ἔδει,
687 1063 944 1167 κατασημήνας
969 1061 1035 1144 τδν
1060 1063 1122 1145 ἕνα
1150 1066 1209 1143 καὶ
1236 1059 1348 1162 μόνον
1374 1063 1434 1141 καὶ

235 1186 407 1288 ἀληθινὸν
430 1190 470 1269 ἐκ
494 1193 602 1288 Θεοῦ,
619 1191 678 1269 καὶ
702 1191 740 1270 ἐν
757 1193 851 1296 Θεῷ,
872 1191 930 1269 καὶ
955 1186 1049 1292 πρὸς
1072 1185 1170 1268 Θεὸν
1193 1185 1280 1266 ὅντα
1299 1183 1432 1287 Λόγον,

234 1310 391 1418 ἐπιφέρει
418 1319 559 1416 γοργῶς
587 1310 696 1400 Οὗτος
723 1307 757 1408 ἦν
783 1313 814 1394 ἐν
840 1318 927 1427 ἀρχα
958 1312 1040 1420 πρὶς
1070 1310 1123 1393 τδν
1151 1307 1241 1408 Θιέν,
1269 1312 1318 1394 ῶς
1345 1307 1433 1393 Υίῦς

234 1432 373 1536 δηλαδὴ
399 1432 491 1539 πρὸς
517 1433 581 1516 τὸν
608 1436 766 1540 Πατέρα,
793 1438 842 1520 ὡς
868 1434 1035 1542 ἔμφυτος,
1063 1437 1111 1519 ῶς
1143 1436 1184 1515 ἐκ
1214 1437 1280 1534 τῆς
1306 1433 1433 1519 οὐσίας

234 1558 354 1655 αὐτοῦ,
373 1561 421 1642 ὡς
440 1557 660 1660 Μονογενής·
698 1557 798 1658 οὗτος,
816 1559 880 1639 ούκ
898 1557 1000 1642 ὄντος
1019 1557 1191 1661 δευτέρου.
1447 1591 1484 1632 10

289 1679 437 1782 Ἐπειδὴ
455 1681 493 1761 δέ
509 1679 704 1785 προσήκειν
721 1682 875 1782 ἡγοῦμαι
891 1679 939 1760 τά
961 1683 1043 1784 περὶ
1068 1684 1131 1781 τῆς
1156 1677 1319 1781 τοιαύτης
1336 1683 1427 1760 δυσ-

197 1806 376 1902 υσεβείας
403 1805 611 1913 ἐξηγεῖσθαι
637 1806 914 1910 σπουδάζοντας,
935 1805 1157 1910 γυμνοτέραν
1180 1809 1298 1887 αύτῶυ
1319 1840 1429 1888 κατα·

232 1931 371 2027 στῆσαι
400 1928 466 2029 τὴν
493 1930 712 2038 δυσφημίαν,
740 1929 799 2010 διά
830 1928 896 2031 τὴν
925 1936 997 2011 τῶν
1026 1927 1278 2034 ἀκεραιοτέρων
1306 1929 1432 2038 ἀσφά-

63 2065 180 2184 ῦὶὼθα·
232 2058 344 2129 λειαν·
383 2051 583 2160 φυλάξεται
610 2051 683 2157 γὰρ
713 2054 734 2134 ὁ
763 2051 898 2152 μαθὼν,
926 2055 986 2133 καὶ
1015 2055 1064 2136 ὡς
1092 2052 1177 2160 ὅφιν
1205 2054 1431 2156 ῦπεραλεῖται

116 2145 171 2198 ‘¹⁷'
231 2171 323 2254 κατά
349 2172 463 2276 μεὀην
488 2175 714 2258 λανθάνοντα
739 2174 806 2276 τὴν
831 2173 925 2256 ὁδόν·
959 2176 1159 2278 ἀναγκαίως
1187 2173 1297 2278 αι’πὴν
1320 2176 1428 2278 ἐκθή-
1446 2197 1481 2258 15

229 2331 342 2396 σομαι
365 2296 433 2398 τὴν
453 2299 592 2381 ἐκείνων
609 2296 730 2408 δόξαν,
750 2302 798 2383 ὡς
821 2301 860 2380 ἐν
877 2299 1090 2384 ἀντιθείτεως
1107 2297 1280 2405 σχήματι.
1318 2298 1430 2392 λάβοι

263 2417 582 2451 §Qus

229 2453 302 2523 γαρ
329 2455 375 2500 αν
402 2457 514 2508 οντως
540 2457 604 2508 τας
631 2422 755 2508 λύσεις
782 2423 923 2532 ἐφεξῆς,
946 2421 1028 2504 καθ’
1057 2423 1195 2527 οὕσπερ
1222 2419 1267 2503 ἂν
1293 2424 1430 2525 ἐπιδοίη

229 2541 383 2646 τρόπους
401 2546 421 2625 ὁ
439 2544 558 2627 πάντα
574 2551 705 2655 σοφῶν
724 2546 829 2632 Θεός.

483 2854 632 2936 Εῦνομίου
653 2856 725 2936 δόξα
745 2855 813 2938 περὶ
834 2859 887 2920 τοῦ
907 2857 982 2922 wo&
1001 2860 1055 2921 τοῦ
1076 2859 1169 2922 Θεοῦ.

284 3083 306 3120 ,,
325 3025 373 3103 Ὁ
401 3023 620 3127 Μονογενὴς,
650 3029 754 3134 φησὶ,
779 3032 843 3106 τοῦ
871 3029 966 3106 Θεοῦ
988 3022 1086 3124 Υἱὸς,
1109 3025 1173 3105 ούκ
1199 3025 1300 3107 ἐστιν
1323 3027 1428 3108 αύτο-
1443 3063 1481 3103 ιο

199 3197 251 3243 0„
270 3146 397 3249 κυρίως
418 3149 439 3227 ὁ
460 3150 579 3252 Λόγος
607 3151 725 3229 αῦτοῦ·
765 3147 850 3229 ἀλλ’
874 3150 895 3228 ὁ
919 3146 986 3249 μέν
1008 3147 1205 3234 ἐνδιάθετος
1227 3147 1339 3252 λόγος
1362 3159 1427 3231 τοῦ

228 3328 252 3367 ,,
272 3274 366 3350 Θεοῦ
384 3273 442 3350 καὶ
461 3269 606 3374 Πατρός
631 3274 668 3351 ἐν
687 3272 783 3379 αύτῷ
809 3276 952 3351 κινεῖται
976 3273 1034 3351 καὶ
1059 3271 1159 3352 ἐστιν
1175 3272 1239 3351 ἀεί·
1276 3275 1297 3353 ὁ
1322 3272 1360 3353 δέ
1384 3273 1431 3380 ἐξ

228 3451 252 3489 ,,
270 3393 378 3473 αύτοῦ
411 3398 623 3496 γεννηθῆναι
655 3393 845 3496 λεγόμενος
876 3391 964 3478 Υἱός
992 3392 1056 3474 τὸν
1084 3393 1284 3476 ἐνδιάθετον
1316 3396 1427 3476 αὐτοῦ

228 3575 251 3613 ,,
270 3513 383 3618 λόγον
401 3512 597 3621 δεχόμενος,
615 3516 734 3598 πάντα
757 3552 796 3598 τε
820 3515 913 3599 οἶδεν
929 3515 1103 3617 ἐκμαθὼν,
1122 3520 1179 3597 καὶ
1198 3518 1280 3601 καθ’
1300 3516 1424 3619 ὁμοιό-

227 3697 251 3737 ,,
268 3671 359 3738 τητα
377 3637 442 3740 τὴν
459 3641 600 3739 ἐκείνου,
618 3642 730 3744 λόγος
748 3649 907 3721 καλεῖται
924 3644 983 3720 καὶ
1000 3641 1133 3721 ἐστιν.”
1442 3677 1480 3740 ²5

285 3757 377 3842 Εἶτα
403 3760 494 3864 πρὸς
520 3764 730 3863 βεβαίωσιν,
755 3767 803 3848 ὡς
826 3763 944 3863 οίεται,
965 3768 1029 3863 τῆς
1056 3765 1182 3845 ἑαυτοῦ
1211 3765 1427 3861 δυσσεβείας

228 3887 288 3966 καὶ
314 3891 387 3967 τῶν
413 3887 703 3989 διεστραμμένων
730 3890 871 3967 ἐννοιῶν
898 3887 1076 3972 τοιούτους
1103 3886 1201 3972 τινάς
1234 3888 1427 3969 ἀναπλίκει
1473 3958 1480 3985 ,

228 4006 513 4111 συλλογισμοὺς,
532 4010 599 4107 ἵνα,
619 4009 712 4090 καθά
735 4009 943 4115 γέγραπται,
962 4015 1039 4094 ταῖς
1059 4015 1133 4090 τῶν
1151 4009 1286 4092 οἰκείων
1305 4011 1422 4116 ἀμαρ·

228 4130 396 4232 πημάτων
412 4139 549 4237 σειραῖς
567 4134 587 4213 ὁ
604 4134 757 4219 δείλαιος
775 4134 1077 4240 κατασφίγγηται.

267 4384 291 4423 1.
309 4365 353 4438 οῦ]
369 4373 398 4430 -Ι-
412 4369 428 4421 δ
440 4367 524 4424 Euth.
689 4388 715 4437 4.
734 4369 846 4428 ἀτόπους
857 4369 941 4426 Euth.
1105 4368 1132 4425 6.
1150 4370 1330 4440 κατασημάνας
1342 4369 1426 4426 Ruth.

227 4454 255 4509 9.
273 4438 320 4492 τὸν
331 4454 385 4493 om.
398 4436 432 4492 Β.
558 4438 599 4494 16.
618 4439 697 4508 δόξαν
707 4449 876 4511 assumptum
888 4459 921 4496 ex
935 4440 967 4498 Β.
1093 4453 1135 4520 ιγ.
1153 4439 1233 4497 ὄντος
1247 4440 1280 4498 Β.
1292 4440 1360 4497 οὕτω
1372 4441 1426 4497 Ed.

229 4524 273 4565 20.
291 4506 458 4580 αὐτοκυρίας]
471 4508 634 4579 αῦτοκράταρ
646 4511 688 4566 καὶ
699 4509 848 4583 αῦτοκύριος
861 4510 894 4567 Β.
1019 4526 1064 4569 22.
1081 4510 1109 4568 ἐν
1120 4512 1202 4583 ἐαυτῷ
1214 4511 1248 4568 Β.
