3038 5018
199 275 240 338 10
523 272 666 337 LIBRI
696 271 846 337 PRIMI
877 273 1064 338 ΟΑΡΙΤΑ.

197 462 225 516 η.
253 436 326 501 Ὅτι
339 438 429 516 μόνος
442 439 460 500 6
473 437 546 503 ’Υἱὸς
560 442 613 501 τοῦ
629 441 711 502 Θεοῦ
732 442 796 518 φῦς
817 436 900 500 ἐστὶν
914 437 1100 517 ἀληθινὸν,ἡ
1121 439 1154 501 δέ
1174 439 1268 503 κτίσις
1286 435 1396 510 οὐκέτι,

330 539 429 620 φωτὸς
447 539 522 602 οῦσα
540 536 667 621 μέτοχος
687 539 726 604 ὦς
745 538 864 620 γενηπή·
895 537 1088 619 προκειμένου
1101 541 1191 620 ῥητοῦ
1205 535 1269 603 Ἦν
1284 538 1318 601 τὸ
1334 543 1399 618 φῶς

330 641 595 718 τὸὰληθινόν....
1320 639 1393 723 [64]

202 799 230 859 6.
258 792 330 858 Ὀτι
352 793 387 858 οῦ
408 792 591 876 προῦπάρχει
614 797 666 856 τοῦ
692 793 868 871 σῦμοτοςὴ
894 797 947 856 τοῦ
972 794 1126 874 ἀνθρώπου
1151 791 1247 876 ψυχὴ,
1270 791 1339 854 οῦδὲ
1366 791 1398 852 ἐκ

331 892 542 974 πρεσβυτέριον
557 892 802 974 ῥμορπημρτωνῆ
818 892 992 973 σωμρτιοσις
1006 894 1080 958 κατά
1092 915 1182 960 τινος·
1205 889 1397 974 προκειμένου
1411 911 1429 971 5

330 999 419 1078 ῥητοῦ
428 994 493 1060 Ἦν
507 997 542 1060 τὸ
559 1002 623 1078 φῦς
641 996 676 1059 τὸ
695 996 849 1076 ἀληθινὸν,
864 995 882 1060 6
897 998 1016 1078 φωτίζει
1031 997 1127 1062 πάντα
1142 999 1297 1079 ἄνθρωπον
1311 998 1399 1080 ἐρχό-

171 1110 190 1155 0
328 1124 420 1179 μενον
435 1101 478 1165 εἰς
491 1099 544 1162 τὸν
558 1101 678 1177 κόσμον·
701 1100 735 1162 έν
749 1099 789 1184 τιρ
806 1100 907 1184 κόσμῳ
921 1099 968 1178 ἣν.
1319 1097 1391 1183 [72]

199 1275 219 1314 ι.
256 1249 328 1315 Ὅτι
357 1252 448 1330 μόνος
478 1252 552 1314 κατὰ
577 1251 670 1332 φύσιν
695 1252 713 1313 6
738 1250 810 1317 ’Υἱὸς
834 1252 866 1314 έκ
894 1251 1012 1330 Ποτρὸς
1041 1253 1058 1314 6
1084 1251 1271 1333 Μονογενῆς,
1297 1251 1338 1319 ὥς
1364 1249 1401 1330 ἐξ

327 1353 416 1419 αὐτοῦ
446 1353 494 1418 καὶ
524 1354 558 1419 έν
588 1353 675 1438 αὐτῷ·
712 1351 906 1433 προκειμένου
933 1355 1022 1434 ῥητοῦ
1053 1353 1134 1419 Θεὸν
1162 1354 1257 1421 οὐδεὶς
1286 1354 1398 1449 έῶροικε

328 1455 458 1520 πώποτε.
1298 1456 1393 1541 [103]
1415 1481 1451 1521 10

237 1684 260 1720 ι.
277 1665 702 1734 μόνοςὸγὶὁςτοῦθεοῦοτο.Ε.
799 1683 824 1722 2.
843 1667 878 1722 ὣς
889 1676 1058 1738 assumptum
1071 1686 1102 1723 ex
1116 1668 1149 1724 B.
1250 1668 1275 1723 8.
1295 1667 1398 1739 6pn'un

198 1745 368 1808 assumptum
380 1753 412 1790 ex
426 1736 459 1792 Β.
