3038 5018
230 283 296 347 οτι
535 284 574 347 B.
598 282 804 349 cmm
835 282 1124 350 κόκκινος.
1335 304 1366 346 v.
1379 301 1435 368 30.

230 442 299 544 τὴν
317 444 428 545 αὐτὴν
445 446 502 554 ἐφ’
522 446 659 527 ἅπασιν
677 447 853 551 ἐνέργειάν
877 483 916 530 τε
941 452 1000 528 καὶ
1024 449 1194 556 ἐξουσίαν
1219 446 1291 552 ἔχει
1315 451 1434 552 φυσι-

231 574 315 654 κῶς.
356 568 455 671 λέγει
479 569 517 650 δὲ
541 568 592 670 μὴ
614 570 796 651 δύνασθαί
814 606 850 652 τι
872 579 987 652 ποιεῖν
1007 575 1071 679 ἀφ’
1092 573 1228 668 ἑαυτοῦ,
1248 571 1377 672 κρίνειν
1396 569 1438 648 δὲ

231 695 354 792 οὕτως,
373 693 498 796 ὥσπερ
521 692 567 774 ἀν
585 697 751 775 ἀκοῦσαι·
781 692 905 802 τρόπῳ
921 692 1035 775 πάλιν
1051 695 1170 802 ἑτέρῳ,
1189 697 1248 774 καὶ
1274 691 1435 795 ίσογνιό·

232 850 326 914 μονα
357 818 417 896 καὶ
448 822 621 917 ἱσοσθενῆ
652 817 819 898 δεικνύων
849 816 974 899 ἑαυτὸν
1006 824 1058 926 τῷ
1091 823 1175 925 Θεῷ
1207 820 1266 897 καὶ
1298 817 1434 917 Πατρί.

204 937 314 1019 οοάδὲ
333 937 405 1042 γὰρ
423 939 564 1044 ἐνεργὸς
582 942 667 1043 περί
681 948 717 1022 τι
738 947 811 1021 τῶν
829 939 943 1021 ὄντων
961 940 1045 1046 δίχα
1070 949 1135 1021 τοῦ
1154 946 1244 1021 Υἱοῦ
1262 939 1368 1020 νοοῖτ’
1388 937 1471 1020 ἀν5

232 1060 341 1159 μόνος
373 1066 433 1142 καὶ
468 1064 551 1144 καθ’
585 1063 711 1144 ἑαυτὸν
743 1065 763 1144 5
797 1062 936 1166 Πατὴρ,
970 1062 1078 1169 ίσχθν
1109 1064 1202 1170 ἔχων
1234 1060 1341 1143 αὐτὸν
1374 1065 1438 1142 καὶ

233 1183 393 1284 δάναραν·
425 1184 480 1266 διὸ
499 1184 544 1286 δὴ
562 1197 584 1234 “
597 1185 716 1267 πάντα
735 1187 778 1267 δι’
799 1188 922 1285 αὐτοῦ,
944 1191 1002 1268 καὶ
1027 1191 1136 1293 χωρὶς
1160 1188 1270 1268 αὐτοῦ
1295 1184 1437 1288 ἐγένετο

233 1318 255 1356 “
273 1308 353 1390 οὐδὲ
381 1309 453 1391 ἕν·”
491 1310 564 1390 οόθ
599 1311 646 1390 αὖ
674 1310 787 1391 πάλιν
813 1309 1050 1418 ἐξεργάσεταί
1079 1346 1114 1391 τι
1145 1312 1230 1391 καθ’
1259 1308 1385 1391 ἑαυτὸν
1415 1312 1437 1388 ὁ

231 1429 330 1532 Υἱός,
363 1432 413 1533 μὴ
447 1434 528 1538 οὐχὶ
558 1432 733 1518 συνόντος
763 1436 860 1541 αὐτῷ
891 1444 955 1515 τοῦ
990 1430 1146 1538 Πατρός.
1185 1431 1244 1514 διὰ
1273 1431 1345 1535 γάρ
1376 1465 1437 1510 τοι

83 1646 98 1658 ..
173 1661 179 1674 .
231 1564 336 1636 τοῦτο
362 1558 424 1636 καί
445 1562 562 1662 φησιν
580 1567 602 1604 “
614 1558 698 1637 Ἀπ’
718 1559 872 1657 ἐμαυτοῦ
894 1556 997 1638 οὐδὲν
1019 1564 1123 1639 ποιῶ·
1153 1558 1174 1637 5
1199 1555 1237 1638 δέ
1257 1554 1388 1657 Πατὴρ
1414 1556 1495 1634 510

173 1683 179 1706 '
232 1689 254 1726 “
272 1681 311 1759 ἐν
328 1682 405 1779 ἐμοὶ
422 1680 539 1781 μένων
556 1687 653 1761 ποιεῖ
666 1680 713 1761 τά
731 1680 821 1784 ἔργα
839 1679 976 1766 αὖτός.”
1015 1683 1075 1760 καὶ
1099 1683 1141 1761 οὐ
1166 1678 1283 1780 δήπου
1306 1683 1436 1759 διακει-

231 1801 374 1902 σόμεθα
390 1807 635 1902 δυναμοῦσθαι
652 1803 719 1905 μὲν
737 1808 785 1889 ὡς
810 1805 855 1912 ἐξ
876 1804 1063 1889 ἀσθενείας
1085 1803 1186 1906 παρὰ
1203 1811 1268 1882 τοῦ
1287 1799 1436 1904 Πατρός

232 1924 296 2007 τόν
313 1924 414 2025 ww,
437 1933 672 2032 χορηγεῖσθαι
699 1927 737 2008 δὲ
766 1926 879 2009 πάλιν
907 1929 1004 2035 αὐτῷ
1033 1928 1093 2007 καὶ
1120 1924 1187 2026 τὴν
1214 1927 1269 2033 ἐφ’
1296 1923 1437 2005 ἅπασιν

198 2049 409 2156 ἁέξουσίαν
438 2048 461 2151 ἢ
494 2049 567 2153 γάρ
599 2047 644 2130 ἀν
675 2049 788 2131 οὐκέτι
821 2048 844 2156 ᾖ
879 2048 971 2130 κατὰ
1001 2050 1116 2155 φύσιν
1144 2047 1249 2146 Θεὸς,
1279 2046 1437 2128 ἐπακτὸν

231 2171 356 2277 ὥσπερ
384 2173 477 2280 ἔχων
503 2173 546 2255 τό
574 2179 639 2274 τῆς
669 2174 835 2274 θεότητος
868 2174 1019 2258 κάλλος·
1049 2172 1135 2253 ἀλλ’
1167 2172 1248 2253 οὐδὲ
1277 2170 1383 2254 αὐτὸς
1415 2173 1495 2258 5¹5

233 2299 362 2401 Πατὴρ
398 2302 437 2379 ἐν
468 2296 634 2403 ἀκράτοις
670 2306 743 2380 τῶν
779 2301 926 2400 ἀγαθῶν
958 2300 1148 2404 ὑπεροχαῖς
1186 2297 1237 2376 ἔτι
1270 2297 1437 2392 κείσεται,

232 2419 413 2519 δυνάμεως
439 2427 504 2522 τῆς
531 2423 615 2527 παρ’
635 2421 756 2524 ἑτέρου
782 2427 841 2503 καὶ
869 2421 1036 2529 ἐξουσίας
1064 2421 1231 2520 δεόμενον
1254 2419 1345 2524 ἔχων
1370 2415 1438 2499 τὸν

232 2549 296 2644 τῆς
316 2547 403 2629 ἰδίας
423 2545 569 2649 φάσεως
591 2549 800 2650 χαρακτῆρα
819 2543 954 2648 Λόγον.
994 2542 1231 2647 ζητηθήσεται
1256 2541 1329 2646 γὰρ
1347 2545 1436 2622 ἀνα-

232 2666 352 2769 λόγως
369 2702 415 2774 τῃ
436 2667 543 2748 εἰκόνι
565 2665 622 2748 καὶ
646 2675 698 2777 τῷ
719 2667 909 2777 ἀρχετύπῳ
927 2674 1000 2749 τῶν
1018 2667 1209 2770 ἀρημένον
1227 2669 1248 2746 5
1265 2666 1436 2771 χορηγὸς,

232 2793 326 2872 οὕτω
354 2826 393 2872 τε
419 2789 548 2872 λοιπὸν
573 2796 621 2877 είς
649 2792 849 2894 ἀπέραντον
866 2790 1015 2894 ζήτησιν
1038 2794 1058 2872 ό
1084 2789 1196 2894 λόγος
1221 2791 1305 2889 ἡμῖν
1327 2790 1434 2893 οίχή-
1455 2823 1498 2865 20

204 2912 348 3015 οσεται,
367 2919 425 2997 καὶ
444 2920 493 3000 είς
511 2910 608 3010 βαθὺ
624 2920 875 3021 βλασφημιῶν
894 2917 1116 3018 ἐκδραμεΐται
1133 2914 1305 3016 πέλαγος.
1346 2913 1435 2991 ἀλλ’

232 3041 375 3145 ἐπείπερ
398 3043 438 3120 ε’κ
464 3044 529 3139 τῆς
552 3047 616 3120 τοῦ
641 3037 787 3141 Πατρός
815 3039 939 3122 οὐσίας
970 3037 1141 3144 ὑπάρχων
1159 3039 1179 3116 5
1198 3034 1294 3133 Υἱὸς,
1313 3035 1438 3116 πάντα

233 3161 279 3244 τά
296 3172 361 3245 τοῦ
379 3161 620 3266 γεννήσαντος
642 3161 715 3241 ἴδια
737 3158 960 3267 κατὰφύσιν
978 3158 1155 3264 ἐπάγεται,
1174 3162 1234 3240 καὶ
1252 3161 1438 3244 οὐσιωδῶς

234 3286 418 3392 ἀνατρέχει
453 3285 545 3389 πρὸς
580 3286 666 3384 μίαν
700 3285 797 3391 αὐτῷ
828 3283 980 3384 θεότητα
1017 3282 1077 3364 διὰ
1111 3281 1154 3364 τὸ
1190 3287 1255 3382 τῆς
1287 3281 1438 3389 φάσεως

234 3410 529 3513 ἀπαράλλακτον,
551 3407 631 3487 ἔστι
656 3404 723 3507 μέν
748 3406 853 3490 αὐτὸς
880 3409 917 3486 ε’ν
939 3409 1069 3508 Πατρὶ,
1093 3407 1164 3512 ἔχει
1193 3407 1223 3484 δ’
1247 3405 1293 3484 αὖ
1319 3404 1439 3484 πάλιν
1456 3436 1498 3497 25

234 3534 273 3613 ἐν
291 3536 403 3640 ἑαυτῷ
420 3530 483 3612 τὸν
504 3531 662 3635 Πατέρα·
694 3527 806 3611 διάτοι
824 3537 942 3626 τοῦτο,
960 3526 1139 3612 πολλάκις
1157 3524 1439 3631 ἀκατηγορήτως

235 3691 274 3737 τε
299 3659 356 3737 καὶ
383 3660 527 3755 ἀληθῶς
555 3655 744 3752 ἀνατίθησι
772 3658 823 3759 τῷ
844 3655 962 3754 Πατρὶ
989 3659 1063 3731 τῶν
1081 3653 1216 3731 οἰκείων
1234 3652 1349 3754 ἔργων
1367 3648 1440 3748 τὴν

235 3778 398 3880 δύναμιν,
420 3780 483 3859 οὐκ
501 3775 572 3884 ἔξω
588 3784 652 3856 τοῦ
671 3777 847 3856 δύνασθαι
869 3777 976 3857 τιθεὶς
995 3772 1132 3872 ἑαυτὸν,
1153 3773 1254 3853 ἀλλὰ
1271 3779 1317 3879 τῇ
1335 3776 1436 3876 ε’νερ-

68 3932 134 3988 289
144 3928 184 3987 A„
205 3905 314 4010 ιγείᾳ
331 3907 395 4002 τῆς
412 3909 495 4003 μιᾶς
509 3901 675 3999 θεότητος
692 3898 739 3980 τά
754 3898 875 3980 πάντα
891 3896 1117 4002 προσνέμων·
1140 3898 1204 3994 μία
1218 3896 1255 3977 δὲ
1273 3895 1440 3997 ἦθεόιης

233 4028 273 4107 ἐν
293 4028 410 4128 Πατρὶ
428 4028 486 4105 καὶ
504 4027 541 4105 ἐν
559 4029 637 4131 Υίῷ
655 4026 712 4103 καὶ
731 4025 769 4102 ἐν
784 4023 899 4130 Ἀγίερ
920 4021 1115 4122 Πνεόματι.
1456 4048 1500 4105 30

238 4246 296 4354 τοι.
315 4228 358 4354 35,
370 4230 650 4353 dnaqwhzsffiffi
660 4245 693 4281 εκ
707 4226 775 4351 θοὴ
795 4313 840 4350 om
851 4224 1200 4349 Ὶθγέγθόόόιόυιόόᾶόὶξίὶοοίι
1213 4241 1325 4347 ιίόίίθτοόι
1330 4222 1441 4349 (όόάοάἀό

234 4321 535 4462 ἱααάόθίοτρίίόό8γο.
623 4338 663 4422 ια’.
683 4336 784 4424 heom:
800 4337 849 4419 B..
888 4336 965 4434 ⁸13.
984 4365 1170 4420 θὲοικαὶοιυ.
1185 4363 1218 4417 Β.
1311 4362 1440 4430 ΜΒ.

234 4439 265 4492 οὗ
278 4439 329 4492 Ed.
377 4439 479 4507 ῃΒᾸ).
492 4437 522 4505 ἦν
535 4438 586 4492 Ed.
724 4455 766 4509 ²9·
785 4436 954 4505 ἅμαρτομία
968 4435 1002 4490 Β.
1144 4450 1188 4505 30.
1206 4432 1234 4487 ἐν
1246 4432 1399 4488 secundum
1411 4444 1442 4489 et

234 4509 341 4562 tertium
354 4514 491 4578 assumpta
503 4527 534 4562 ex
549 4509 581 4563 B.
