3038 5018
229 292 297 354 440
535 293 573 358 Β.
599 293 810 359 CYRILLI
840 292 1129 358 ALEXANDR.
1324 287 1366 353 vi.
1381 300 1433 367 27.

231 491 303 537 νων
320 456 580 560 προτάττοντες
602 457 645 539 τὸ
668 461 716 544 ῶς
734 462 772 539 ἐν
790 459 981 562 συγκρίσει
1000 464 1117 554 νικῶν,
1137 458 1196 536 καὶ
1215 453 1352 535 δικαίαν
1369 450 1436 550 τὴν

230 582 288 661 ἐπὶ
307 580 445 667 τούτοις
464 581 637 685 ὁρίζοντες
658 586 800 689 ψῆφον,
822 580 921 662 ὅσιοί
939 616 977 661 τε
1000 585 1058 662 καὶ
1077 578 1190 685 σοφοὶ
1209 576 1437 681 γενησόμεθα

197 707 409 802 ᾶδικασταὶ,
424 707 482 785 καὶ
500 707 566 811 οὐχ
584 706 713 809 ἑτέροις
731 708 807 785 τισὶ
825 703 891 805 τὴν
904 706 943 785 ἐκ
962 710 1155 806 λογισμῶν
1168 705 1316 805 ἀγαθῶν
1328 697 1435 803 ὀρθό-

231 861 323 927 τητα
341 827 568 932 χαριούμεθα,
586 834 732 925 μᾶλλον
750 827 788 908 δὲ
806 835 884 912 ταῖς
903 829 1044 912 οἰκείαις
1062 824 1305 930 τεριθήσομεν
1323 827 1434 927 κεφα-

233 959 326 1037 λαῖς.
364 952 589 1062 ἐργαζώμεθα
605 952 724 1032 τοίνυν
740 950 835 1032 καθά
851 959 968 1057 φησιν
987 952 1007 1030 5
1026 948 1155 1053 Σωτὴρ
1174 947 1221 1056 μὴ
1240 945 1294 1041 τὴν
1312 943 1467 1052 βρῶσιν5

232 1072 286 1169 τὴν
303 1075 551 1183 ιάτιλλυμίιην·
585 1075 790 1180 χωρήσασα
809 1073 881 1179 γὰρ
898 1080 947 1159 είς
968 1073 1131 1178 γαστέρα
1153 1074 1213 1152 καὶ
1236 1076 1285 1156 είς
1307 1070 1436 1172 ὀλίγον

232 1203 360 1299 κομιδῆ
398 1197 461 1280 τὸν
498 1198 621 1304 καιρὸν
657 1196 749 1302 πρὸς
785 1195 1045 1297 εὐτελεστάτην
1084 1195 1213 1298 ἡδονὴν
1249 1193 1313 1274 τὸν
1349 1201 1435 1273 νοῦν

233 1323 458 1431 διαπαίξασα
486 1322 577 1426 πρὸς
609 1324 800 1429 ἀφεδρῶνα
831 1328 950 1427 χωρεῖ,
980 1324 1040 1401 καὶ
1072 1323 1111 1401 ἐκ
1140 1318 1301 1424 γαστρὸς
1333 1318 1436 1400 αὖθις

63 1455 164 1588 {⁸⁰³³
232 1447 506 1550 μετοχετεύεται.
555 1448 578 1546 ἡ
616 1446 655 1527 δὲ
690 1452 829 1549 βρῶσις
867 1446 890 1544 ἡ
926 1442 1145 1545 πνευματικὴ
1182 1443 1249 1542 τὴν
1285 1442 1436 1544 καρδίαν

98 1559 104 1575 ’
232 1569 464 1674 στηρίζουσα,
484 1571 628 1675 συνέχει
653 1569 717 1650 τὸν
742 1569 934 1673 ἄνθρωπον
959 1574 1006 1653 είς
1032 1566 1124 1672 ζωὴν
1142 1566 1293 1663 αἰώνιον,
1312 1564 1356 1664 ἢν
1375 1569 1434 1645 καὶ
1452 1590 1490 1631 10

232 1692 451 1800 χορηγήσειν
487 1690 594 1778 αὐτὸς
628 1694 712 1793 ἡμῖν
749 1696 769 1773 5
807 1691 971 1798 Χριστος
1007 1689 1285 1794 ἐπαγγέλλεται,
1314 1690 1436 1802 λέγων

98 1880 101 1885 -
201 1815 347 1900 ο“Ἧν
378 1817 399 1896 5
433 1814 506 1901 υἱὸς
538 1825 601 1897 τοῦ
632 1818 824 1921 οἱνθρῶτου
857 1817 939 1916 ὑμῖν
972 1816 1114 1896 δῶσει·”
1154 1812 1437 1919 συναναπλέξας

163 1939 169 1951 ’
232 1941 322 2039 ὁμοῦ
364 1945 414 2048 τῷ
450 1945 642 2044 θεοτρειτεῖ
677 1940 720 2020 τὸ
760 1940 994 2044 ἀνθρώπινον,
1032 1944 1091 2021 καὶ
1126 1937 1302 2045 συζεύξας
1344 1936 1436 2015 ὅλον

231 2067 297 2163 τῆς
323 2064 522 2163 οἰκονομίας
551 2068 614 2165 τῆς
643 2063 735 2164 μετὰ
764 2061 902 2168 σαρκὸς
928 2061 971 2143 τὸ
999 2065 1036 2144 ἐν
1061 2061 1190 2171 κύσμιρ
1217 2058 1433 2163 μυστήριον.

231 2188 469 2267 ὑπαινίττεται
497 2186 541 2266 δέ
562 2222 640 2272 πως
665 2186 732 2288 τὴν
753 2187 932 2288 μυστικήν
954 2221 993 2267 τε
1018 2189 1077 2266 καὶ
1101 2185 1436 2288 τνευματικιοτέραν
1453 2210 1492 2270 15

230 2305 381 2418 τροφὴν,
407 2312 450 2389 δι’
476 2309 518 2411 ἧς
545 2314 604 2390 καὶ
631 2317 742 2410 σῶμα
768 2314 827 2392 καὶ
855 2309 981 2417 ψυχὴν
1009 2309 1233 2414 ἁγιαζόμενοι
1260 2307 1437 2412 διαζῶμεν

231 2434 269 2513 ἐν
286 2435 394 2541 αὐτῶ.
422 2431 641 2538 γυμνότερον
663 2434 706 2514 δέ
727 2468 805 2518 τως
829 2434 867 2512 ἐν
890 2439 963 2518 τοῖς
990 2433 1122 2541 ἐφεξῆς
1147 2442 1253 2515 τοῦτο
1278 2432 1439 2536 λέγοντα

231 2554 470 2659 θεωρήσομεν.
509 2557 719 2661 τετηρήσθω
747 2565 937 2662 τοιγαροῦν
964 2557 984 2636 5
1012 2555 1123 2660 λόγος
1151 2564 1203 2666 τῷ
1228 2590 1434 2663 χρεωοτου-

230 2679 326 2789 μένῳ
345 2685 457 2788 καιρῷ
474 2712 514 2760 τε
533 2684 591 2761 καὶ
609 2679 723 2790 τόπερ.

271 2904 294 2942 1.
312 2911 333 2944 τ
350 2889 519 2947 οστάττοντες
530 2890 564 2946 Β.
678 2910 705 2958 4.
722 2889 898 2961 περιθήσομεν
911 2889 944 2946 Β.
957 2890 1134 2963 ε’τιθησόμεθο
1145 2889 1198 2946 Ed.
1320 2890 1348 2946 8.
1366 2843 1440 2963 θφε-

233 2910 368 3015 καί).

258 2961 513 3100 κοκμίωίὲεδρῶνο
526 2961 578 3018 Ed.
696 2976 739 3016 τι.
757 2959 883 3033 Χριστὸς]
897 2961 985 3034 σωτὴρ
999 2962 1042 3020 Β..
1144 2979 1186 3032 14.
1202 2961 1323 3033 τῆςμιτλ
1336 2965 1442 3034 σαρκὸς
