3038 5018
246 276 309 343 136
549 279 588 345 Β.
612 281 821 347 CYRILLI
849 280 1139 347 ALEXANDR.
1355 281 1378 348 i.
1393 300 1445 367 13.

76 453 159 568 ζου·
170 468 195 504 ¹·
242 438 352 522 αῦτδν
369 440 611 546 ἐβαπτίῷντο,
630 443 792 547 καθάπερ
810 445 830 525 ὁ
850 442 1000 530 Παῦλάς
1017 451 1143 551 φησιν,
1159 443 1228 523 “ε’ν
1245 448 1290 547 τῇ
1310 443 1444 550 νεφέλη

92 554 99 568 ⁰
244 575 266 613 ‘⁴
283 567 343 645 καὶ
361 567 462 672 ε’ντῇ
486 566 695 672 θαλάσση,”
714 571 773 649 καὶ
797 573 847 652 είς
871 566 981 668 νόμον
999 569 1162 652 δουλείας
1180 566 1225 674 ἐξ
1248 569 1444 646 εἰδωλολα-

242 688 361 791 τρείας
379 689 656 795 ἀνεσκευάζοντο
673 691 944 793 διακονουμένης
963 693 1082 775 αῦτοΐς
1099 696 1163 791 τῆς
1179 693 1217 770 ἐν
1231 689 1445 794 γράμμασιν

110 843 132 922 ι·
241 815 393 913 ἐντολῆς
426 815 469 894 δι’
502 815 684 917 ἀγγέλων·
730 820 762 895 οί
800 814 838 896 δὲ
874 817 997 896 πίστει
1032 822 1078 921 τῇ
1116 820 1165 900 είς
1197 811 1363 918 Χριστὸν
1396 821 1446 897 είς

243 939 427 1019 υἱοθεσίαν
453 940 706 1034 ἀναβαίνοντες
734 944 839 1038 θεοῦ,
869 939 933 1020 οῦκ
961 945 1011 1024 είς
1042 941 1138 1019 ἕντι
1170 945 1243 1018 τῶν
1270 944 1478 1041 γενητῶν,5

241 1063 328 1143 ἀλλ’
351 1069 401 1149 είς
428 1062 540 1164 αὐτὴν
561 1062 627 1164 τὴν
649 1064 756 1166 ἁγίαν
778 1063 1012 1167 βαπτίζονται
1033 1062 1184 1167 Τριάδα,
1208 1060 1267 1141 διὰ
1294 1062 1446 1162 μεσίτου

241 1194 306 1267 τοῦ
323 1185 458 1289 Λόγου,
483 1184 732 1272 συνάπτοντος
756 1183 821 1288 μέν
846 1189 961 1294 ἑαυτῷ
987 1185 1033 1267 τά
1060 1185 1267 1291 ἀνθρώπινα
1294 1184 1353 1265 διὰ
1380 1189 1448 1284 τῆς

206 1310 433 1411 Βὲνωθείσης
450 1308 599 1414 σαρκὸς,
617 1310 889 1410 συναπτομέναυ
907 1308 946 1389 δέ
965 1316 1130 1417 φυσικῶς
1147 1314 1199 1419 τῷ
1217 1307 1444 1412 γεννήσαντι,

240 1431 330 1515 καθὸ
349 1433 460 1539 φύσει
475 1430 578 1518 θεός·Ι
607 1434 700 1514 οῦτω
719 1430 791 1536 γάρ
810 1430 992 1538 ἀνατρέχει
1009 1431 1052 1514 τὸ
1071 1437 1203 1514 δοῦλον
1216 1439 1266 1518 είς
1286 1430 1444 1532 υἷότητα,

240 1556 299 1637 διά
315 1562 470 1663 μετοχῆς
488 1565 552 1637 τοῦ
575 1558 650 1637 κατ’
671 1553 844 1656 ἀλήθειαν
861 1555 1072 1660 Υίοῦ,πρδς
1096 1555 1139 1637 τὸ
1166 1556 1330 1662 ῦπάρχον
1348 1559 1446 1665 αὐτῷ
1462 1592 1501 1632 10

241 1679 333 1762 κατά
355 1681 470 1790 φύσιν
488 1680 631 1788 ἀξίωμα
653 1679 874 1780 καλούμενόν
890 1715 930 1760 τε
948 1684 1008 1760 καὶ
1029 1679 1104 1761 οἷον
1122 1679 1443 1783 ἀναβιβαζόμενον.

241 1805 300 1885 διά
326 1839 382 1886 τοι
410 1813 517 1886 τοῦτο
548 1803 710 1907 γεννητοῦ
740 1800 923 1906 λεγόμεθα
954 1805 1016 1884 καί
1043 1806 1154 1904 ἐσμεν
1182 1813 1246 1885 τοῦ
1276 1810 1383 1903 θεοῦ,
1410 1811 1445 1886 οἱ

183 2033 185 2037 ¹
240 1927 306 2030 τὴν
336 1929 394 2011 διὰ
426 1937 490 2010 τοῦ
519 1925 729 2028 Πνεῦματος
761 1927 1000 2030 ἀναγέννησιν
1032 1927 1091 2008 διὰ
1123 1929 1281 2013 πίστεως
1317 1963 1441 2032 παρα·

241 2052 439 2161 δεξάμενοι.
935 2098 938 2107 ’

294 2175 443 2276 Ἐπειδὴ
471 2175 509 2275 δέ
536 2166 797 2284 ῥιψοκινδύνως
824 2177 1068 2276 ἀποτολμῶσί
1092 2211 1195 2275 τινες,
1223 2175 1349 2281 ὥσπερ
1378 2186 1443 2258 τοῦ
1459 2208 1498 2268 15

242 2305 483 2403 Μονογενοῦς,
497 2303 590 2381 οῦτω
609 2304 668 2380 καὶ
686 2307 750 2380 τοῦ
767 2299 896 2402 Ἀγίου
914 2299 1205 2403 καταψεύδεσθαι
1222 2299 1443 2399 Πνεῦματος,

242 2421 392 2525 γενητὸν
410 2422 498 2504 αῦτὸ
517 2429 576 2503 καὶ
594 2421 743 2504 κτιστδν
762 2420 849 2504 εἶναι
868 2421 1082 2533 φάσκοντες,
1101 2428 1160 2504 καὶ
1183 2424 1278 2508 ὅλως
1296 2429 1360 2524 τῆς
1378 2432 1443 2504 τοῦ

213 2553 338 2628 θθεοῦ
371 2551 430 2627 καὶ
459 2544 605 2650 Πατρός
635 2546 793 2654 ἐξέλκειν
819 2547 1109 2649 ὁμοουσιότητος,
1139 2549 1225 2656 φέρε
1257 2547 1300 2647 δὴ
1329 2544 1443 2628 πάλιν

241 2678 319 2755 ταῖς
343 2671 481 2750 ἐκείνων
503 2669 822 2774 ἀθυρογλωσσίαις
846 2670 911 2751 τὸν
932 2676 997 2770 τῆς
1021 2673 1129 2775 ὀρθῆς
1157 2674 1314 2756 πίστεως
1342 2675 1444 2752 ἀντε-

241 2791 415 2901 ξάγοντες
437 2791 561 2896 λόγον,
578 2793 714 2878 ἑαυτοῖς
738 2828 777 2874 τε
802 2796 861 2874 καὶ
885 2802 958 2879 τοῖς
983 2795 1242 2902 ε’ντευξαμεῦοις
1268 2795 1443 2902 ὠφελείας
1460 2835 1503 2875 20

241 2916 475 3021 γεννήσωμεν
501 2915 681 3026 ἀφορμάς.
731 2923 761 2998 εί
792 2917 865 3022 γὰρ
897 2917 986 3019 μήτε
1016 2916 1109 3003 θεὸς
1137 2918 1229 2999 κατὰ
1259 2919 1384 3024 φύσιν,
1414 2915 1443 2999 ὦ

241 3043 349 3141 οῦτοι,
370 3041 460 3144 μίγτε
485 3040 557 3143 μὴν
578 3044 617 3122 ἐκ
643 3047 739 3122 θεοῦ
764 3040 807 3122 τῦ
832 3041 983 3142 Πνεῦμά
1007 3045 1108 3123 ἐστιν
1129 3042 1219 3122 ’ίδιον
1242 3044 1361 3142 αὐτοῦ,
1383 3044 1443 3122 καὶ

242 3166 302 3246 διὰ
330 3175 437 3247 τοῦτο
470 3167 653 3250 οῦσιωδιῦς
683 3165 884 3271 ἐνυπάρχον
914 3167 1022 3274 αὐτῷ·
1066 3167 1187 3272 ἕτερον
1217 3165 1260 3246 δέ
1289 3202 1324 3247 τι
1356 3169 1441 3270 παρ’

242 3287 361 3389 αῦτδν,
380 3292 437 3370 καὶ
455 3293 519 3387 τῆς
537 3295 610 3369 τῶν
628 3290 874 3390 πεποιημένων
893 3289 1070 3398 ὀμοφυίας
1089 3292 1153 3371 οῦκ
1173 3290 1439 3402 ἀπῳκισμένον,

241 3420 320 3499 πῶς
355 3418 388 3492 οἱ
426 3415 468 3493 δι’
500 3413 609 3493 αὐτοῦ
639 3414 863 3516 γεννηθέντες
899 3413 999 3513 ἡμεῖς
1031 3415 1071 3495 εἰι
1106 3418 1192 3496 Θεοῦ
1223 3415 1444 3520 γεγεννῆσθαι
1460 3455 1501 3515 25

209 3535 450 3641 ἁλεγόμεθα;
486 3534 508 3637 ἢ
535 3533 606 3639 γάρ
631 3535 685 3616 ὅτι
709 3536 879 3644 ψεύδεται
901 3537 1045 3623 πάντως
1070 3540 1216 3642 ἐροῦμεν
1233 3541 1253 3618 ὃ
1272 3540 1441 3642 Εῦαγγε·

243 3659 386 3763 λιστὴς,
405 3659 428 3764 ἢ
446 3660 544 3763 ε’ίπερ
562 3662 662 3740 ε’στὶν
679 3661 830 3763 ἀληθὴς,
848 3661 918 3768 ἔχει
939 3662 976 3742 δὲ
999 3665 1102 3760 οὕτω,
1122 3667 1181 3743 καὶ
1208 3664 1274 3770 οῦχ
1299 3664 1441 3768 ἑτέρως,

245 3784 338 3870 θεὸς
363 3784 467 3866 ἔσται
494 3787 552 3864 καὶ
577 3787 615 3864 ἐκ
636 3790 732 3865 θεοῦ
758 3784 849 3866 κατὰ
874 3788 989 3894 φύσιν
1007 3783 1049 3866 τδ
1070 3792 1228 3887 Πνεῦμα,
1248 3788 1290 3868 οὗ
1314 3787 1358 3889 δὴ
1384 3792 1445 3868 καὶ

242 3910 427 4016 μετίσχειν
446 3906 504 3990 διά
528 3910 685 3994 πίστεως
709 3913 773 4010 τῆς
796 3915 844 3995 είς
862 3911 1027 4015 Χριστὸν
1051 3910 1264 4018 ἀξωῦμενοι,
1283 3912 1379 3997 θείας
1403 3947 1445 3992 τε

244 4035 390 4141 φύσεως
421 4029 693 4131 ἀποτελοῦμεθα
727 4037 898 4126 κοινωνοὶ,
930 4038 988 4115 καὶ
1025 4034 1064 4116 ἐκ
1098 4038 1186 4115 Θεοῦ
1220 4034 1445 4138 γεγεννῆσθαι
1461 4071 1503 4128 30

243 4156 434 4260 λεγοίμεθα,
454 4160 512 4237 καὶ
530 4158 604 4238 θεοὶ
626 4154 684 4237 διά
706 4164 811 4238 τοῦτο
833 4158 1105 4265 χρηματίζομεν,
1124 4160 1165 4238 οῦ
1189 4157 1309 4264 χάριτι
1332 4158 1446 4259 μόνον

280 4392 306 4447 3.
324 4341 401 4446 εοέῖε
412 4379 456 4445 τῆς
469 4377 505 4434 τι.
518 4379 661 4449 ιιηεωῑε
674 4379 706 4433 E.
721 4378 772 4434 Ed.
784 4379 870 4435 ..μοι
881 4379 991 4461 τηατ.
1005 4398 1061 4469 οη.
1171 4379 1212 4434 ιο.
1231 4379 1446 4449 mammam

245 4445 278 4502 B.
291 4448 355 4501 κατὰ
371 4447 486 4517 ψεύδους
503 4450 534 4503 E.
547 4449 753 4519 καταψεύδονται
765 4449 817 4504 Ed.
866 4449 962 4505 δίκαια
975 4459 1123 4521 Πνευμοτος
1139 4469 1193 4511 στα,
1207 4451 1239 4506 E.
1253 4453 1349 4505 lacuna
1363 4451 1444 4510 facta

248 4517 289 4572 18.
307 4520 411 4589 Ποτρὸο
422 4526 448 4573 et
461 4523 529 4573 θεοῦ
540 4521 609 4576 inter
621 4539 649 4576 ιε
661 4529 843 4591 transponunt
856 4519 889 4576 B.
961 4538 1004 4595 ²3·
1023 4544 1048 4577 τι
1060 4539 1115 4577 om.
1128 4520 1161 4578 Β.
1235 4539 1278 4590 ²4·
1297 4522 1359 4577 αὐτὸ
1374 4521 1408 4578 Β.
