3038 5018
87 303 194 393 vi.63.
248 309 305 374 IN
335 311 368 376 S.
393 310 648 378 JOANNEM.
693 312 789 378 LIB.
813 312 872 376 IV.
919 312 1021 377 CAP.
1046 311 1112 376 III.
1216 312 1280 374 553

86 471 230 566 μαστὸν
252 475 363 574 οὐδὲν,
386 475 475 578 μηδὲ
503 477 575 581 γὰρ
602 481 659 559 ἐπὶ
683 478 798 586 τοάτιρ
825 481 1111 583 σκανδαλισθῇς.
1150 480 1180 554 εὶ
1205 473 1279 575 γὰρ

87 593 148 671 “δ
184 598 412 697 κολλώμενος
447 607 499 709 τῷ
537 603 659 710 Κυρίῳ
695 601 732 681 ἓν
769 599 909 696 πνεῦμά
943 602 1051 697 ε’στι,”
1084 606 1162 684 πῶς
1199 599 1277 703 οὐχὶ
1326 601 1406 734 ἔξω·
1414 606 1449 658 vi.

85 723 231 815 μᾶλλον
248 720 290 800 τὸ
315 723 405 805 ἰ’διον
427 726 536 804 αῦτοῦ
559 731 669 825 σῶμα
693 723 730 803 ἓν
749 727 797 809 ὡς
821 720 912 826 πρὸς
936 722 1045 803 αὐτὸν
1067 719 1272 822 ὀνομασθή·

85 872 213 940 σεται;
244 846 409 946 σημαίνει
434 856 623 951 τοιγαροῦν
640 846 697 927 διὰ
721 853 794 927 τῶν
811 845 1050 949 προκειμένων
1068 846 1227 927 τοιοῦτόν
1244 878 1279 926 τι

52 961 199 1045 ὅπάλιν
227 965 296 1048 Ἐκ
326 976 400 1050 τῶν
427 967 579 1051 ἐνόντων
608 972 690 1070 ῦμῖν
717 973 968 1070 διαλογισμῶν
995 966 1276 1069 ῦπαισθάνομαι,

86 1089 212 1190 φησὶν,
236 1091 489 1179 άσυνετοῦντες
516 1091 571 1173 ὅτι
599 1091 846 1195 διαλογίζεσθε
868 1092 1052 1195 γεγονέναι
1079 1126 1140 1189 μοι
1165 1091 1279 1195 λόγον

83 1207 149 1288 τὸν
175 1210 266 1316 πρὸς
293 1216 393 1314 ὑμᾶς,
422 1214 551 1322 ὅτιτῇ
583 1216 692 1323 φύσει
724 1214 895 1319 ζωοποιόυ
921 1217 1000 1295 ἐστι
1031 1212 1074 1293 τδ
1106 1212 1178 1294 άπδ
1210 1217 1308 1316 γῆςο

84 1338 207 1434 σῶμα·
232 1338 317 1416 ἀλλ’
334 1339 401 1444 οῦχ
420 1337 523 1426 οὗτός
540 1341 641 1420 ἔστιν
653 1342 691 1421 ἐν
704 1345 779 1424 τοῖς
795 1340 892 1439 ε’μοῖς
908 1338 1068 1442 ῥήμασιν
1086 1339 1106 1416 ὁ
1123 1336 1275 1423 σκοπάς·

85 1454 155 1556 ὅλη
173 1457 245 1562 γὰρ
262 1457 307 1559 ἦν
324 1459 414 1566 πρὸς
434 1466 523 1562 ὑμᾶς
540 1466 620 1567 περὶ
639 1471 703 1543 τοῦ
721 1463 817 1543 θείου
836 1463 1045 1560 Πυεύματος
1063 1461 1086 1561 ἡ
1107 1461 1279 1568 ἐξάγοσις

31 1614 71 1656 ιο
85 1582 143 1660 καὶ
164 1584 245 1683 περὶ
270 1587 334 1683 τῆς
355 1586 496 1667 αἰωνίου
520 1586 621 1690 ζωῆς.
660 1582 739 1666 οῦδὲ
765 1584 837 1687 γὰρ
864 1585 887 1683 ἡ
914 1587 978 1684 τῆς
1005 1583 1142 1687 σαρκὸς
1167 1583 1279 1690 φύσις

84 1700 323 1818 ζωοποιδνζτὸ
350 1717 490 1810 πνεῦμα
515 1707 707 1812 ἐργάζεται,
729 1708 857 1807 άλλ’ἡ
884 1715 948 1787 τοῦ
974 1706 1183 1806 Πνεῦματος
1211 1705 1274 1786 δά·

84 1861 187 1927 ναμις
218 1827 391 1931 ζωοποιῦυ
416 1830 460 1912 τῦ
491 1839 601 1932 σῶμα
631 1837 734 1912 ποιεῖ.
788 1828 834 1910 τδι
867 1833 1003 1938 ῥάγιιιτιι
1035 1830 1155 1910 τοίνυν
1184 1828 1278 1933 άπερ

84 1956 159 2056 ὑμῖν
181 1954 387 2056 διείλεγμαι,
408 1953 543 2059 πνεῦμά
570 1954 651 2052 ίττι,
672 1952 836 2034 τουτέστι
863 1951 1084 2052 πνευματικὰ
1111 1957 1170 2032 καὶ
1196 1960 1277 2055 περὶ

82 2083 147 2155 τοῦ
166 2077 386 2177 Πνεῦματος,
407 2085 466 2159 καὶ
487 2080 552 2188 ζωή
570 2077 670 2172 ἱστιν,
690 2077 769 2156 άντὶ
786 2085 849 2156 τοῦ
868 2074 1022 2180 ζωοποιδι
1040 2078 1195 2178 καὶπερὶ
1214 2080 1278 2176 τῆς

30 2221 68 2284 ¹5
84 2196 176 2278 κατὰ
207 2200 322 2306 φύσιν
354 2198 453 2302 ζωῆς.
500 2203 558 2282 καὶ
591 2202 655 2282 οῦκ
688 2201 824 2280 ἀθετῶν
856 2197 923 2298 τὴν
955 2200 1047 2279 ἰδίαν
1078 2198 1199 2302 σάρκα
1230 2198 1311 2280 τάιί

81 2322 228 2402 τοιαῦτά
260 2329 388 2428 φησιν,
422 2326 506 2404 ἀλλ’
538 2323 627 2426 ὅπερ
656 2326 757 2405 ἐστὶν
787 2321 928 2423 ἀληθὲς,
961 2330 1067 2402 τοῦτο
1096 2322 1277 2403 διδάσκων

81 2442 188 2543 ἡμᾶς’
233 2444 322 2548 ὅπερ
353 2445 426 2550 γὰρ
456 2445 644 2552 εἰρήκαμεν
673 2449 816 2552 ἀρτίως,
849 2453 955 2526 τοῦτο
987 2445 1101 2525 πάλιν
1130 2447 1276 2547 ἐροῦμεν
1321 2450 1406 2578 ἓξὲξ

80 2567 326 2664 ἀναλαβόντες
353 2569 480 2653 διὰτὸ
507 2569 699 2676 χρήσιμον·
734 2571 757 2670 ἡ
785 2573 849 2669 τῆς
876 2566 1012 2672 σαρκὸς
1041 2567 1161 2674 φάσις,
1186 2565 1276 2668 αῦτὴ

82 2689 167 2770 καθ’
188 2690 317 2790 ἑαυτὴν
335 2695 397 2773 οῦκ
423 2689 469 2772 ἂν
486 2692 628 2773 δύναιτο
654 2693 852 2797 ζωογονεῖν·
883 2694 958 2772 ἐπεὶ
982 2693 1020 2772 τί
1041 2689 1083 2771 τῦ
1107 2690 1220 2772 πλέον
1238 2693 1276 2771 ε’ν

30 2817 133 2921 ποτῷ
151 2812 243 2894 κατὰ
264 2816 379 2921 φῦσιν
397 2821 502 2923 Θεῷ;
535 2817 619 2896 ἀλλ’
639 2817 681 2894 οῦ
705 2813 797 2914 μάνη
823 2817 881 2894 καὶ
906 2815 991 2895 καθ’
1010 2810 1138 2912 ἑαυτὴν
1157 2819 1216 2894 καὶ
1238 2816 1276 2895 ἐν

82 2941 235 3046 Χριστοῦ
253 2936 477 3040 νοηθὴσεται·
507 2939 579 3044 ἔχει
603 2937 674 3042 γὰρ
700 2937 876 3018 ἑνωθέντα
898 2935 963 3016 τὸν
982 2933 1117 3039 Λάγον,
1138 2935 1178 3022 ὅς
1195 2939 1275 3018 ε’στι

79 3059 173 3140 κατὰ
190 3062 306 3167 φύσιν
323 3060 406 3164 ζωή.
435 3061 522 3142 ὅταν
540 3062 603 3143 οῦν
621 3059 792 3163 ζωοποιδν
806 3058 918 3159 αι’πὴν
930 3056 1084 3164 ὀνομάζῃ
1101 3058 1275 3162 Χριστὸς,

80 3184 144 3264 οὐκ
171 3186 261 3290 αὐτῇ
286 3192 472 3282 τοσοῦτον,
490 3183 582 3266 ὅσον
606 3187 728 3293 ἐαυτῷ,
745 3185 824 3284 ἤτοι
849 3187 901 3291 τῷ
924 3181 1001 3290 ίδίῳ
1025 3182 1207 3283 Πνεῦματι
1231 3181 1304 3265 τδο

80 3310 265 3411 ζωογονεῖν
288 3305 464 3388 δύνασθαι
490 3313 668 3412 μαρτυρεῖ.
720 3309 762 3386 δι’
792 3304 901 3386 αῦτῦν
930 3303 1002 3408 γάρ
1029 3303 1157 3386 καὶτὸ
1185 3304 1275 3384 ἰ’δωυ

28 3455 66 3517 25
80 3431 188 3511 αῦτοῦ
216 3436 326 3530 σῶμα
352 3429 524 3534 ζωοποιόν
551 3431 662 3527 ἔστιν,
690 3431 831 3532 ε’πείπερ
858 3427 946 3509 αῦτδ
972 3427 1063 3531 πρὸς
1089 3426 1155 3527 τὴν
1182 3429 1275 3508 ἰδίαν

78 3556 352 3659 άνεστοιχείωσε
379 3552 541 3654 δύναμιν·
572 3552 614 3634 τὸ
642 3551 681 3633 δὲ
708 3551 815 3650 ὅπως,
838 3555 917 3633 οὔτε
946 3557 996 3660 νῷ
1023 3552 1271 3652 καταληπτὸν,

80 3679 158 3757 οὔτε
190 3677 339 3784 γλιῦττῃ
371 3674 509 3776 λεκτδν,
537 3680 659 3782 σιωπῇ
691 3673 728 3755 δὲ
759 3677 817 3755 καὶ
846 3675 967 3755 πίστει
996 3680 1041 3780 τῇ
1073 3673 1160 3779 ῦπέρ
1190 3684 1274 3757 νοῦν

78 3798 286 3897 τιμώμενον.

129 3917 218 3999 Ὅτι
243 3920 281 4001 δὲ
304 3919 484 4007 πολλάκις
507 3925 559 4030 τῷ
583 3930 646 4003 τοῦ
667 3919 876 4023 Πυεῦματος
902 3917 1049 4018 ὀνόματι
1073 3918 1172 4023 παρὰ
1197 3926 1275 4003 ταῖς

117 4191 140 4228 1.
158 4171 234 4244 μηδὲ]
248 4173 283 4242 μὴ
298 4173 330 4228 Β.
502 4194 528 4242 4.
546 4177 663 4230 τοιοῦτόν
674 4197 730 4231 τινα
741 4175 821 4230 πάλιν
832 4174 861 4228 ἐκ
873 4178 924 4228 τιῦν
936 4173 1045 4228 ι’νόντων
1055 4172 1228 4254 διαλογισμὸν
1241 4172 1274 4228 Β.

77 4242 104 4298 6.
123 4245 310 4301 ἀσυνετοῦντιις
322 4244 356 4301 Β.
402 4245 421 4299 λ
456 4244 541 4313 (cavoa
555 4246 588 4301 B.
681 4246 708 4298 8.
726 4243 801 4301 οῦτοι·
814 4244 885 4298 Β.Ι).
897 4243 978 4300 οὕτως
990 4242 1042 4297 Ed.
1093 4241 1275 4297 Statlme'm

78 4314 112 4369 Β.
124 4313 155 4382 ἦν
168 4315 218 4368 Ed.
347 4333 373 4385 9.
391 4337 441 4387 περ
463 4334 517 4408 σοι.
532 4316 565 4370 Β.
582 4386 607 4398 ..
699 4331 741 4370 10.
759 4313 831 4385 οῦδὲ]
845 4315 875 4368 οῦ
889 4314 921 4368 Β.
1049 4327 1089 4383 17.
1108 4313 1225 4382 ἐροῦντες
1239 4314 1274 4368 Ι).

77 4384 712 4528 {Qtoboetbfflffimitnffs1ht133&
730 4401 833 4524 μοίῦῖ
846 4382 967 4510 {iffi
1073 4384 1276 4526 gfff}

78 4528 167 4581 ὁποῖον
181 4526 213 4582 Β.
320 4540 363 4598 27.
381 4525 486 4598 λεκτδν]
500 4527 589 4581 δικτδν
602 4525 635 4579 Β.
1260 4578 1264 4584 .

122 4628 191 4674 νου.
208 4629 232 4675 1.
644 4626 700 4690 41³
