3038 5018
218 250 261 312 68
521 249 560 315 Β.
584 247 791 313 CYRILLI
821 247 1109 312 ALEXANDR.
1352 244 1372 307 i.
1387 263 1417 327 3.

219 410 384 518 ξενήσειν
404 408 529 513 λόγοις
552 408 595 491 τό
620 413 727 515 ῥῆμα.
765 411 807 490 ού
830 408 902 514 γάρ
927 410 1115 514 ἐπειδήπερ
1134 405 1173 490 δι’
1194 411 1292 489 αὑτοῦ
1316 405 1414 509 γενέ-

219 541 309 616 σθαι
335 533 381 614 τά
406 533 494 615 ὄντα
518 533 672 635 λέγεται,
690 532 834 617 πάντως
856 533 971 634 δήπου
994 539 1051 614 καὶ
1077 531 1253 636 ὑπουργὸς
1277 529 1418 632 ἡμῖν,ἢ

216 661 279 737 ’καὶ
304 659 510 761 ἀλλοτρίων
529 655 742 759 θελημάτων
762 659 820 737 καὶ
844 657 1016 760 ὑπηρέτης
1042 656 1169 743 ὁΥίὺς
1194 655 1416 756 εἶσβήσεται,

221 783 279 863 ἵνα
298 780 420 883 μηκέτι
438 786 560 881 νοῆται
579 780 670 862 κατὰ
689 783 804 888 φύσιν
822 780 994 886 ὑπάρχων
1012 779 1274 885 δημιουργὸς,ἢ
1297 782 1355 859 καὶ
1378 779 1422 884 ἐξ

222 905 341 1010 ἐτέρου
367 903 462 991 τινός
484 903 551 1005 τὴν
568 906 625 986 ἐπὶ
650 911 701 1012 τῷ
727 905 903 986 δύνασθαι
928 905 1053 1009 κτίζειν
1070 903 1335 1011 χορηγούμενος
1353 903 1414 981 δύ·
1433 920 1451 979 5

223 1064 341 1130 ναμιν,
360 1028 461 1110 ἀλλὰ
478 1036 625 1131 μᾶλλον
643 1027 749 1113 αὐτὸς
774 1032 833 1109 καὶ
857 1027 966 1128 μόνος
990 1029 1012 1129 ἡ
1038 1028 1143 1133 ίσχὺς
1167 1026 1337 1133 ὑπάρχων
1355 1035 1420 1106 τοῦ

189 1157 320 1234 (Ῑθεοῦ
347 1155 407 1233 καὶ
432 1152 588 1256 Πατρός,
607 1156 655 1236 ὡς
672 1153 770 1251 Υίδς,
790 1157 838 1238 ὡς
862 1151 1071 1254 Μονογενὴς
1097 1153 1141 1232 τὰ
1166 1151 1286 1233 πάντα
1310 1147 1416 1254 ἐργά-

223 1275 326 1378 ζεται,
363 1274 668 1379 συνεργαζομένου
705 1275 872 1375 δηλονότι
909 1279 968 1355 καὶ
1003 1275 1177 1360 συνόντος
1220 1277 1316 1383 αὑτῷ
1355 1281 1421 1353 τοὺ

223 1397 370 1502 Πατρός
394 1402 453 1478 καὶ
478 1408 543 1479 τοῦ
560 1401 689 1502 Ἀγίου
713 1399 937 1500 Πνεύματος·
973 1398 1092 1480 πάντα
1116 1398 1188 1504 γὰρ
1212 1403 1251 1479 ἐκ
1277 1396 1422 1501 Πατρός

222 1524 265 1602 δι’
299 1527 391 1602 Υὶοῦ
423 1525 461 1602 ἐν
492 1523 607 1631 Ἀγίιρ
640 1522 837 1622 Πυεύματι.
899 1530 1058 1603 συνεῖναι
1090 1522 1129 1604 δέ
1159 1529 1212 1631 τῷ
1243 1527 1321 1629 Υίῲ
1358 1520 1421 1599 τὸν
1437 1552 1461 1592 τι

224 1644 372 1749 Πατέρα
390 1654 547 1744 νοοῦμεν,
568 1647 634 1751 οὑχ
652 1650 700 1731 ὡς
719 1648 901 1726 άτονοῦντι
919 1649 999 1751 περὶ
1018 1646 1059 1727 τὸ
1078 1644 1292 1750 ἐργάζεσθαί
1301 1679 1336 1723 τι
1349 1651 1422 1724 τῶν

224 1768 348 1868 ὄντων,
367 1770 452 1849 ἀλλ’
473 1773 521 1853 ὡς
539 1769 627 1849 όλον
646 1769 733 1851 ὅντα
751 1773 788 1850 ἐν
806 1772 903 1877 αὑτῷ
920 1769 978 1849 διὰ
996 1769 1039 1850 τὸ
1057 1768 1341 1873 ἀπαράλλακτον
1359 1772 1423 1864 τῆς

225 1893 360 1991 οὐσίας,
382 1895 439 1972 καὶ
469 1891 512 1972 τὸ
540 1892 656 1996 ἄκρως
683 1894 861 1997 προσεχές
888 1927 926 1973 τε
952 1897 1012 1973 καὶ
1039 1894 1177 1993 ἄμεσον
1198 1894 1307 1972 αὑτοῦ
1331 1889 1423 1994 πρὸς

225 2014 267 2096 τό
297 2017 341 2123 ἐξ
371 2016 480 2096 αὑτοῦ
512 2023 676 2124 φυσικῶς
707 2016 897 2121 προελθόν·
939 2013 1065 2120 ὥσπερ
1102 2016 1146 2096 ἂν
1175 2015 1208 2096 εί
1238 2050 1291 2100 τις
1323 2013 1423 2115 λέγοι

195 2143 283 2218 exa}
308 2145 353 2245 τῇ
377 2139 422 2246 ἐξ
444 2140 573 2224 άνθους
597 2141 723 2248 εὐωδίᾳ
748 2147 905 2221 συνεῖναι
929 2142 1004 2221 κατ’
1023 2140 1200 2244 ἐνέργειαν
1218 2137 1285 2238 τήν
1303 2141 1341 2218 ἐκ
1359 2142 1424 2237 τῆς
1440 2178 1461 2230 1:

225 2265 394 2362 εὑοσμίας
422 2263 508 2343 αὑτὸ
537 2260 581 2362 δὴ
608 2262 650 2342 τὸ
679 2263 797 2359 ἄνθος,
813 2263 954 2367 ἐπείπερ
980 2264 1025 2371 ἐξ
1047 2265 1156 2344 αὑτοῦ
1179 2263 1321 2366 πρόεισι
1347 2267 1421 2368 φυ-

224 2393 347 2471 σικῶς.
400 2388 486 2467 ἀλλ’
518 2386 625 2489 ὀλίγη
657 2385 724 2486 μέν
756 2390 794 2469 ἐν
821 2386 959 2471 τούτοις
990 2388 1012 2487 ἡ
1045 2398 1108 2468 τοῦ
1135 2387 1424 2491 παραδείγματος

225 2507 383 2607 δύναμις,
412 2510 435 2610 ἡ
467 2507 504 2590 δέ
537 2509 625 2613 ὑπὲρ
654 2509 774 2590 πάντα
803 2510 916 2618 φύσις
943 2515 1000 2591 καὶ
1030 2520 1136 2592 τοῦτο
1166 2511 1422 2613 ὑπερκείσεται,

225 2630 371 2735 μικροὺς
397 2632 442 2739 ἐξ
466 2635 573 2714 αὑτοῦ
602 2633 774 2738 δεχομένη
806 2641 879 2714 τῶν
906 2633 1144 2738 θεωρημάτων
1170 2631 1252 2718 τοὺς
1283 2667 1422 2738 χαρακ-

59 2765 130 2815 1¹¹f¹⁸
227 2759 348 2858 τῆρας.
400 2758 475 2837 ἐπεὶ
502 2763 579 2842 πῶς
608 2756 787 2857 νοήσομεν
814 2755 856 2837 τό
885 2768 907 2806 “
919 2759 969 2837 Ὁ
999 2755 1128 2862 Πατήρ
1155 2793 1225 2856 μου
1252 2758 1316 2840 ἕως
1344 2754 1424 2860 ἄρτι
1439 2790 1461 2829 2<

58 2848 84 2880 v.
97 2842 134 2894 η’
228 2887 250 2924 “
269 2875 450 2982 ἐργάζεται
482 2880 582 2983 κάγὼ
610 2878 801 2986 ἐργάζομαι
815 2883 849 2979 ;”
892 2882 934 2961 ού
961 2879 1033 2983 γὰρ
1062 2882 1132 2988 ἰδίᾳ
1161 2879 1226 2979 μέν
1253 2883 1311 2960 καὶ
1341 2878 1424 2959 καθ’

227 3001 354 3082 ἑαυτὸν
372 3007 525 3108 ἐνεργεῖν
543 3038 577 3084 τι
595 3007 676 3105 περὶ
694 3003 741 3085 τά
759 3003 846 3083 ὅντα
867 3003 931 3084 τόν
950 3001 1046 3084 Θεὺν
1062 3007 1120 3084 καὶ
1141 3003 1287 3107 Πατέρα
1309 3007 1426 3108 φησὶν

59 3145 156 3203 4611.
197 3127 247 3205 ai>
265 3127 364 3224 Υἱὸς,
383 3127 509 3209 ἑαυτὸν
531 3128 568 3208 δέ
593 3126 707 3209 πάλιν
729 3129 859 3228 ὁμοίως
884 3124 1096 3232 ἐργάζεσθαι
1125 3126 1221 3231 λέγει
1250 3129 1334 3232 δίχα
1361 3136 1426 3207 τοὺ

228 3250 385 3354 Πατρός,
417 3255 477 3331 καὶ
512 3250 737 3355 ἀτρεμούσης
773 3249 909 3355 τρόπον
940 3251 1020 3333 τινὰ
1051 3256 1115 3352 τῆς
1147 3253 1210 3358 ἀφ’
1245 3251 1288 3353 ἦς
1324 3253 1426 3330 ἐστιν

228 3374 364 3456 οὐσίαις·
403 3371 470 3454 εἶεν
502 3372 573 3478 γὰρ
605 3372 651 3454 διν
678 3376 770 3455 οὕτω
802 3376 866 3456 δύο
894 3373 938 3475 δὴ
964 3373 1120 3474 πάντως,
1147 3379 1205 3456 καὶ
1234 3377 1300 3479 οὑχ
1328 3372 1377 3459 εἷς
1405 3375 1461 3456 δι,

229 3496 468 3601 Δημιουργδς,
498 3497 595 3601 εἴπερ
627 3496 697 3576 ἀνὰ
727 3497 832 3602 μέρος
864 3497 1028 3601 ἑκάτερος
1064 3502 1122 3578 καὶ
1155 3496 1426 3603 κεχωρισμένως

227 3618 419 3724 ἐργάζεται,
446 3620 643 3727 ἐπιδέξεται
672 3620 709 3700 δέ
737 3623 795 3702 καὶ
822 3621 948 3724 ἑτέρως
973 3621 1016 3702 τὸ
1045 3621 1220 3701 δύνασθαι
1251 3618 1302 3721 μὴ
1333 3621 1427 3725 ἔχειν

228 3749 339 3824 εἰσαεὶ
364 3743 429 3824 τὸν
446 3742 536 3825 Υίδν
560 3747 580 3824 ὁ
605 3744 734 3848 Πατὴρ
759 3747 797 3824 ἐν
818 3745 941 3852 ἐαυτῷ,
961 3747 1020 3824 καὶ
1048 3744 1178 3828 ὁΥὶδς
1205 3744 1334 3842 ὁμοίως
1361 3745 1427 3824 οὑκ

229 3868 281 3944 ἀεὶ
300 3865 364 3946 τὸν
385 3867 529 3971 Πατέρα
548 3866 640 3971 έχων
658 3870 696 3947 έν
715 3870 828 3975 ἐαυτῷ
851 3866 1063 3972 ὀφθήσεται,
1082 3868 1179 3971 ε’ίπερ
1206 3868 1301 3952 ὅλως
1325 3866 1422 3947 ἐνδέ·

231 4023 331 4090 χεται
358 3991 442 4093 περί
466 4025 501 4070 τι
527 3997 600 4071 τῶν
623 3989 737 4070 ὄντων
758 3992 912 4095 ἐνεργεῖν
937 3990 1006 4071 ἀνὰ
1030 3992 1137 4096 μέρος
1162 3997 1219 4072 καὶ
1245 4023 1457 4097 κεχωρισ-3

197 4121 219 4184 b
230 4111 344 4208 μένως
370 4111 546 4216 ἑκάτερον,
575 4114 735 4218 καθάπερ
768 4114 836 4215 ἤδη
863 4116 1090 4219 προείπομεν,
1119 4119 1177 4195 καὶ
1212 4118 1253 4196 ού
1283 4114 1427 4202 πάντως

267 4346 291 4383 2.
310 4329 405 4400 δήπου]
418 4353 469 4386 που
483 4331 516 4387 Β.
633 4351 660 4404 3.
679 4335 720 4387 καὶ
733 4335 778 4388 alt.
790 4343 959 4405 assumptum
972 4352 1003 4388 ex
1019 4335 1051 4389 B.
1173 4352 1213 4402 14.
1232 4335 1305 4406 λέγοι
1319 4336 1425 4391 Β.Ι).Ε.

229 4399 301 4468 λέγει
314 4399 365 4454 Ed.
506 4419 548 4457 22.
567 4403 639 4475 περὶ]
653 4404 718 4474 πέρα
733 4403 765 4460 Β.
908 4406 951 4461 28.
970 4408 1063 4475 ὁμοίως
1075 4409 1089 4461 ό
1103 4407 1156 4462 υίδς
1167 4407 1272 4461 inverso
1285 4406 1378 4463 ordine
1392 4407 1425 4463 B.

231 4485 273 4538 πη.
293 4470 320 4523 ἐν
331 4473 412 4542 ἐαυτῷ
425 4489 477 4525 om.
492 4472 523 4528 B.
