<?xml version="1.0" encoding="UTF-8"?>
<!DOCTYPE html PUBLIC "-//W3C//DTD XHTML 1.0 Transitional//EN"
    "http://www.w3.org/TR/xhtml1/DTD/xhtml1-transitional.dtd">
<html xmlns="http://www.w3.org/1999/xhtml" xml:lang="en" lang="en">
 <head>
  <title>
</title>
<meta http-equiv="Content-Type" content="text/html;charset=utf-8" />
  <meta name='ocr-system' content='tesseract 3.04.00' />
  <meta name='ocr-capabilities' content='ocr_page ocr_carea ocr_par ocr_line ocrx_word'/>
</head>
<body>
  <div class='ocr_page' id='page_1' title='image "./sanctipatrisnos00pusegoog_0139.png"; bbox 0 0 3038 5018; ppageno 0'>
   <div class='ocr_carea' id='block_1_1' title="bbox 236 290 1432 360">
    <p class='ocr_par' dir='ltr' id='par_1_1' title="bbox 236 290 1432 360">
     <span class='ocr_line' id='line_1_1' title="bbox 236 290 1432 360; baseline -0.004 -5"><span class='ocrx_word' id='word_1_1' title='bbox 236 293 299 356; x_wconf 84' lang='lat'>126</span> <span class='ocrx_word' id='word_1_2' title='bbox 426 354 428 359; x_wconf 89' lang='grc'>,</span> <span class='ocrx_word' id='word_1_3' title='bbox 538 295 577 360; x_wconf 91' lang='grc' dir='ltr'>Β.</span> <span class='ocrx_word' id='word_1_4' title='bbox 602 293 814 359; x_wconf 81' lang='lat' dir='ltr'>OYRILLI</span> <span class='ocrx_word' id='word_1_5' title='bbox 844 292 1135 357; x_wconf 83' lang='lat' dir='ltr'><strong>ALEXANDR.</strong></span> <span class='ocrx_word' id='word_1_6' title='bbox 1345 290 1366 351; x_wconf 95' lang='lat' dir='ltr'>i.</span> <span class='ocrx_word' id='word_1_7' title='bbox 1383 308 1432 351; x_wconf 91' lang='lat'>10.</span> 
     </span>
    </p>
   </div>
   <div class='ocr_carea' id='block_1_2' title="bbox 65 453 1434 935">
    <p class='ocr_par' dir='ltr' id='par_1_2' title="bbox 234 453 1433 561">
     <span class='ocr_line' id='line_1_2' title="bbox 234 453 1433 561; baseline 0.003 -26"><span class='ocrx_word' id='word_1_8' title='bbox 234 463 256 503; x_wconf 81' lang='lat'>‘⁴</span> <span class='ocrx_word' id='word_1_9' title='bbox 274 454 333 535; x_wconf 78' lang='grc' dir='ltr'>διὰ</span> <span class='ocrx_word' id='word_1_10' title='bbox 352 461 415 557; x_wconf 75' lang='grc' dir='ltr'>τῆς</span> <span class='ocrx_word' id='word_1_11' title='bbox 434 460 609 560; x_wconf 83' lang='grc' dir='ltr'>ἁμαρτίας</span> <span class='ocrx_word' id='word_1_12' title='bbox 624 461 645 539; x_wconf 86' lang='grc' dir='ltr'>ὁ</span> <span class='ocrx_word' id='word_1_13' title='bbox 659 460 847 543; x_wconf 83' lang='grc' dir='ltr'>θάνατος’”</span> <span class='ocrx_word' id='word_1_14' title='bbox 868 458 956 559; x_wconf 77' lang='grc' dir='ltr'>αὑτὴ</span> <span class='ocrx_word' id='word_1_15' title='bbox 970 465 1160 561; x_wconf 82' lang='grc' dir='ltr'>τοιγαροῦν</span> <span class='ocrx_word' id='word_1_16' title='bbox 1174 459 1255 537; x_wconf 85' lang='grc' dir='ltr'>καθ’</span> <span class='ocrx_word' id='word_1_17' title='bbox 1272 458 1397 554; x_wconf 75' lang='grc' dir='ltr'>ἑαυτῆς</span> <span class='ocrx_word' id='word_1_18' title='bbox 1411 453 1433 552; x_wconf 83' lang='grc' dir='ltr'><em>ἦ</em></span> 
     </span>
    </p>

    <p class='ocr_par' dir='ltr' id='par_1_3' title="bbox 234 580 1434 689">
     <span class='ocr_line' id='line_1_3' title="bbox 234 580 1434 689; baseline 0.002 -31"><span class='ocrx_word' id='word_1_19' title='bbox 234 581 390 683; x_wconf 87' lang='grc' dir='ltr'>ἁμαρτία</span> <span class='ocrx_word' id='word_1_20' title='bbox 409 580 539 662; x_wconf 80' lang='grc' dir='ltr'>λοιπόν</span> <span class='ocrx_word' id='word_1_21' title='bbox 556 581 797 689; x_wconf 82' lang='grc' dir='ltr'>ἐξοπλίζουσα</span> <span class='ocrx_word' id='word_1_22' title='bbox 821 582 994 688; x_wconf 89' lang='grc' dir='ltr'>φαίνεται,</span> <span class='ocrx_word' id='word_1_23' title='bbox 1014 580 1157 662; x_wconf 80' lang='grc' dir='ltr'>λύουσα</span> <span class='ocrx_word' id='word_1_24' title='bbox 1180 588 1253 663; x_wconf 88' lang='grc' dir='ltr'>τοῖς</span> <span class='ocrx_word' id='word_1_25' title='bbox 1272 580 1434 680; x_wconf 74' lang='grc' dir='ltr'>ὑστέροις</span> 
     </span>
    </p>

    <p class='ocr_par' dir='ltr' id='par_1_4' title="bbox 65 701 1432 935">
     <span class='ocr_line' id='line_1_4' title="bbox 235 701 1432 812; baseline -0.001 -31"><span class='ocrx_word' id='word_1_26' title='bbox 235 701 282 782; x_wconf 87' lang='grc' dir='ltr'>τά</span> <span class='ocrx_word' id='word_1_27' title='bbox 303 706 340 783; x_wconf 93' lang='grc' dir='ltr'>ε’ν</span> <span class='ocrx_word' id='word_1_28' title='bbox 358 707 464 810; x_wconf 78' lang='grc' dir='ltr'>ἀρχῇ,</span> <span class='ocrx_word' id='word_1_29' title='bbox 483 709 540 786; x_wconf 77' lang='grc' dir='ltr'>καὶ</span> <span class='ocrx_word' id='word_1_30' title='bbox 560 708 580 786; x_wconf 87' lang='grc' dir='ltr'><strong>ὁ</strong></span> <span class='ocrx_word' id='word_1_31' title='bbox 599 714 760 789; x_wconf 84' lang='grc' dir='ltr'>σατανᾶς</span> <span class='ocrx_word' id='word_1_32' title='bbox 783 705 839 812; x_wconf 85' lang='grc' dir='ltr'>ἐφ’</span> <span class='ocrx_word' id='word_1_33' title='bbox 860 706 974 811; x_wconf 78' lang='grc' dir='ltr'>ἑαυτῷ</span> <span class='ocrx_word' id='word_1_34' title='bbox 998 705 1206 806; x_wconf 71' lang='grc' dir='ltr'>μεμερισται</span> <span class='ocrx_word' id='word_1_35' title='bbox 1234 702 1293 782; x_wconf 83' lang='grc' dir='ltr'>διὰ</span> <span class='ocrx_word' id='word_1_36' title='bbox 1316 711 1432 781; x_wconf 83' lang='grc' dir='ltr'>τοῦτο·</span> 
     </span>
     <span class='ocr_line' id='line_1_5' title="bbox 65 817 259 874; baseline -0.01 -5"><span class='ocrx_word' id='word_1_37' title='bbox 65 820 92 869; x_wconf 82' lang='lat' dir='ltr'>S.</span> <span class='ocrx_word' id='word_1_38' title='bbox 106 817 168 867; x_wconf 72' lang='lat' dir='ltr'>Luc.</span> <span class='ocrx_word' id='word_1_39' title='bbox 237 837 259 874; x_wconf 74' lang='grc' dir='ltr'>ις</span> 
     </span>
     <span class='ocr_line' id='line_1_6' title="bbox 67 885 155 935; baseline -0.034 0"><span class='ocrx_word' id='word_1_40' title='bbox 67 886 101 935; x_wconf 86' lang='lat' dir='ltr'>xi.</span> <span class='ocrx_word' id='word_1_41' title='bbox 117 885 155 933; x_wconf 89' lang='lat'>18.</span> 
     </span>
    </p>
   </div>
   <div class='ocr_carea' id='block_1_3' title="bbox 64 946 1488 1799">
    <p class='ocr_par' dir='ltr' id='par_1_5' title="bbox 64 946 1488 1799">
     <span class='ocr_line' id='line_1_7' title="bbox 68 946 1465 1058; baseline 0.003 -29"><span class='ocrx_word' id='word_1_42' title='bbox 68 968 112 1024; x_wconf 80' lang='grc'>86</span> <span class='ocrx_word' id='word_1_43' title='bbox 124 964 164 1020; x_wconf 78' lang='lat' dir='ltr'>A·</span> <span class='ocrx_word' id='word_1_44' title='bbox 205 978 224 1017; x_wconf 75' lang='lat'>⁸</span> <span class='ocrx_word' id='word_1_45' title='bbox 237 954 403 1055; x_wconf 72' lang='grc' dir='ltr'>Σωτῆρος</span> <span class='ocrx_word' id='word_1_46' title='bbox 422 946 570 1058; x_wconf 85' lang='grc' dir='ltr'>φωνήν;</span> <span class='ocrx_word' id='word_1_47' title='bbox 599 952 700 1032; x_wconf 85' lang='grc' dir='ltr'>ἀλλά</span> <span class='ocrx_word' id='word_1_48' title='bbox 717 952 788 1052; x_wconf 79' lang='grc' dir='ltr'>μὴν</span> <span class='ocrx_word' id='word_1_49' title='bbox 807 952 849 1031; x_wconf 87' lang='grc' dir='ltr'>τὸ</span> <span class='ocrx_word' id='word_1_50' title='bbox 867 953 959 1031; x_wconf 83' lang='grc' dir='ltr'>οὕτω</span> <span class='ocrx_word' id='word_1_51' title='bbox 979 959 1070 1031; x_wconf 86' lang='grc' dir='ltr'>νοεῖν</span> <span class='ocrx_word' id='word_1_52' title='bbox 1088 951 1271 1030; x_wconf 90' lang='grc' dir='ltr'>ἀπίθανον·</span> <span class='ocrx_word' id='word_1_53' title='bbox 1301 947 1465 1047; x_wconf 80' lang='grc' dir='ltr'>ἀληθὲς5</span> 
     </span>
     <span class='ocr_line' id='line_1_8' title="bbox 235 1073 632 1177; baseline 0.005 -25"><span class='ocrx_word' id='word_1_54' title='bbox 235 1074 299 1152; x_wconf 79' lang='grc' dir='ltr'>οὖν</span> <span class='ocrx_word' id='word_1_55' title='bbox 316 1073 386 1177; x_wconf 84' lang='grc' dir='ltr'>ἀρα</span> <span class='ocrx_word' id='word_1_56' title='bbox 402 1073 444 1154; x_wconf 85' lang='grc' dir='ltr'>τὸ</span> <span class='ocrx_word' id='word_1_57' title='bbox 463 1077 632 1156; x_wconf 92' lang='grc' dir='ltr'>ε’ναντίον.</span> 
     </span>
     <span class='ocr_line' id='line_1_9' title="bbox 291 1197 1433 1307; baseline 0.001 -33"><span class='ocrx_word' id='word_1_58' title='bbox 291 1199 347 1275; x_wconf 89' lang='grc' dir='ltr'>κδ.</span> <span class='ocrx_word' id='word_1_59' title='bbox 380 1230 481 1277; x_wconf 75' lang='grc' dir='ltr'>ΑΛΛο.</span> <span class='ocrx_word' id='word_1_60' title='bbox 507 1197 660 1280; x_wconf 84' lang='grc' dir='ltr'>Ἔκτισε</span> <span class='ocrx_word' id='word_1_61' title='bbox 694 1197 787 1284; x_wconf 82' lang='grc' dir='ltr'>θεός</span> <span class='ocrx_word' id='word_1_62' title='bbox 820 1203 857 1279; x_wconf 78' lang='grc' dir='ltr'>ἐν</span> <span class='ocrx_word' id='word_1_63' title='bbox 890 1202 1081 1307; x_wconf 78' lang='grc' dir='ltr'>ἀφθαρσίᾳ</span> <span class='ocrx_word' id='word_1_64' title='bbox 1115 1198 1162 1277; x_wconf 85' lang='grc' dir='ltr'>τά</span> <span class='ocrx_word' id='word_1_65' title='bbox 1198 1197 1329 1277; x_wconf 89' lang='grc' dir='ltr'>πάντα·</span> <span class='ocrx_word' id='word_1_66' title='bbox 1375 1199 1433 1275; x_wconf 78' lang='grc' dir='ltr'>καὶ</span> 
     </span>
     <span class='ocr_line' id='line_1_10' title="bbox 64 1309 1434 1438; baseline -0.001 -38"><span class='ocrx_word' id='word_1_67' title='bbox 64 1309 189 1438; x_wconf 52' lang='grc' dir='ltr'>ῗζδῃιζῇ</span> <span class='ocrx_word' id='word_1_68' title='bbox 235 1329 257 1366; x_wconf 85' lang='grc'><strong>“</strong></span> <span class='ocrx_word' id='word_1_69' title='bbox 274 1317 430 1401; x_wconf 91' lang='grc' dir='ltr'>θάνατον</span> <span class='ocrx_word' id='word_1_70' title='bbox 457 1323 522 1421; x_wconf 73' lang='grc' dir='ltr'>μὲν</span> <span class='ocrx_word' id='word_1_71' title='bbox 549 1325 613 1403; x_wconf 83' lang='grc' dir='ltr'>οὐκ</span> <span class='ocrx_word' id='word_1_72' title='bbox 640 1324 829 1423; x_wconf 83' lang='grc' dir='ltr'>ε’ποίησεν”</span> <span class='ocrx_word' id='word_1_73' title='bbox 859 1322 975 1421; x_wconf 81' lang='grc' dir='ltr'>αὐτὸς,</span> <span class='ocrx_word' id='word_1_74' title='bbox 1005 1335 1026 1370; x_wconf 89' lang='lat'><strong>“</strong></span> <span class='ocrx_word' id='word_1_75' title='bbox 1040 1320 1164 1430; x_wconf 78' lang='grc' dir='ltr'>φθόνῳ</span> <span class='ocrx_word' id='word_1_76' title='bbox 1193 1321 1231 1400; x_wconf 78' lang='grc' dir='ltr'>δὲ</span> <span class='ocrx_word' id='word_1_77' title='bbox 1260 1319 1434 1415; x_wconf 82' lang='grc' dir='ltr'>διαβόλου</span> 
     </span>
     <span class='ocr_line' id='line_1_11' title="bbox 234 1443 1435 1546; baseline 0 -24"><span class='ocrx_word' id='word_1_78' title='bbox 234 1453 257 1490; x_wconf 86' lang='grc'><strong>“</strong></span> <span class='ocrx_word' id='word_1_79' title='bbox 274 1443 428 1529; x_wconf 82' lang='grc' dir='ltr'>θάνατος</span> <span class='ocrx_word' id='word_1_80' title='bbox 464 1451 632 1546; x_wconf 80' lang='grc' dir='ltr'>εἰσῆλθεν</span> <span class='ocrx_word' id='word_1_81' title='bbox 665 1453 714 1532; x_wconf 85' lang='grc' dir='ltr'>είς</span> <span class='ocrx_word' id='word_1_82' title='bbox 750 1445 814 1527; x_wconf 83' lang='grc' dir='ltr'>τὸν</span> <span class='ocrx_word' id='word_1_83' title='bbox 852 1446 1026 1544; x_wconf 86' lang='grc' dir='ltr'>κόσμον.”</span> <span class='ocrx_word' id='word_1_84' title='bbox 1079 1449 1163 1525; x_wconf 89' lang='grc' dir='ltr'>ἀλλ’</span> <span class='ocrx_word' id='word_1_85' title='bbox 1199 1445 1296 1546; x_wconf 82' lang='grc' dir='ltr'>εἴπερ</span> <span class='ocrx_word' id='word_1_86' title='bbox 1334 1448 1435 1523; x_wconf 84' lang='grc' dir='ltr'>ἐστὶν</span> 
     </span>
     <span class='ocr_line' id='line_1_12' title="bbox 233 1566 1488 1677; baseline -0.005 -31"><span class='ocrx_word' id='word_1_87' title='bbox 233 1566 375 1666; x_wconf 71' lang='grc' dir='ltr'>ἀληθὲς,</span> <span class='ocrx_word' id='word_1_88' title='bbox 410 1573 458 1655; x_wconf 86' lang='grc' dir='ltr'>ὡς</span> <span class='ocrx_word' id='word_1_89' title='bbox 490 1572 528 1648; x_wconf 82' lang='grc' dir='ltr'>ἐν</span> <span class='ocrx_word' id='word_1_90' title='bbox 559 1569 660 1677; x_wconf 80' lang='grc' dir='ltr'>τάξει</span> <span class='ocrx_word' id='word_1_91' title='bbox 691 1572 861 1674; x_wconf 72' lang='grc' dir='ltr'>τιμωρίας</span> <span class='ocrx_word' id='word_1_92' title='bbox 894 1570 1032 1650; x_wconf 80' lang='grc' dir='ltr'>δίδοται</span> <span class='ocrx_word' id='word_1_93' title='bbox 1064 1568 1106 1649; x_wconf 79' lang='grc' dir='ltr'>τὸ</span> <span class='ocrx_word' id='word_1_94' title='bbox 1139 1575 1249 1668; x_wconf 83' lang='grc' dir='ltr'>σῶμα</span> <span class='ocrx_word' id='word_1_95' title='bbox 1286 1574 1332 1672; x_wconf 78' lang='grc' dir='ltr'>τῇ</span> <span class='ocrx_word' id='word_1_96' title='bbox 1368 1576 1433 1647; x_wconf 84' lang='grc' dir='ltr'>τοῦ</span> <span class='ocrx_word' id='word_1_97' title='bbox 1450 1602 1488 1641; x_wconf 86' lang='grc' dir='ltr'>ιο</span> 
     </span>
     <span class='ocr_line' id='line_1_13' title="bbox 233 1691 1434 1799; baseline 0.002 -31"><span class='ocrx_word' id='word_1_98' title='bbox 233 1692 423 1792; x_wconf 85' lang='grc' dir='ltr'>ἀνθρώπου</span> <span class='ocrx_word' id='word_1_99' title='bbox 444 1699 559 1799; x_wconf 78' lang='grc' dir='ltr'>ψυχῇ,</span> <span class='ocrx_word' id='word_1_100' title='bbox 579 1695 637 1773; x_wconf 81' lang='grc' dir='ltr'>διὰ</span> <span class='ocrx_word' id='word_1_101' title='bbox 655 1697 761 1775; x_wconf 87' lang='grc' dir='ltr'>ποίαν</span> <span class='ocrx_word' id='word_1_102' title='bbox 780 1693 906 1791; x_wconf 78' lang='grc' dir='ltr'>αἰτίαν,</span> <span class='ocrx_word' id='word_1_103' title='bbox 925 1691 954 1772; x_wconf 79' lang='grc' dir='ltr'><em>ὦ</em></span> <span class='ocrx_word' id='word_1_104' title='bbox 973 1694 1080 1792; x_wconf 70' lang='grc' dir='ltr'>οὗτοι,</span> <span class='ocrx_word' id='word_1_105' title='bbox 1095 1693 1159 1773; x_wconf 89' lang='grc' dir='ltr'>τδν</span> <span class='ocrx_word' id='word_1_106' title='bbox 1177 1700 1241 1772; x_wconf 81' lang='grc' dir='ltr'>τοῦ</span> <span class='ocrx_word' id='word_1_107' title='bbox 1259 1692 1434 1785; x_wconf 80' lang='grc' dir='ltr'>διαβόλου</span> 
     </span>
    </p>
   </div>
   <div class='ocr_carea' id='block_1_4' title="bbox 278 825 1433 929">
    <p class='ocr_par' dir='ltr' id='par_1_6' title="bbox 278 825 1433 929">
     <span class='ocr_line' id='line_1_14' title="bbox 278 825 1433 929; baseline -0.002 -23"><span class='ocrx_word' id='word_1_108' title='bbox 278 833 364 911; x_wconf 83' lang='grc' dir='ltr'>Πῶς</span> <span class='ocrx_word' id='word_1_109' title='bbox 392 829 454 908; x_wconf 78' lang='grc' dir='ltr'>οὖν</span> <span class='ocrx_word' id='word_1_110' title='bbox 481 829 704 929; x_wconf 87' lang='grc' dir='ltr'>σταθήσεται</span> <span class='ocrx_word' id='word_1_111' title='bbox 737 831 757 928; x_wconf 81' lang='grc' dir='ltr'><strong><em>ἡ</em></strong></span> <span class='ocrx_word' id='word_1_112' title='bbox 788 829 961 924; x_wconf 87' lang='grc' dir='ltr'>βασιλεία</span> <span class='ocrx_word' id='word_1_113' title='bbox 990 829 1128 923; x_wconf 80' lang='grc' dir='ltr'>αὖτοῦ,”</span> <span class='ocrx_word' id='word_1_114' title='bbox 1158 825 1250 907; x_wconf 81' lang='grc' dir='ltr'>κατὰ</span> <span class='ocrx_word' id='word_1_115' title='bbox 1277 826 1342 923; x_wconf 77' lang='grc' dir='ltr'>τὴν</span> <span class='ocrx_word' id='word_1_116' title='bbox 1370 834 1433 904; x_wconf 86' lang='grc' dir='ltr'>τοῦ</span> 
     </span>
    </p>
   </div>
   <div class='ocr_carea' id='block_1_5' title="bbox 176 1814 1489 2780">
    <p class='ocr_par' dir='ltr' id='par_1_7' title="bbox 235 1814 1433 1921">
     <span class='ocr_line' id='line_1_15' title="bbox 235 1814 1433 1921; baseline 0.001 -28"><span class='ocrx_word' id='word_1_117' title='bbox 235 1814 372 1920; x_wconf 90' lang='grc' dir='ltr'>φθόνον</span> <span class='ocrx_word' id='word_1_118' title='bbox 390 1815 635 1917; x_wconf 81' lang='grc' dir='ltr'>αἰτιασόμεθα,</span> <span class='ocrx_word' id='word_1_119' title='bbox 654 1815 695 1897; x_wconf 80' lang='grc' dir='ltr'>τό</span> <span class='ocrx_word' id='word_1_120' title='bbox 714 1820 824 1921; x_wconf 75' lang='grc' dir='ltr'>πέρας</span> <span class='ocrx_word' id='word_1_121' title='bbox 842 1819 926 1918; x_wconf 81' lang='grc' dir='ltr'>ἡμῖν</span> <span class='ocrx_word' id='word_1_122' title='bbox 941 1824 1016 1896; x_wconf 82' lang='grc' dir='ltr'>τῶν</span> <span class='ocrx_word' id='word_1_123' title='bbox 1035 1821 1190 1919; x_wconf 80' lang='grc' dir='ltr'>ἀνιαρῶν</span> <span class='ocrx_word' id='word_1_124' title='bbox 1208 1815 1433 1921; x_wconf 67' lang='grc' dir='ltr'>εἰσφέροντα</span> 
     </span>
    </p>

    <p class='ocr_par' dir='ltr' id='par_1_8' title="bbox 176 1935 1489 2780">
     <span class='ocr_line' id='line_1_16' title="bbox 176 1935 1435 2045; baseline 0.004 -29"><span class='ocrx_word' id='word_1_125' title='bbox 176 1941 294 2016; x_wconf 73' lang='grc' dir='ltr'>.Ῑ)καὶ</span> <span class='ocrx_word' id='word_1_126' title='bbox 316 1936 359 2018; x_wconf 84' lang='grc' dir='ltr'>τὸ</span> <span class='ocrx_word' id='word_1_127' title='bbox 385 1935 538 2043; x_wconf 77' lang='grc' dir='ltr'>κολάζον</span> <span class='ocrx_word' id='word_1_128' title='bbox 559 1942 652 2040; x_wconf 81' lang='grc' dir='ltr'>ἡμᾶς</span> <span class='ocrx_word' id='word_1_129' title='bbox 676 1942 895 2045; x_wconf 80' lang='grc' dir='ltr'>ἀφανίζοντα</span> <span class='ocrx_word' id='word_1_130' title='bbox 920 1948 1051 2041; x_wconf 85' lang='grc' dir='ltr'>σῶμα;</span> <span class='ocrx_word' id='word_1_131' title='bbox 1085 1944 1143 2022; x_wconf 78' lang='grc' dir='ltr'>ἐπὶ</span> <span class='ocrx_word' id='word_1_132' title='bbox 1169 1942 1246 2020; x_wconf 90' lang='grc' dir='ltr'>τίσι</span> <span class='ocrx_word' id='word_1_133' title='bbox 1273 1938 1311 2018; x_wconf 78' lang='grc' dir='ltr'>δὲ</span> <span class='ocrx_word' id='word_1_134' title='bbox 1339 1938 1435 2021; x_wconf 85' lang='grc' dir='ltr'>ὅλως</span> 
     </span>
     <span class='ocr_line' id='line_1_17' title="bbox 233 2059 1435 2171; baseline 0 -32"><span class='ocrx_word' id='word_1_135' title='bbox 233 2059 530 2171; x_wconf 85' lang='grc' dir='ltr'>ἀναθήσομεντῴ</span> <span class='ocrx_word' id='word_1_136' title='bbox 549 2068 690 2167; x_wconf 76' lang='grc' dir='ltr'>Σωτῆρι</span> <span class='ocrx_word' id='word_1_137' title='bbox 708 2064 755 2144; x_wconf 84' lang='grc' dir='ltr'>τά</span> <span class='ocrx_word' id='word_1_138' title='bbox 772 2065 1000 2169; x_wconf 81' lang='grc' dir='ltr'>χαριστήρια,</span> <span class='ocrx_word' id='word_1_139' title='bbox 1011 2068 1304 2167; x_wconf 82' lang='grc' dir='ltr'>προσδεσμοῦντι</span> <span class='ocrx_word' id='word_1_140' title='bbox 1322 2060 1435 2141; x_wconf 84' lang='grc' dir='ltr'>πάλιν</span> 
     </span>
     <span class='ocr_line' id='line_1_18' title="bbox 232 2184 1489 2291; baseline 0.007 -30"><span class='ocrx_word' id='word_1_141' title='bbox 232 2184 325 2283; x_wconf 83' lang='grc' dir='ltr'>ἡμᾶς</span> <span class='ocrx_word' id='word_1_142' title='bbox 355 2193 399 2288; x_wconf 79' lang='grc' dir='ltr'>τῇ</span> <span class='ocrx_word' id='word_1_143' title='bbox 432 2190 542 2291; x_wconf 83' lang='grc' dir='ltr'>σαρκὶ</span> <span class='ocrx_word' id='word_1_144' title='bbox 572 2186 630 2267; x_wconf 78' lang='grc' dir='ltr'>διὰ</span> <span class='ocrx_word' id='word_1_145' title='bbox 659 2194 724 2288; x_wconf 79' lang='grc' dir='ltr'>τῆς</span> <span class='ocrx_word' id='word_1_146' title='bbox 753 2188 1015 2285; x_wconf 72' lang='grc' dir='ltr'>ἀναστάσεως,</span> <span class='ocrx_word' id='word_1_147' title='bbox 1056 2187 1158 2267; x_wconf 86' lang='grc' dir='ltr'>ἀλλά</span> <span class='ocrx_word' id='word_1_148' title='bbox 1186 2186 1258 2287; x_wconf 79' lang='grc' dir='ltr'>μὴν</span> <span class='ocrx_word' id='word_1_149' title='bbox 1288 2188 1429 2289; x_wconf 83' lang='grc' dir='ltr'>εὐχαρι·</span> <span class='ocrx_word' id='word_1_150' title='bbox 1451 2211 1489 2270; x_wconf 88' lang='lat'>¹5</span> 
     </span>
     <span class='ocr_line' id='line_1_19' title="bbox 232 2307 1431 2415; baseline 0.004 -29"><span class='ocrx_word' id='word_1_151' title='bbox 232 2317 401 2407; x_wconf 87' lang='grc' dir='ltr'>στοῦμεν,</span> <span class='ocrx_word' id='word_1_152' title='bbox 422 2313 480 2390; x_wconf 81' lang='grc' dir='ltr'>καὶ</span> <span class='ocrx_word' id='word_1_153' title='bbox 506 2311 688 2410; x_wconf 83' lang='grc' dir='ltr'>λελύπηκε</span> <span class='ocrx_word' id='word_1_154' title='bbox 715 2311 780 2411; x_wconf 84' lang='grc' dir='ltr'>τὴν</span> <span class='ocrx_word' id='word_1_155' title='bbox 804 2313 919 2415; x_wconf 83' lang='grc' dir='ltr'>φύσιν</span> <span class='ocrx_word' id='word_1_156' title='bbox 942 2314 962 2392; x_wconf 84' lang='grc' dir='ltr'><strong>ὁ</strong></span> <span class='ocrx_word' id='word_1_157' title='bbox 987 2321 1052 2392; x_wconf 83' lang='grc' dir='ltr'>τοῦ</span> <span class='ocrx_word' id='word_1_158' title='bbox 1080 2310 1254 2405; x_wconf 82' lang='grc' dir='ltr'>διαβόλου</span> <span class='ocrx_word' id='word_1_159' title='bbox 1282 2307 1431 2414; x_wconf 91' lang='grc' dir='ltr'>φθόνος,</span> 
     </span>
     <span class='ocr_line' id='line_1_20' title="bbox 232 2431 1433 2540; baseline -0.001 -30"><span class='ocrx_word' id='word_1_160' title='bbox 232 2431 462 2536; x_wconf 82' lang='grc' dir='ltr'>τροξενήσας</span> <span class='ocrx_word' id='word_1_161' title='bbox 497 2439 572 2516; x_wconf 85' lang='grc' dir='ltr'>τοῖς</span> <span class='ocrx_word' id='word_1_162' title='bbox 610 2434 760 2532; x_wconf 83' lang='grc' dir='ltr'>σώμασι</span> <span class='ocrx_word' id='word_1_163' title='bbox 795 2433 861 2535; x_wconf 81' lang='grc' dir='ltr'>τὴν</span> <span class='ocrx_word' id='word_1_164' title='bbox 899 2433 1053 2540; x_wconf 81' lang='grc' dir='ltr'>φθοράν.</span> <span class='ocrx_word' id='word_1_165' title='bbox 1112 2436 1154 2513; x_wconf 81' lang='grc' dir='ltr'>οὐ</span> <span class='ocrx_word' id='word_1_166' title='bbox 1190 2433 1322 2535; x_wconf 88' lang='grc' dir='ltr'>τρόπος</span> <span class='ocrx_word' id='word_1_167' title='bbox 1362 2431 1433 2534; x_wconf 84' lang='grc' dir='ltr'>ἀρα</span> 
     </span>
     <span class='ocr_line' id='line_1_21' title="bbox 233 2555 1433 2669; baseline 0.003 -36"><span class='ocrx_word' id='word_1_168' title='bbox 233 2556 402 2657; x_wconf 88' lang='grc' dir='ltr'>τιμωρίας</span> <span class='ocrx_word' id='word_1_169' title='bbox 425 2555 465 2636; x_wconf 86' lang='grc' dir='ltr'>τὸ</span> <span class='ocrx_word' id='word_1_170' title='bbox 490 2555 600 2659; x_wconf 85' lang='grc' dir='ltr'>σῶμά</span> <span class='ocrx_word' id='word_1_171' title='bbox 625 2560 735 2657; x_wconf 88' lang='grc' dir='ltr'>ε’στιν,</span> <span class='ocrx_word' id='word_1_172' title='bbox 754 2559 837 2641; x_wconf 87' lang='grc' dir='ltr'>ἀλλ’</span> <span class='ocrx_word' id='word_1_173' title='bbox 858 2557 939 2639; x_wconf 78' lang='grc' dir='ltr'>οὐδὲ</span> <span class='ocrx_word' id='word_1_174' title='bbox 964 2560 1115 2669; x_wconf 84' lang='grc' dir='ltr'>ἀρχαίας</span> <span class='ocrx_word' id='word_1_175' title='bbox 1139 2559 1240 2661; x_wconf 78' lang='grc' dir='ltr'>ἡμῶν</span> <span class='ocrx_word' id='word_1_176' title='bbox 1259 2558 1433 2656; x_wconf 84' lang='grc' dir='ltr'>ἁμαρτίας</span> 
     </span>
     <span class='ocr_line' id='line_1_22' title="bbox 233 2676 406 2780; baseline 0.023 -26"><span class='ocrx_word' id='word_1_177' title='bbox 233 2676 406 2780; x_wconf 80' lang='grc' dir='ltr'>ἀφώνων.</span> 
     </span>
    </p>
   </div>
   <div class='ocr_carea' id='block_1_6' title="bbox 529 2899 1491 2977">
    <p class='ocr_par' dir='ltr' id='par_1_9' title="bbox 529 2899 1491 2977">
     <span class='ocr_line' id='line_1_23' title="bbox 529 2899 1491 2977; baseline 0.005 -14"><span class='ocrx_word' id='word_1_178' title='bbox 529 2899 587 2966; x_wconf 79' lang='grc' dir='ltr'>Καὶ</span> <span class='ocrx_word' id='word_1_179' title='bbox 612 2902 631 2968; x_wconf 89' lang='grc' dir='ltr'>ὁ</span> <span class='ocrx_word' id='word_1_180' title='bbox 660 2901 778 2977; x_wconf 74' lang='grc' dir='ltr'>κόσμος</span> <span class='ocrx_word' id='word_1_181' title='bbox 806 2900 843 2966; x_wconf 76' lang='grc' dir='ltr'>δι’</span> <span class='ocrx_word' id='word_1_182' title='bbox 874 2901 973 2967; x_wconf 86' lang='grc' dir='ltr'>αὐτοῦ</span> <span class='ocrx_word' id='word_1_183' title='bbox 1001 2901 1140 2977; x_wconf 77' lang='grc' dir='ltr'>ὲτὲνετο.</span> <span class='ocrx_word' id='word_1_184' title='bbox 1450 2913 1491 2952; x_wconf 85' lang='lat'>²0</span> 
     </span>
    </p>
   </div>
   <div class='ocr_carea' id='block_1_7' title="bbox 204 3101 1433 3329">
    <p class='ocr_par' dir='ltr' id='par_1_10' title="bbox 204 3101 1433 3329">
     <span class='ocr_line' id='line_1_24' title="bbox 204 3101 1433 3210; baseline 0.001 -27"><span class='ocrx_word' id='word_1_185' title='bbox 204 3127 222 3169; x_wconf 82' lang='lat'>⁰</span> <span class='ocrx_word' id='word_1_186' title='bbox 291 3101 364 3183; x_wconf 87' lang='grc' dir='ltr'>Διά</span> <span class='ocrx_word' id='word_1_187' title='bbox 392 3112 455 3183; x_wconf 83' lang='grc' dir='ltr'>τοῦ</span> <span class='ocrx_word' id='word_1_188' title='bbox 481 3102 602 3210; x_wconf 87' lang='grc' dir='ltr'>φωτδς</span> <span class='ocrx_word' id='word_1_189' title='bbox 627 3113 690 3185; x_wconf 86' lang='grc' dir='ltr'>τοῦ</span> <span class='ocrx_word' id='word_1_190' title='bbox 715 3109 901 3204; x_wconf 82' lang='grc' dir='ltr'>ἀληθινοῦ,</span> <span class='ocrx_word' id='word_1_191' title='bbox 922 3104 1085 3185; x_wconf 75' lang='grc' dir='ltr'>τουτέστι</span> <span class='ocrx_word' id='word_1_192' title='bbox 1111 3113 1175 3185; x_wconf 83' lang='grc' dir='ltr'>τοῦ</span> <span class='ocrx_word' id='word_1_193' title='bbox 1200 3109 1433 3204; x_wconf 81' lang='grc' dir='ltr'>Μουογενοῦς</span> 
     </span>
     <span class='ocr_line' id='line_1_25' title="bbox 233 3226 1432 3329; baseline -0.003 -22"><span class='ocrx_word' id='word_1_194' title='bbox 233 3231 453 3325; x_wconf 83' lang='grc' dir='ltr'>πεποιῆσθαι</span> <span class='ocrx_word' id='word_1_195' title='bbox 479 3226 544 3306; x_wconf 82' lang='grc' dir='ltr'>τὸν</span> <span class='ocrx_word' id='word_1_196' title='bbox 571 3227 723 3326; x_wconf 92' lang='grc' dir='ltr'>κόσμον,</span> <span class='ocrx_word' id='word_1_197' title='bbox 754 3227 954 3329; x_wconf 82' lang='grc' dir='ltr'>ἀναγκαίως</span> <span class='ocrx_word' id='word_1_198' title='bbox 987 3231 1024 3306; x_wconf 83' lang='grc' dir='ltr'>ἐν</span> <span class='ocrx_word' id='word_1_199' title='bbox 1051 3227 1189 3311; x_wconf 80' lang='grc' dir='ltr'>τούτοις</span> <span class='ocrx_word' id='word_1_200' title='bbox 1220 3229 1239 3305; x_wconf 90' lang='grc' dir='ltr'>ό</span> <span class='ocrx_word' id='word_1_201' title='bbox 1269 3228 1432 3327; x_wconf 82' lang='grc' dir='ltr'>Εὖαγγε-</span> 
     </span>
    </p>
   </div>
   <div class='ocr_carea' id='block_1_8' title="bbox 235 3347 1434 3453">
    <p class='ocr_par' dir='ltr' id='par_1_11' title="bbox 235 3347 1434 3453">
     <span class='ocr_line' id='line_1_26' title="bbox 235 3347 1434 3453; baseline 0 -26"><span class='ocrx_word' id='word_1_202' title='bbox 235 3349 365 3449; x_wconf 77' lang='grc' dir='ltr'>λιστὴς</span> <span class='ocrx_word' id='word_1_203' title='bbox 383 3351 663 3449; x_wconf 82' lang='grc' dir='ltr'>ἐπισημαίνεται.</span> <span class='ocrx_word' id='word_1_204' title='bbox 703 3357 733 3430; x_wconf 83' lang='grc' dir='ltr'>εί</span> <span class='ocrx_word' id='word_1_205' title='bbox 758 3350 829 3453; x_wconf 86' lang='grc' dir='ltr'>γάρ</span> <span class='ocrx_word' id='word_1_206' title='bbox 850 3353 908 3430; x_wconf 79' lang='grc' dir='ltr'>καὶ</span> <span class='ocrx_word' id='word_1_207' title='bbox 927 3349 981 3431; x_wconf 85' lang='grc' dir='ltr'>’ότι</span> <span class='ocrx_word' id='word_1_208' title='bbox 1000 3349 1164 3450; x_wconf 87' lang='grc' dir='ltr'>μάλιστα</span> <span class='ocrx_word' id='word_1_209' title='bbox 1183 3350 1306 3452; x_wconf 82' lang='grc' dir='ltr'>Λόγου</span> <span class='ocrx_word' id='word_1_210' title='bbox 1325 3347 1434 3428; x_wconf 80' lang='grc' dir='ltr'>αὐτὸν</span> 
     </span>
    </p>
   </div>
   <div class='ocr_carea' id='block_1_9' title="bbox 66 3459 1490 4193">
    <p class='ocr_par' dir='ltr' id='par_1_12' title="bbox 66 3459 1490 4193">
     <span class='ocr_line' id='line_1_27' title="bbox 66 3459 1432 3589; baseline -0.002 -36"><span class='ocrx_word' id='word_1_211' title='bbox 66 3459 187 3589; x_wconf 40' lang='grc' dir='ltr'>ἔῃ,</span> <span class='ocrx_word' id='word_1_212' title='bbox 234 3473 466 3556; x_wconf 73' lang='grc' dir='ltr'>ἀποκυλίσας</span> <span class='ocrx_word' id='word_1_213' title='bbox 491 3471 583 3553; x_wconf 80' lang='grc' dir='ltr'>κατὰ</span> <span class='ocrx_word' id='word_1_214' title='bbox 607 3471 673 3573; x_wconf 76' lang='grc' dir='ltr'>τὴν</span> <span class='ocrx_word' id='word_1_215' title='bbox 690 3473 819 3578; x_wconf 79' lang='grc' dir='ltr'>ἀρχὴν,</span> <span class='ocrx_word' id='word_1_216' title='bbox 840 3472 959 3555; x_wconf 86' lang='grc' dir='ltr'>πάντα</span> <span class='ocrx_word' id='word_1_217' title='bbox 979 3477 1021 3554; x_wconf 85' lang='grc' dir='ltr'>δι’</span> <span class='ocrx_word' id='word_1_218' title='bbox 1042 3476 1150 3554; x_wconf 82' lang='grc' dir='ltr'>αὐτοῦ</span> <span class='ocrx_word' id='word_1_219' title='bbox 1169 3472 1351 3575; x_wconf 77' lang='grc' dir='ltr'>γενέσθαι,</span> <span class='ocrx_word' id='word_1_220' title='bbox 1373 3475 1432 3551; x_wconf 73' lang='grc' dir='ltr'>καὶ</span> 
     </span>
     <span class='ocr_line' id='line_1_28' title="bbox 233 3594 1490 3702; baseline 0 -27"><span class='ocrx_word' id='word_1_221' title='bbox 233 3600 343 3701; x_wconf 80' lang='grc' dir='ltr'>χωρὶς</span> <span class='ocrx_word' id='word_1_222' title='bbox 371 3597 479 3675; x_wconf 83' lang='grc' dir='ltr'>αὑτοῦ</span> <span class='ocrx_word' id='word_1_223' title='bbox 506 3601 689 3702; x_wconf 77' lang='grc' dir='ltr'>παρῆχθαι</span> <span class='ocrx_word' id='word_1_224' title='bbox 716 3597 827 3697; x_wconf 77' lang='grc' dir='ltr'>μηδὲν</span> <span class='ocrx_word' id='word_1_225' title='bbox 849 3594 940 3698; x_wconf 80' lang='grc' dir='ltr'>πρὸς</span> <span class='ocrx_word' id='word_1_226' title='bbox 967 3595 1109 3698; x_wconf 80' lang='grc' dir='ltr'>γένεσιν</span> <span class='ocrx_word' id='word_1_227' title='bbox 1133 3596 1429 3691; x_wconf 84' lang='grc' dir='ltr'>διεβεβαιῶσατο,</span> <span class='ocrx_word' id='word_1_228' title='bbox 1450 3620 1490 3682; x_wconf 80' lang='lat'>25</span> 
     </span>
     <span class='ocr_line' id='line_1_29' title="bbox 231 3717 1433 3826; baseline -0.002 -27"><span class='ocrx_word' id='word_1_229' title='bbox 231 3717 384 3819; x_wconf 84' lang='grc' dir='ltr'>ποιητήν</span> <span class='ocrx_word' id='word_1_230' title='bbox 411 3725 449 3797; x_wconf 82' lang='grc' dir='ltr'>τὲ</span> <span class='ocrx_word' id='word_1_231' title='bbox 478 3718 536 3797; x_wconf 81' lang='grc' dir='ltr'>διὰ</span> <span class='ocrx_word' id='word_1_232' title='bbox 562 3719 699 3798; x_wconf 83' lang='grc' dir='ltr'>τούτων</span> <span class='ocrx_word' id='word_1_233' title='bbox 726 3719 887 3826; x_wconf 76' lang='grc' dir='ltr'>ἀπέδειξε</span> <span class='ocrx_word' id='word_1_234' title='bbox 915 3722 974 3799; x_wconf 82' lang='grc' dir='ltr'>καὶ</span> <span class='ocrx_word' id='word_1_235' title='bbox 1002 3720 1230 3822; x_wconf 87' lang='grc' dir='ltr'>δημιουργόν·</span> <span class='ocrx_word' id='word_1_236' title='bbox 1273 3720 1357 3798; x_wconf 90' lang='grc' dir='ltr'>ἀλλ’</span> <span class='ocrx_word' id='word_1_237' title='bbox 1388 3717 1433 3818; x_wconf 86' lang='grc' dir='ltr'>ἧν</span> 
     </span>
     <span class='ocr_line' id='line_1_30' title="bbox 233 3839 1434 3944; baseline 0 -24"><span class='ocrx_word' id='word_1_238' title='bbox 233 3845 426 3944; x_wconf 83' lang='grc' dir='ltr'>ἀναγκαῖον</span> <span class='ocrx_word' id='word_1_239' title='bbox 446 3845 519 3921; x_wconf 77' lang='grc' dir='ltr'>νυνὶ</span> <span class='ocrx_word' id='word_1_240' title='bbox 548 3839 591 3941; x_wconf 79' lang='grc' dir='ltr'>δὴ</span> <span class='ocrx_word' id='word_1_241' title='bbox 615 3841 780 3941; x_wconf 82' lang='grc' dir='ltr'>μάλιστα</span> <span class='ocrx_word' id='word_1_242' title='bbox 805 3851 910 3922; x_wconf 85' lang='grc' dir='ltr'>τοῦτο</span> <span class='ocrx_word' id='word_1_243' title='bbox 935 3845 992 3922; x_wconf 80' lang='grc' dir='ltr'>καὶ</span> <span class='ocrx_word' id='word_1_244' title='bbox 1018 3848 1176 3926; x_wconf 80' lang='grc' dir='ltr'>εἰσαῦθις</span> <span class='ocrx_word' id='word_1_245' title='bbox 1201 3840 1434 3937; x_wconf 87' lang='grc' dir='ltr'>ἀναλαβόντα</span> 
     </span>
     <span class='ocr_line' id='line_1_31' title="bbox 233 3964 1433 4068; baseline -0.001 -23"><span class='ocrx_word' id='word_1_246' title='bbox 233 3971 352 4062; x_wconf 81' lang='grc' dir='ltr'>εἰπεῖν,</span> <span class='ocrx_word' id='word_1_247' title='bbox 385 3966 443 4044; x_wconf 81' lang='grc' dir='ltr'>ἵνα</span> <span class='ocrx_word' id='word_1_248' title='bbox 479 3965 528 4065; x_wconf 78' lang='grc' dir='ltr'>μὴ</span> <span class='ocrx_word' id='word_1_249' title='bbox 565 3973 639 4049; x_wconf 83' lang='grc' dir='ltr'>τοῖς</span> <span class='ocrx_word' id='word_1_250' title='bbox 674 3964 913 4068; x_wconf 75' lang='grc' dir='ltr'>παρατρέπειν</span> <span class='ocrx_word' id='word_1_251' title='bbox 946 3964 1090 4046; x_wconf 79' lang='grc' dir='ltr'>εἰωθόσι</span> <span class='ocrx_word' id='word_1_252' title='bbox 1126 3965 1192 4064; x_wconf 84' lang='grc' dir='ltr'>τὴν</span> <span class='ocrx_word' id='word_1_253' title='bbox 1225 3973 1297 4045; x_wconf 83' lang='grc' dir='ltr'>τῶν</span> <span class='ocrx_word' id='word_1_254' title='bbox 1329 3967 1433 4045; x_wconf 87' lang='grc' dir='ltr'>θείων</span> 
     </span>
     <span class='ocr_line' id='line_1_32' title="bbox 198 4087 1434 4193; baseline 0 -23"><span class='ocrx_word' id='word_1_255' title='bbox 198 4089 423 4190; x_wconf 76' lang='grc' dir='ltr'>(ἰδογμοίτων</span> <span class='ocrx_word' id='word_1_256' title='bbox 441 4088 627 4192; x_wconf 89' lang='grc' dir='ltr'>ὀρθότητα,</span> <span class='ocrx_word' id='word_1_257' title='bbox 641 4087 782 4181; x_wconf 83' lang='grc' dir='ltr'>πλάνης</span> <span class='ocrx_word' id='word_1_258' title='bbox 799 4123 838 4170; x_wconf 86' lang='grc' dir='ltr'>τε</span> <span class='ocrx_word' id='word_1_259' title='bbox 857 4092 915 4169; x_wconf 81' lang='grc' dir='ltr'>καὶ</span> <span class='ocrx_word' id='word_1_260' title='bbox 933 4092 1113 4173; x_wconf 89' lang='grc' dir='ltr'>ἀπωλείας</span> <span class='ocrx_word' id='word_1_261' title='bbox 1131 4088 1434 4193; x_wconf 87' lang='grc' dir='ltr'>περιλιμπάνηται</span> 
     </span>
    </p>
   </div>
   <div class='ocr_carea' id='block_1_10' title="bbox 233 4308 1435 4590">
    <p class='ocr_par' dir='ltr' id='par_1_13' title="bbox 233 4308 1435 4590">
     <span class='ocr_line' id='line_1_33' title="bbox 272 4308 1433 4383; baseline 0 -19"><span class='ocrx_word' id='word_1_262' title='bbox 272 4329 295 4364; x_wconf 89' lang='lat'>1.</span> <span class='ocrx_word' id='word_1_263' title='bbox 314 4313 329 4364; x_wconf 82' lang='grc' dir='ltr'>ὁ</span> <span class='ocrx_word' id='word_1_264' title='bbox 341 4310 448 4367; x_wconf 78' lang='grc' dir='ltr'>θάνατος</span> <span class='ocrx_word' id='word_1_265' title='bbox 459 4311 502 4364; x_wconf 80' lang='grc' dir='ltr'>διὰ</span> <span class='ocrx_word' id='word_1_266' title='bbox 513 4312 557 4378; x_wconf 79' lang='grc' dir='ltr'>τῆς</span> <span class='ocrx_word' id='word_1_267' title='bbox 568 4309 693 4382; x_wconf 79' lang='grc' dir='ltr'>ἁμαρτίας</span> <span class='ocrx_word' id='word_1_268' title='bbox 704 4310 811 4365; x_wconf 78' lang='lat' dir='ltr'>inverso</span> <span class='ocrx_word' id='word_1_269' title='bbox 826 4310 919 4365; x_wconf 82' lang='lat' dir='ltr'>ordine</span> <span class='ocrx_word' id='word_1_270' title='bbox 933 4310 965 4365; x_wconf 88' lang='lat' dir='ltr'>B.</span> <span class='ocrx_word' id='word_1_271' title='bbox 1069 4327 1093 4364; x_wconf 85' lang='lat'>2.</span> <span class='ocrx_word' id='word_1_272' title='bbox 1113 4309 1286 4378; x_wconf 71' lang='grc' dir='ltr'>ἐξοπλίζουσα</span> <span class='ocrx_word' id='word_1_273' title='bbox 1298 4308 1433 4383; x_wconf 84' lang='grc' dir='ltr'>φαίνεται]</span> 
     </span>
     <span class='ocr_line' id='line_1_34' title="bbox 233 4377 1434 4452; baseline 0.002 -19"><span class='ocrx_word' id='word_1_274' title='bbox 233 4379 393 4447; x_wconf 65' lang='grc' dir='ltr'>ἔξοπλίξετσι</span> <span class='ocrx_word' id='word_1_275' title='bbox 407 4381 441 4433; x_wconf 90' lang='grc' dir='ltr'>Β.</span> <span class='ocrx_word' id='word_1_276' title='bbox 543 4396 568 4451; x_wconf 86' lang='lat'>5.</span> <span class='ocrx_word' id='word_1_277' title='bbox 586 4383 616 4434; x_wconf 87' lang='grc' dir='ltr'>τὸ</span> <span class='ocrx_word' id='word_1_278' title='bbox 628 4377 828 4452; x_wconf 61' lang='grc' dir='ltr'>οὕτωῙτδεῖνσι</span> <span class='ocrx_word' id='word_1_279' title='bbox 840 4402 870 4435; x_wconf 91' lang='grc' dir='ltr'>το</span> <span class='ocrx_word' id='word_1_280' title='bbox 882 4380 950 4435; x_wconf 82' lang='grc' dir='ltr'>οότω</span> <span class='ocrx_word' id='word_1_281' title='bbox 963 4381 996 4435; x_wconf 89' lang='grc' dir='ltr'>Β.</span> <span class='ocrx_word' id='word_1_282' title='bbox 1088 4397 1129 4435; x_wconf 84' lang='lat'>12.</span> <span class='ocrx_word' id='word_1_283' title='bbox 1147 4381 1434 4451; x_wconf 80' lang='grc' dir='ltr'>ἀνισρῶνΒ.Ι).Ε.ἀν-</span> 
     </span>
     <span class='ocr_line' id='line_1_35' title="bbox 233 4449 1435 4521; baseline 0.003 -19"><span class='ocrx_word' id='word_1_284' title='bbox 233 4449 367 4519; x_wconf 85' lang='grc' dir='ltr'>θρωπίνιυν</span> <span class='ocrx_word' id='word_1_285' title='bbox 379 4450 430 4505; x_wconf 85' lang='lat' dir='ltr'>Ed.</span> <span class='ocrx_word' id='word_1_286' title='bbox 549 4453 590 4505; x_wconf 83' lang='lat'>18.</span> <span class='ocrx_word' id='word_1_287' title='bbox 607 4450 678 4519; x_wconf 71' lang='grc' dir='ltr'>ἡμῶν</span> <span class='ocrx_word' id='word_1_288' title='bbox 689 4469 743 4506; x_wconf 86' lang='lat' dir='ltr'>om.</span> <span class='ocrx_word' id='word_1_289' title='bbox 758 4451 791 4506; x_wconf 88' lang='grc' dir='ltr'>Β.</span> <span class='ocrx_word' id='word_1_290' title='bbox 910 4467 953 4519; x_wconf 81' lang='lat'>25.</span> <span class='ocrx_word' id='word_1_291' title='bbox 972 4453 1038 4521; x_wconf 82' lang='grc' dir='ltr'>πρός</span> <span class='ocrx_word' id='word_1_292' title='bbox 1051 4451 1082 4505; x_wconf 85' lang='grc' dir='ltr'>Β.</span> <span class='ocrx_word' id='word_1_293' title='bbox 1097 4451 1133 4507; x_wconf 84' lang='grc' dir='ltr'>είς</span> <span class='ocrx_word' id='word_1_294' title='bbox 1146 4451 1197 4506; x_wconf 80' lang='lat' dir='ltr'>Ed.</span> <span class='ocrx_word' id='word_1_295' title='bbox 1316 4465 1359 4521; x_wconf 76' lang='lat'>27.</span> <span class='ocrx_word' id='word_1_296' title='bbox 1379 4453 1435 4506; x_wconf 77' lang='grc' dir='ltr'>νυνδ</span> 
     </span>
     <span class='ocr_line' id='line_1_36' title="bbox 233 4519 697 4590; baseline 0.006 -17"><span class='ocrx_word' id='word_1_297' title='bbox 233 4520 264 4589; x_wconf 77' lang='grc' dir='ltr'>δὴ</span> <span class='ocrx_word' id='word_1_298' title='bbox 277 4519 355 4576; x_wconf 81' lang='lat' dir='ltr'><strong>edidi.</strong></span> <span class='ocrx_word' id='word_1_299' title='bbox 369 4523 428 4589; x_wconf 81' lang='grc' dir='ltr'>νυνὴ</span> <span class='ocrx_word' id='word_1_300' title='bbox 441 4521 468 4575; x_wconf 66' lang='grc' dir='ltr'>δὲ</span> <span class='ocrx_word' id='word_1_301' title='bbox 482 4522 516 4576; x_wconf 90' lang='grc' dir='ltr'>Β.</span> <span class='ocrx_word' id='word_1_302' title='bbox 529 4525 572 4576; x_wconf 78' lang='grc' dir='ltr'>νῦν</span> <span class='ocrx_word' id='word_1_303' title='bbox 585 4522 631 4590; x_wconf 70' lang='grc' dir='ltr'>ἤδη</span> <span class='ocrx_word' id='word_1_304' title='bbox 646 4522 697 4576; x_wconf 79' lang='lat' dir='ltr'>Ed.</span> 
     </span>
    </p>
   </div>
   <div class='ocr_carea' id='block_1_11' title="bbox 0 0 1525 5018">
    <p class='ocr_par' dir='ltr' id='par_1_14' title="bbox 0 0 1525 5018">
     <span class='ocr_line' id='line_1_37' title="bbox 0 0 1525 5018; baseline 0 0"><span class='ocrx_word' id='word_1_305' title='bbox 0 0 1525 5018; x_wconf 95' lang='lat' dir='ltr'> </span> 
     </span>
    </p>
   </div>
  </div>
 </body>
</html>
