3038 5018
680 1174 922 1252 ΚΕΦΑΛΗ
965 1176 1008 1253 Ζ.

241 1480 313 1546 Ὀτι
335 1484 399 1563 φθς
421 1481 496 1545 κατδ
516 1479 609 1562 φύσιν
627 1480 711 1547 ἐστὶν
729 1482 745 1543 δ
764 1480 847 1560 we,
867 1482 914 1546 καὶ
937 1483 986 1545 διδ
1007 1483 1093 1544 τοῦτο
1115 1480 1150 1544 οὗ
1172 1480 1305 1562 γενητὸς,
1324 1479 1393 1544 ἀλλ’
1410 1481 1443 1544 ἐκ

211 1605 232 1669 d
333 1613 384 1690 τῆς
407 1609 512 1678 οὐσίας
537 1613 588 1672 τοῦ
615 1613 697 1675 Θεοΰ
727 1610 774 1675 καὶ
801 1608 972 1692 Πατρός,
956 1634 995 1676 ως
1024 1614 1087 1765 φῶς
1116 1608 1259 1687 ἀληθινὸν
1283 1611 1315 1674 ἐκ
1345 1609 1444 1690 φωτὸς

333 1735 484 1817 ἀληθινοῦ.

471 1951 528 2019 Καὶ
555 1953 574 2018 θι
603 1955 667 2044 ςωιλ
696 1949 735 2020 ιἰν
761 1954 799 2022 τὸ
828 1954 901 2041 φῶο
928 1953 994 2020 τῶν
1020 1952 1217 2041 ἀνθρώπων,
1459 1976 1476 2034 5

304 2231 394 2306 ΚΑΙ
424 2225 483 2307 διὰ
514 2226 650 2306 τούτων
677 2227 761 2325 ἡμῖν
790 2228 810 2306 ὁ
842 2225 1012 2329 μακάριος
1042 2224 1317 2328 Εὐαγγελιστὴς
1350 2224 1445 2304 Θεὸν

247 2349 335 2429 ὄντα
361 2349 452 2429 κατὰ
479 2350 593 2455 φύσιν
618 2349 822 2430 ἐπιδεικνύει
846 2349 909 2430 τὸν
927 2349 1027 2448 Υὶόν,
1047 2353 1104 2429 καὶ
1130 2356 1202 2429 τῶν
1226 2359 1290 2429 τοῦ
1315 2348 1442 2451 γεννή·

246 2506 379 2557 σαντος
404 2474 551 2575 ἀγαθῶν
570 2474 752 2558 οὖσιωδῶς
775 2471 1011 2575 κληρονόμον.
1050 2470 1270 2579 προδιδάξας
1294 2471 1365 2577 γάρ
1391 2471 1446 2552 ότι

246 2593 316 2697 ζωὴ
341 2595 432 2674 κατὰ
458 2595 571 2702 φύσιν
594 2594 775 2700 ὑπάρχων,
794 2596 899 2680 αὐτὸς
926 2594 971 2697 ἧν
994 2598 1032 2677 ἐν
1052 2602 1146 2677 πᾶσι
1170 2603 1245 2679 τοῖς
1271 2597 1312 2676 δι’
1337 2596 1446 2674 αὐτοῦ

193 2809 197 2826 Ι
216 2717 456 2821 ογενομενοις,
474 2719 637 2825 συνέχων
656 2718 746 2799 αὐτὰ
764 2722 823 2800 καὶ
841 2717 1025 2824 ζωογονῶν
1043 2723 1102 2800 καὶ
1126 2722 1166 2800 ἐκ
1188 2717 1239 2818 μὴ
1267 2719 1380 2799 ὄντων
1399 2724 1445 2802 εἷς
1463 2755 1501 2794 ιο

245 2839 399 2923 τὸεῖναι
422 2849 614 2946 παρελθεῖν
639 2841 768 2952 ἀφότιρ
793 2841 939 2943 δυνάμει
964 2843 1184 2946 δωρούμενος
1209 2846 1267 2923 καὶ
1292 2876 1440 2945 γεγενη·

244 2965 334 3065 με’να
366 2964 563 3069 διασῶζων,
598 2967 654 3073 ἐφ’
690 2967 813 3072 ἑτέραν
844 2968 983 3071 ἔρχεται
1020 2966 1208 3066 νοημάτων
1240 2965 1444 3066 διασκευὴν,

245 3088 470 3194 πανταχόθεν
495 3091 587 3189 ἡμᾶς
614 3092 672 3170 ε’πὶ
699 3088 765 3190 τὴν
792 3093 856 3190 τῆς
884 3088 1053 3190 ἀληθείας
1084 3087 1294 3196 κατάληψιν
1321 3123 1443 3195 χειρα·

244 3220 385 3315 γωγεῖν,
402 3211 457 3292 ότι
484 3211 528 3312 δὴ
555 3216 613 3294 καὶ
641 3209 743 3313 μάλα
766 3210 956 3316 προσήκοι,
975 3213 1279 3311 διενθυμοόμενος.
1320 3215 1448 3292 οὐκοῦν

245 3342 318 3419 τοῖς
348 3334 592 3438 γεγενημένοις
623 3336 643 3415 ό
669 3334 790 3436 Λόγος
819 3337 1025 3439 ε’ννπῆρχεν,
1054 3336 1102 3419 ὡς
1130 3332 1212 3437 ζωή·
1258 3334 1377 3435 ἐπειδὴ
1410 3335 1447 3415 δὲ
1466 3366 1501 3422 15

246 3459 336 3568 ζῷον
365 3455 513 3560 λογικόν
539 3460 576 3538 ἐν
605 3460 723 3542 αὐτοῖς
750 3455 792 3538 ὃν
820 3460 876 3538 ε’πὶ
905 3462 982 3560 γῆς,
1007 3468 1069 3539 νοῦ
1096 3492 1135 3539 τε
1163 3461 1221 3538 καὶ
1249 3458 1449 3559 ἐπιστήμης

246 3580 455 3681 δεκτικὸν,ό
481 3583 680 3685 ἅνθρωπος,
699 3585 758 3662 καὶ
781 3585 845 3681 τῆς
872 3582 970 3686 παρὰ
995 3586 1091 3662 θεοῦ
1118 3584 1253 3688 σοφίας
1281 3582 1447 3686 μέτοχον,

78 3730 123 3784 54
136 3728 175 3784 A.
216 3707 447 3809 οάνοιγκαίως
481 3706 564 3805 ἡμῖν
596 3707 617 3783 ό
648 3703 952 3810 πνευματοφόρος,
986 3707 1045 3784 καὶ
1076 3709 1140 3803 τῆς
1177 3707 1216 3784 ἐν
1249 3706 1450 3807 ἀνθρώποις

246 3832 381 3934 σοφίας
413 3825 572 3935 χορηγόν
604 3825 691 3907 ὄντα
721 3827 784 3907 τόν
812 3826 935 3929 Λόγον
967 3825 1186 3929 ἐπλγδεικνόει
1217 3834 1358 3932 σαφῶς,
1392 3829 1451 3908 ἵνα

248 3957 369 4053 νοῆται
398 3951 441 4032 δι’
470 3958 562 4034 Υἱοῦ
589 3949 635 4030 τὰ
662 3948 781 4031 πάντα
809 3953 848 4031 ἐν
874 3957 989 4032 πᾶσιν
1018 3950 1190 4055 ὑπάρχων
1218 3952 1238 4031 ό
1267 3949 1361 4035 Θεὸς
1392 3955 1451 4031 καὶ
1466 3986 1505 4024 20

283 4205 463 4330 μιφοσδςΒ
455 4206 579 4276 Migne.
591 4207 689 4276 πατρὸς
700 4205 753 4261 Ed
865 4204 1119 4329 assumptum
1131 4201 1210 4258 οιΒ
1225 4202 1415 4271 Καὶ-ἀνθρώπ
1416 4226 1451 4257 ον

248 4292 303 4330 om.
428 4276 446 4331 8
474 4276 678 4366 πραδιδόξαςΒ.
690 4275 814 4346 προδείξσ
781 4216 892 4344 ξσςΕ.
971 4293 997 4346 9.
1016 4297 1045 4330 εν
1056 4292 1110 4331 om
1124 4272 1159 4328 Β.
1245 4271 1286 4327 16.
1305 4274 1437 4343 λογικον
1423 4296 1451 4327 εν

248 4345 334 4470 αθτχις
346 4345 375 4400 δν
386 4345 430 4402 ε’πδ
441 4345 561 4416 γῆςΒΗ
546 4369 574 4402 εν
585 4348 672 4404 αὐτοῖς
684 4347 727 4403 ι’πι
738 4368 786 4418 γης
798 4347 903 4416 λογικὸν
915 4344 967 4401 Εθ.
1173 4360 1217 4399 20.
1235 4344 1267 4398 τὰ
1280 4352 1449 4414 assumptum

248 4431 281 4469 01
