3038 5018
683 994 921 1073 ΚΕΦΑΛΗ
964 994 1013 1071 H.

245 1238 319 1307 Ὅτι
348 1243 427 1311 Θεὸς
458 1245 506 1308 καὶ
538 1247 569 1308 ἐκ
600 1250 683 1310 Θεοῦ
717 1247 791 1308 κατὰ
824 1245 919 1324 φύσιν
947 1243 1089 1325 ὑπάρχων
1117 1245 1134 1306 ὁ
1164 1242 1246 1320 Υἱὸς,
1278 1241 1326 1304 καὶ
1360 1241 1450 1304 εἰκὼν

216 1348 238 1414 b
338 1368 390 1426 τοῦ
416 1364 615 1445 γεννήσαντος
644 1365 777 1445 ἀκριβὴς,
801 1367 872 1443 ἴσην
898 1365 964 1448 ἔχει
992 1363 1065 1444 πρὸς
1095 1363 1184 1427 αὐτὸν
1211 1363 1259 1426 καὶ
1288 1362 1374 1442 τιμὴν
1402 1360 1451 1424 καὶ

336 1485 436 1562 δόξαν.

199 1671 314 1741 23Ἵνα
342 1677 461 1741 πάντες
489 1676 604 1752 τιμῶσι
632 1676 687 1743 τὸν
709 1673 785 1743 Υἰόν
814 1675 922 1740 καθὼο
950 1676 1066 1752 τιμῶσι
1093 1674 1148 1741 τὸν
1170 1673 1310 1762 Πατέρα
1352 1674 1371 1738 ὁ
1403 1673 1485 1748 um

300 1817 401 1894 τιμῶν
426 1818 483 1884 τὸν
503 1815 579 1883 Υἷόν
604 1818 641 1883 οὐ
666 1822 741 1910 τιμᾷ
773 1817 824 1885 τὸν
845 1817 977 1905 Πατέρα
1005 1817 1059 1883 τὸν
1085 1818 1259 1894 πέμψαντα
1287 1816 1397 1882 αὐτόν.

307 2011 449 2087 ΑΙΤΙΑ
473 2009 531 2085 καὶ
555 2005 742 2112 πρόφασις
767 2003 835 2105 ἤδη
859 2011 932 2084 τῶν
953 2007 1340 2109 προκατηριθμημευωυ
1357 2007 1447 2108 ὁρᾶ-

249 2165 319 2228 ται,
338 2125 381 2209 τὸ
399 2134 528 2235 χρῆναι
546 2135 720 2234 τιμᾶσθαι
742 2130 793 2210 τὶν
809 2133 881 2209 Υἱδν
899 2131 937 2207 ἐν
955 2127 1099 2228 ἰσότητί
1118 2162 1156 2207 τε
1183 2132 1241 2208 καὶ
1266 2126 1451 2229 ὁμοιότητι

221 2260 296 2358 στῇ
322 2252 415 2354 πρὸς
441 2253 493 2334 τὶν
514 2250 661 2359 Πατέρα.
701 2251 821 2356 βραχὺ
846 2252 884 2332 δὲ
908 2251 1114 2348 ἀναλαβὼν,
1134 2257 1192 2331 καὶ
1216 2258 1264 2337 εὶς
1290 2252 1452 2352 τὴντῶν

253 2378 402 2457 κατόπιν
431 2374 726 2478 ἀνακομιζόμενος
756 2373 909 2475 μνήμην,
936 2374 1161 2481 περιαθρήσρ
1193 2379 1352 2478 ἀκριβῶς
1383 2385 1451 2457 τοῦ
1470 2408 1509 2447 10

253 2500 368 2602 λόγου
391 2498 458 2599 τὴν
476 2499 634 2598 δύναμιν.
672 2500 798 2578 οὐκοῦν
818 2498 907 2577 ἴδιον
927 2496 993 2597 μὲν
1016 2499 1154 2605 ἔφασκε
1173 2511 1194 2547 “
1209 2501 1356 2604 Πατέρα
1384 2499 1452 2581 τὸν

253 2634 276 2672 “
293 2621 390 2703 θεὸν
409 2622 590 2729 ὑπάρχειν,
608 2622 690 2702 ἰ’σον
716 2618 842 2703 ἑαυτὸν
864 2628 978 2704 ποιῶν
1001 2629 1053 2728 τῷ
1079 2625 1196 2731 Θεῷ·”
1230 2620 1306 2704 εἶτα
1335 2625 1452 2704 πάλιν

83 2728 191 2859 ῗξξῖ,
253 2751 426 2848 ἱσσσθενῆ
462 2751 520 2827 καὶ
558 2745 750 2851 ὁμότεχνον
782 2747 981 2826 ἀπεδείκνυε
1018 2746 1136 2847 λέγων
1172 2743 1257 2827 “⁶A
1295 2746 1367 2851 γὰρ
1404 2748 1453 2827 ἂν

252 2881 274 2919 ‘⁴
292 2874 420 2955 ε’κεῖνος
444 2877 540 2976 ποιῇ,
559 2878 672 2951 ταῦτα
696 2871 754 2949 καὶ
779 2872 798 2949 ὁ
817 2867 905 2954 Υἱὸς
933 2871 1062 2969 ὁμοίως
1085 2868 1213 2950 ποιεῖ·”
1246 2869 1301 2950 ὅτι
1326 2870 1364 2950 δὲ
1389 2875 1452 2952 καὶ

252 2994 322 3099 ζωὴ
347 2999 405 3075 καὶ
429 2992 599 3097 ζωοποιὸς
624 2991 716 3074 κατὰ
741 2993 855 3098 φύσιν
873 2995 984 3089 ἐστὶν,
1003 2990 1127 3095 ὥσπερ
1152 2995 1290 3073 οὖνκαὶ
1316 2995 1335 3073 ὁ
1361 3030 1447 3096 γεν·
1471 3020 1510 3080 15

84 3105 189 3220 ἓξὲξ,
252 3117 367 3218 νήσας
395 3118 513 3215 αὐτὸν,
542 3116 706 3224 διεσάφει
733 3118 938 3220 προστιθείς
961 3128 982 3164 “
994 3115 1141 3220 Ὥσπερ
1169 3114 1241 3220 γὰρ
1269 3118 1289 3194 ὁ
1319 3116 1452 3222 Πατὴρ

252 3252 274 3289 “
292 3243 416 3344 ε’γείρει
443 3241 526 3326 τοὺς
553 3240 695 3345 νεκροὺς
724 3243 782 3319 καὶ
810 3238 980 3342 ζωοποιεῖ,
1007 3243 1100 3319 οὕτω
1130 3244 1189 3320 καὶ
1221 3243 1241 3319 ὁ
1270 3239 1358 3326 Υἱὸς
1388 3243 1453 3328 οὓς

83 2497 166 2560 Supra

83 2577 136 2612 ver.
148 2562 186 2610 18.

218 3365 276 3429 d“
294 3365 389 3445 θέλει
427 3362 620 3466 ζωοποιεῖ.”
670 3365 754 3443 ἀλλ’
793 3366 841 3447 ὡς
878 3362 997 3443 ε”σοιτο
1034 3367 1092 3443 καὶ
1128 3361 1274 3445 πάντων
1309 3364 1449 3467 κριτὴς,

251 3490 547 3571 συνευδοκοῦντος
565 3486 621 3593 ἐφ’
644 3484 760 3568 ἅπασι
779 3491 837 3566 καὶ
854 3488 1180 3588 σνγκατανεύοντος
1199 3497 1264 3569 τοῦ
1284 3490 1449 3594 Πατρὸς,

83 3594 1447 3658 δυμηιιτςρνςςιςιτνςς

84 3675 136 3708 ver.
151 3672 189 3708 η
251 3610 412 3718 εξηγειτο
440 3622 557 3713 λεγων
621 3614 717 3690 Ουδε
745 3646 817 3714 γαρ
845 3644 865 3689 ο
894 3615 1024 3712 Πατηρ
1052 3646 1159 3715 κριυει
1187 3619 1323 3710 ουδενα,
1348 3624 1452 3695 αλλα
1470 3651 1512 3690 20

250 3744 273 3781 ‘⁶
291 3733 357 3832 τὴν
384 3735 503 3837 κρίσιν
529 3739 655 3814 πᾶσαν
684 3732 811 3814 δέδωκε
842 3740 894 3841 τῷ
921 3736 1033 3841 Υἱῷ.”
1082 3736 1136 3819 τίς
1167 3737 1229 3816 οὖν
1257 3738 1279 3835 ἡ
1312 3737 1453 3818 τούτων

249 3860 367 3954 αἰτία;
398 3859 437 3937 τί
458 3855 496 3937 δὲ
522 3857 591 3959 ἄρα
616 3855 657 3936 τὸ
681 3857 847 3942 πεπεικὸς
870 3855 929 3936 διὰ
953 3857 1121 3938 τοιούτων
1140 3859 1309 3963 ἔρχεσθαι
1327 3860 1454 3962 λόγων

250 3977 313 4058 τὸν
326 3985 516 4082 Μονογευῆ
530 4014 539 4073 ;
552 3978 627 4060 Ἵνα
646 3982 771 4064 πάντες
792 3984 886 4083 φησὶ
905 3979 1028 4085 τιμῶσι
1048 3979 1180 4062 τδιΤδον
1197 3980 1307 4067 καθεὶς
1326 3983 1454 4088 τιμαῖσι

250 4103 302 4184 τὶν
329 4105 474 4211 Πατὲρα.
522 4109 551 4183 εὶ
579 4103 651 4207 γὰρ
678 4102 797 4184 πάντα
826 4104 925 4183 ἔστιν
953 4104 1025 4184 ὅσα
1054 4108 1111 4183 καὶ
1144 4107 1164 4184 ὁ
1195 4105 1333 4207 Πατὴρ,
1360 4106 1455 4188 ὅσον

284 4322 311 4377 8.
329 4343 357 4376 τι
371 4331 539 4392 assumptum
553 4340 585 4376 ex
600 4321 632 4376 B.
728 4319 733 4331 '
775 4339 800 4391 9.
819 4324 864 4388 τῆς
877 4339 925 4390 pro
937 4322 1015 4389 τῇ-Β.
1072 4324 1175 4394 βραχὺν
1189 4323 1220 4378 B.
1280 4331 1331 4378 τῶν
1343 4329 1455 4381 κατόπιν

250 4382 321 4448 Π).
333 4394 472 4447 κατ’ἁτόπιυ
484 4393 546 4461 (sic)
561 4392 593 4446 B.
608 4391 679 4447 unde
692 4401 721 4447 ut
735 4392 788 4446 vid.
802 4392 865 4446 κατὰ
876 4393 956 4445 τόπου
971 4392 1021 4446 Ed.
1161 4411 1201 4449 10.
1219 4394 1403 4466 περιαθρήσας
1418 4398 1453 4452 Β.

310 4461 464 4536 δμδτεχνου]
478 4463 614 4535 ἶσότεχυου
628 4463 660 4518 Β.
769 4479 810 4533 ²3·
830 4463 899 4533 φησὶ
912 4480 963 4516 om.
980 4462 1011 4517 B.
