3038 5018
232 303 299 369 ⁸36
537 303 576 368 Β.
600 301 809 368 CYRILLI
839 300 1126 367 ALEXANDR.
1201 349 1204 353 ,
1332 318 1364 361 v.
1379 315 1432 382 23.

235 464 327 546 κατὰ
346 464 411 565 τὴν
430 465 543 574 φύσιν
562 466 620 546 ὅτε
638 465 802 547 τάττεται
820 464 862 547 τό
882 465 1012 564 Καθάς,
1031 467 1072 547 οιί
1095 463 1239 547 πάντως
1261 460 1430 563 ἀπαράλ-

235 599 373 670 λακτον
390 591 474 689 ἡμῖν
492 593 650 696 εἰσφέρει
667 588 735 690 τὴν
753 589 913 690 ἰσότητα,
932 588 1123 690 ὁμοιότητα
1149 586 1187 669 δὲ
1210 593 1355 686 μᾶλλον
1374 588 1434 663 καὶ

202 711 451 812 θείκουισμὸν,
469 717 517 798 ὡς
541 717 600 794 καὶ
625 715 725 794 αύτοί
745 713 992 817 προλαβόντες
1010 710 1277 813 ὧμολογήκατε.
1318 711 1374 789 ἐπὶ
1394 706 1434 786 δὲ

236 841 311 917 τῶν
329 836 507 938 ἀλλήλοις
524 835 616 918 κατά
634 835 754 918 πάντα
769 835 1036 940 προσεοικότων
1053 835 1150 937 εἰπερ
1175 836 1289 942 ὁρῷτο
1314 831 1430 929 τεθὲν,

238 962 297 1041 καί
325 959 477 1061 ἰσότητα
505 960 572 1062 τήν
598 963 637 1041 ε’ν
665 967 760 1041 πᾶσι
791 964 849 1040 καί
879 957 1071 1060 ὁμοιότητα
1103 963 1216 1060 δηλοῖ,
1247 957 1304 1036 καί
1336 956 1369 1035 εἰ
1397 979 1466 1041 τι5

237 1083 376 1169 τούτοις
400 1084 522 1187 ἕτερον
540 1088 780 1182 ἰσοδυναμοῦν
797 1085 1007 1188 εὑρίσκεται.
1048 1081 1124 1165 οἶόν
1140 1116 1176 1162 τι
1200 1080 1303 1187 φημί·
1331 1088 1431 1177 λαμ-

237 1205 328 1311 πρὸς
347 1207 413 1307 μὲν
429 1209 449 1289 ὁ
468 1208 544 1290 κατ’
565 1207 715 1312 οὐρανόν
732 1209 833 1288 ε’στιν
851 1207 963 1307 ἥλως,
982 1204 1148 1311 λαμπρὸς
1168 1203 1205 1286 δὲ
1224 1205 1354 1304 ὁμοίως
1374 1204 1435 1282 καί

238 1332 259 1412 ὁ
277 1335 388 1434 γῆθεν
406 1331 569 1435 ἄργυρος.
598 1333 682 1412 ἀλλ’
703 1332 725 1431 ή
744 1330 810 1431 μὲν
828 1330 940 1437 φύσις
957 1337 1030 1410 τῶν
1047 1329 1237 1434 εἰρημένων
1252 1328 1434 1434 διάφορος.

238 1453 392 1535 νοείσθω
416 1455 460 1534 δέ
480 1488 534 1539 τις
558 1452 669 1559 τυχὸν
686 1460 759 1535 τῶν
775 1457 834 1535 ἀπὶ
855 1459 923 1557 γῆς
942 1458 1132 1536 πλουσίων
1150 1459 1224 1537 τοῖς
1243 1453 1318 1532 κατ’
1336 1448 1436 1531 οἰκον

238 1579 387 1663 οἰκέταις
406 1578 588 1678 Λαμπέτω
611 1578 731 1680 λέγων
756 1580 776 1658 ὁ
801 1578 966 1681 ἄργυρος,
986 1577 1103 1663 καθὼς
1127 1582 1185 1657 καί
1209 1577 1230 1656 ὁ
1255 1576 1366 1677 ἥλιος·
1396 1577 1436 1654 ἐν
1453 1608 1491 1650 ιο

238 1700 354 1808 τούτῳ
372 1698 416 1800 δὴ
434 1698 537 1800 μάλα
556 1703 696 1786 δικαίως
715 1702 778 1781 οὐκ
796 1707 845 1785 εἰς
861 1700 927 1802 τήν
945 1702 1030 1800 ἰσην
1047 1702 1250 1797 ἀναβαίνειν
1268 1697 1437 1800 λαμπρύ-

210 1857 331 1925 οτητα
357 1830 409 1933 τῷ
435 1825 527 1934 ήλίερ
554 1823 621 1926 τήν
645 1827 685 1905 ἐκ
711 1829 779 1927 γῆς
807 1830 900 1924 ὕλην
924 1823 1052 1932 φαμὲν,
1077 1826 1161 1904 ἀλλ’
1186 1830 1235 1909 εἰς
1263 1822 1438 1922 ὁμοίωσίν

239 1982 319 2030 τινα
348 1951 406 2028 καί
435 1948 633 2054 ε’μφίρειαυ,
662 1951 720 2029 καί
749 1954 779 2028 εἰ
810 1949 954 2054 φέροιτο
986 1948 1062 2029 κατ’
1091 1949 1200 2028 αὑτοῦ
1228 1947 1270 2027 τό
1301 1945 1435 2033 Καθάς·

242 2072 384 2176 Πέτρου
408 2071 447 2152 δὲ
472 2076 530 2152 καί
548 2071 716 2154 Ἰωάννου
741 2072 851 2178 τυχὸν
868 2079 941 2152 τῶν
958 2073 1071 2174 ἁγίων
1092 2078 1262 2173 μαθητῶν
1283 2104 1432 2172 παρενε-

239 2193 398 2301 χθέντων
416 2200 463 2281 εἰς
481 2196 605 2296 με’σον,
624 2195 659 2276 οἰ
684 2198 742 2276 καὶ
766 2202 818 2303 τῷ
843 2200 907 2295 τῆς
932 2195 1077 2303 φύσεως
1102 2195 1214 2302 λόγῳ,
1233 2197 1292 2274 καὶ
1316 2199 1362 2299 τῇ
1386 2199 1437 2278 εἰς
1455 2228 1494 2288 15

240 2317 337 2400 θεὸν
354 2319 518 2426 εὐσεβείᾳ
539 2324 604 2419 τῆς
628 2317 719 2422 πρὸς
743 2317 929 2418 ἀλλήλους
954 2321 1122 2422 ἀκριβοῦς
1147 2317 1354 2418 ὁμοιότητος
1373 2318 1439 2397 ούκ

241 2441 565 2541 ἀπολιμπάνονται,
599 2442 759 2548 τετάχθω
796 2441 839 2522 τό
879 2439 1009 2540 Καθιίε,
1047 2442 1216 2545 λέγοντός
1255 2475 1320 2521 του
1356 2442 1441 2544 περί

241 2564 371 2663 αὐτῶν,
387 2568 435 2649 ὡς
460 2568 498 2646 ἐν
523 2565 737 2674 ὑποκειμένῳ
762 2565 942 2665 Τιμάσθω
964 2565 1065 2668 παρὰ
1089 2564 1235 2645 πάντων
1252 2564 1438 2664 Ἰωάννης,

244 2686 362 2772 καθὼς
389 2690 491 2769 καὶὸ
515 2688 666 2793 Πέτρος·
697 2687 768 2791 ἀρα
792 2687 834 2770 τό
859 2687 978 2776 Καθίις
1002 2688 1170 2788 ἀτονήσει
1193 2686 1307 2770 πάλιν
1324 2694 1371 2772 εἰς
1397 2685 1441 2768 τὸ

72 2833 191 2893 nm.
215 2808 295 2912 ομὴ
320 2815 392 2892 δεῖν
416 2812 469 2892 ἐπ’
488 2813 625 2918 ἀμφοῖν
646 2809 713 2912 τὴν
737 2812 822 2913 ἴσην
847 2811 1000 2915 ἄγεσθαι
1027 2811 1157 2913 τιμήν;
1197 2814 1282 2892 ἀλλ’
1303 2812 1366 2891 οὐκ
1395 2808 1442 2890 ἀν
1459 2844 1500 2886 νο

245 2931 346 3034 οἶμαί
371 2969 425 3020 τις
454 2932 497 3016 τὸ
525 2945 686 3017 τοιοῦτον
714 2938 794 3040 ε’ρεῖ·
837 2934 1011 3040 θεωρήσει
1044 2935 1115 3039 γὰρ
1147 2935 1191 3036 δὴ
1224 2933 1267 3016 τὸ
1299 2934 1444 3015 κωλύον

243 3059 355 3141 οὐδέν.

301 3181 407 3262 Κατά
424 3181 558 3284 ταύτην
575 3191 639 3263 τοῦ
664 3181 839 3283 νοήματος
860 3180 927 3282 τὴν
944 3184 1151 3285 ἀναλογίαν,
1170 3182 1257 3263 ὅταν
1275 3180 1331 3287 ἐφ’
1350 3186 1445 3262 Υἰοῦ

244 3305 303 3383 καί
323 3304 467 3409 Πατρὸς
493 3305 644 3412 φέρηται
668 3304 711 3386 τό
738 3303 868 3403 Καθάε,
887 3304 945 3386 διὰ
970 3309 1077 3386 ποίαν
1098 3306 1213 3386 αἰτίαν
1235 3303 1441 3407 ἀποναρκή·

244 3460 359 3524 σομεν
377 3428 579 3532 ἰσομέτροις
596 3428 708 3532 ἀμφω
726 3428 965 3535 καταστέφειν
983 3436 1122 3529 τιμαῖς,
1152 3428 1440 3535 προανασκεφά·
1461 3465 1502 3525 25

243 3583 349 3650 μενος
374 3549 447 3652 γὰρ
471 3554 519 3636 ὡς
537 3548 631 3636 Θεὸς
655 3552 700 3632 τά
725 3551 889 3653 ἐσόμενα,
909 3555 967 3632 καί
990 3549 1056 3652 τὴν
1073 3553 1262 3648 βάσκανον
1283 3556 1347 3651 τῆς
1372 3555 1445 3650 σῆς

244 3671 397 3770 ἀμαθίαις
421 3673 665 3777 περιαθρήσας
688 3676 967 3778 ἀντιλογίαν,ού
992 3674 1130 3778 γυμνὸν
1148 3674 1260 3774 εύθιίς,
1278 3673 1358 3755 οὐδὲ
1379 3678 1447 3775 τῆς

244 3797 342 3903 αὐτῷ
366 3796 574 3900 πρεπούσης
602 3797 734 3901 ἔρημον
758 3800 968 3903 ἐπικουρίας,
993 3799 1035 3878 τό
1059 3797 1177 3884 Καθάε
1205 3798 1445 3902 εἰσενήνοχεν,

209 3918 346 4000 Βάλλά
381 3929 458 4007 ταῖς
493 3919 560 4020 μὲν
592 3921 832 4021 καθηκούσαις
867 3923 1128 4026 προοχυρῶσας
1166 3925 1445 4027 πληροφορίαις,

243 4044 506 4152 προαποδείξας
535 4041 572 4124 δὲ
600 4043 656 4124 ὅτι
683 4047 741 4125 καὶ
769 4044 863 4130 θεὸς
891 4045 1045 4153 ὑπάρχοι
1072 4045 1165 4127 κατὰ
1194 4047 1319 4152 φύσιν·
1355 4044 1449 4125 ἴδιον
1464 4076 1505 4135 30

281 4311 308 4365 8.
326 4309 417 4382 γῆθεν]
430 4312 543 4382 γνὸσθεν
555 4313 618 4381 (sic)
632 4312 665 4368 Β.
740 4329 781 4368 11.
800 4314 931 4379 ἀναβαίνει
944 4315 977 4371 Β.
1056 4334 1096 4383 14.
1116 4316 1145 4368 δί
1156 4333 1211 4370 om.
1226 4315 1257 4370 B.
1340 4327 1382 4384 15.
1401 4317 1451 4384 τῆς

245 4379 284 4438 εἰς
295 4383 361 4435 θεὸν
373 4382 507 4447 εὐσεβείας
520 4382 553 4437 Β.
681 4396 721 4452 17.
739 4405 786 4438 του
800 4384 832 4439 Β.
843 4407 912 4442 τινος
925 4386 975 4440 Ed.
1100 4402 1144 4456 23.
1162 4387 1225 4440 κατὰ
1238 4385 1332 4454 ταύτην
1345 4384 1379 4439 Β.
1391 4386 1449 4439 κατ’

285 4450 390 4505 Md.
486 4467 528 4518 25.
547 4455 832 4525 προσανασκιφάμενος
845 4454 877 4508 Β.
971 4472 1013 4526 29.
1031 4459 1218 4527 προεχυρὼσας
1232 4456 1264 4510 Β.
1277 4456 1337 4511 vide
1350 4455 1452 4512 [καὶαι

317 4537 377 4575 νοω
390 4520 497 4591 ἐχυρόν.
