3038 5018
688 983 929 1060 ΚΕΦΑΛΗ
973 982 1015 1058 Ζ.

253 1256 351 1337 Λόγος
371 1254 507 1335 περὶτῆς
528 1254 562 1318 ἐν
581 1253 672 1338 όγδόη
692 1253 859 1332 περιτομῆς,
880 1251 960 1317 τίνος
982 1248 1048 1313 ἐστὶ
1070 1244 1240 1328 σημαντικὴ
1264 1245 1463 1327 πολυτρόπως

223 1404 240 1447 ο
764 1379 938 1445 ἐπιδεικνύς.

308 1584 643 1665 ἈΡΚΟΥΝΤΩΣ
675 1584 754 1684 ἤδη,
788 1581 947 1685 καθάπερ
980 1577 1240 1678 ὑπολαμβάνω,
1276 1583 1340 1660 καὶ
1373 1577 1461 1658 κατὰ

252 1705 401 1805 δύναμιν
428 1711 491 1806 τῆς
521 1706 671 1808 ἐνούσης
703 1709 787 1808 ἡμῖν
820 1707 974 1790 διανοίας
1006 1703 1069 1785 τὸν
1098 1706 1155 1784 ε’πῖ
1186 1708 1240 1812 τῷ
1274 1700 1482 1810 σαββᾶτη5

252 1831 509 1938 διαπτόξαντες
537 1829 660 1934 λόγον,
686 1832 742 1911 ἐπὶ
770 1829 836 1930 τὴν
861 1830 976 1937 τοῦπερ
1004 1831 1146 1932 γείτονα
1172 1816 1382 1930 περιτομῖγν
1401 1826 1458 1907 τὸν

252 1956 310 2035 ε’πῖ
337 1961 383 2060 τῇ
409 1952 554 2057 ζητήσει
578 1955 792 2054 μετοίσομεν
815 1950 937 2048 πόνον,
954 1952 1179 2058 πανταχόθεν
1196 1947 1241 2031 τῦ
1267 1949 1457 2035 λυσιτελὲς

253 2079 307 2160 ὅτι
342 2079 472 2182 πρέποι
510 2084 692 2181 θηρᾶσθαι
729 2078 969 2181 διεγνωκότες·
1012 2079 1071 2157 καὶ
1108 2075 1180 2178 γὰρ
1216 2072 1265 2155 οῖν
1297 2075 1357 2176 εἴη
1390 2080 1456 2154 τῶν

253 2201 504 2302 ἀτοπωτάτων,
523 2206 581 2283 καὶ
600 2200 829 2306 γελοιότητος
854 2200 892 2281 δὲ
917 2205 981 2301 τῆς
1006 2200 1163 2306 ἐσχάτης
1181 2199 1247 2279 οῦκ
1266 2201 1453 2301 όμοιροῦν,

252 2325 294 2405 τῦ
322 2326 372 2424 μὴ
397 2326 517 2406 πάντα
544 2325 657 2406 πόνον
685 2329 795 2410 ἀδεῶς
823 2330 886 2424 τῆς
914 2329 952 2406 ἐν
979 2329 1116 2408 τούτοις
1146 2321 1323 2426 γνώσεως
1357 2322 1453 2422 ἆμεί·
1468 2351 1494 2391 10

251 2456 385 2543 βεσθαι
411 2458 542 2555 φιλεῖν.
583 2452 621 2529 τί
643 2450 680 2530 δὲ
707 2449 750 2549 δὴ
778 2450 903 2529 καὶτὸ
929 2449 973 2555 ἐξ
996 2449 1104 2548 αὐτῆς
1128 2451 1177 2530 ὡς
1200 2449 1239 2525 ἐν
1256 2447 1366 2555 τόπερ
1389 2451 1456 2528 τοῖς

218 2573 493 2681 ἀάρχαιοτέροις
519 2574 810 2672 ῦποδηλοῦμενον
828 2580 1099 2675 περιαθροῦντες
1115 2575 1381 2668 πνενματικῶς,
1399 2569 1452 2647 ε’κ·

254 2696 442 2796 θησόμεθα
460 2694 573 2775 πόλιν
590 2695 682 2776 κατὰ
700 2696 742 2776 τὸ
760 2698 891 2798 με’τρον
908 2701 972 2794 τῆς
993 2694 1222 2800 ἐπιχορηγίας
1247 2702 1316 2774 τοῦ
1342 2691 1458 2774 πάντα

86 2840 208 2902 Μῦς·
254 2818 300 2898 τὰ
320 2818 488 2899 σκοτεινὰ
508 2828 747 2926 φανεροῦντος
765 2826 872 2917 Θεοῦ,
891 2823 950 2900 καὶ
969 2816 1174 2923 θησαυροῦς
1192 2817 1277 2917 ἡμῖν
1295 2813 1457 2919 ἀποκρῦ·

254 2950 346 3049 φους
379 2940 552 3047 οἱοροὶτοος
585 2946 802 3047 ἀνοίγοντος.
853 2950 928 3027 τοῖς
960 2943 1025 3045 μὲν
1057 2941 1129 3048 γὰρ
1159 2939 1252 3044 πρὸς
1283 2941 1367 3048 ἕξιν
1394 2942 1459 3042 ἤδη
1472 2968 1498 3030 ις

253 3067 434 3167 βεβηκόσι
451 3067 517 3167 τὴν
536 3071 732 3171 ἀπροσδεᾶ,
747 3071 804 3147 καῖ
823 3067 1042 3170 τελειοτέραν
1060 3067 1184 3171 ἔχουσι
1203 3063 1269 3165 την
1286 3064 1461 3163 διάνοιαν,

253 3189 398 3296 ἐξίσται
417 3194 475 3271 καὶ
495 3198 586 3271 νοεῖν
600 3195 659 3272 καὶ
678 3199 804 3272 λαλεῖν
818 3189 863 3270 τὰ
881 3191 978 3271 πολῦ
995 3189 1131 3270 τούτων
1149 3189 1339 3285 βελτίονα·
1364 3190 1462 3289 ἡμεῖς

255 3311 293 3392 δὲ
311 3313 357 3393 τὰ
375 3322 422 3397 εῖς
443 3323 526 3394 νοῦν
546 3314 644 3395 ἰόντα
670 3314 734 3396 τόν
752 3316 930 3417 ἡμέτερον,
950 3313 1016 3396 κᾶν
1034 3323 1099 3394 τοῦ
1123 3313 1325 3416 πρέποντος
1353 3317 1460 3395 ῦστε·

254 3437 360 3540 ρόζειν
379 3440 484 3536 δοκεῖ,
498 3445 571 3521 τοῖς
590 3439 826 3539 ἀκροωμένοις
844 3437 1115 3541 παραθήσομεν,
1130 3438 1193 3518 οῦκ
1212 3441 1311 3517 αῖδοῖ
1326 3448 1394 3519 τοῦ
1412 3436 1463 3538 μὴ

226 3546 371 3642 οδοκεῖν
389 3563 568 3661 ἡττῆσθαι
585 3569 692 3641 τινῶν
709 3561 775 3661 τὴν
794 3563 1041 3672 φιλαδελφίαν
1057 3564 1294 3662 λιπτήσαντες,
1310 3569 1464 3661 μᾶλλον
1476 3597 1504 3637 ιο

87 3687 163 3819 ἔξω·
176 3688 210 3738 ²²²
256 3683 294 3764 δὲ
332 3684 373 3764 τδ
411 3687 660 3788 γεγραμμένον
692 3688 820 3770 εἰδότες
852 3697 873 3733 “
887 3687 999 3765 Δίδου
1035 3692 1144 3793 σοφῷ
1179 3685 1368 3791 ἀφορμὴν,
1405 3688 1465 3766 καῖ

257 3819 280 3855 “
298 3809 509 3915 σοφώτερος
534 3810 650 3889 ἔσται·
679 3811 825 3914 γνώριζε
855 3808 892 3890 δὲ
920 3809 1052 3917 δικαίῳ,
1075 3812 1133 3888 καὶ
1160 3805 1370 3912 προσθήσει
1399 3819 1464 3890 τοῦ

256 3943 278 3980 “
297 3931 498 4038 δίχεσθαι.”
537 3942 679 4036 πρῶτος
702 3941 894 4037 τοιγαροῦν
914 3935 973 4013 ε’πὶ
1000 3941 1045 4039 τῇ
1074 3936 1248 4038 περιτομῇ
1278 3934 1466 4039 διωρίζετο

293 4149 318 4188 2.
338 4136 421 4206 Λόγος
439 4152 493 4189 om.
507 4135 540 4190 B.
600 4135 720 4191 Adnotat
740 4137 782 4190 D.
809 4132 879 4206 οἶμαι
897 4135 953 4190 ἀντι
970 4139 1017 4189 τοῦ
1034 4157 1094 4205 περι
1112 4157 1157 4203 της
1175 4135 1202 4190 ἐν
1219 4135 1300 4207 ὀγδόη
1319 4141 1466 4229 περιτομῖγς

256 4204 359 4276 ὀφείλει
373 4206 566 4276 γρόφεσθαι,’
543 4229 566 4260 ει
578 4229 718 4276 περιτομην
728 4209 855 4275 λαμβάνει
868 4207 1028 4276 ἄνθρωπος’
1015 4229 1042 4260 εν
1054 4208 1191 4279 σαββάτῳ
1329 4220 1355 4278 7.
1374 4211 1465 4276 μετοί-

256 4276 388 4343 σωμενΒ.
512 4292 553 4332 10.
571 4277 697 4334 ἀδεῶςΒ.
711 4276 790 4345 ηδεως
803 4277 854 4332 Ed.
908 4277 1146 4346 ἅμειβὴσεσθαιΒ.
1265 4292 1307 4346 ¹3·
1326 4280 1465 4335 πάνταΒ.

255 4347 349 4402 παντὸς
363 4344 414 4399 Ed.
485 4360 548 4470 ιγ.
567 4349 608 4401 καὶ
621 4349 695 4418 prius
708 4357 876 4419 assumptum
889 4348 970 4402 exB
1018 4349 1115 4402 raom
1131 4347 1233 4418 Migne.
1329 4365 1372 4419 19.
1393 4351 1466 4406 δοκεῖ

257 4415 290 4469 Β.
304 4417 530 4488 eteicconjeeit
542 4419 588 4472 ub.
603 4419 684 4476 δοκεῖς
698 4420 734 4473 D.
748 4419 799 4473 Ed.
952 4435 994 4472 22.
1014 4419 1042 4472 δε
1055 4429 1225 4490 assumptum
1237 4435 1269 4472 ex
1284 4416 1308 4471 Β
1323 4436 1467 4493 suprascr.

257 4485 409 4555 (Alamos
422 4502 582 4558 ιαρτκγηα.
