3038 5018
114 303 155 368 vi.
169 323 221 392 35.
276 306 331 371 IN
362 307 396 371 S.
421 308 676 374 JOANNEM.
723 309 909 374 LIB.III.
956 309 1057 375 CAP.
1075 309 1136 374 VI.
1246 310 1308 374 471

111 469 313 578 ἐξυφαίνειν
340 473 555 577 διηγήματα.
600 477 642 555 οὐ
670 473 742 579 γάρ
769 474 1070 556 ἀκατακάλυπτον
1099 479 1312 578 προκεῖσθαι

110 602 184 678 τοῖς
210 595 400 679 ἐθέλουσιν
427 600 555 683 ἀπλῶς
581 598 755 699 βεβήλοις
785 632 822 679 τε
851 601 910 678 καὶ
937 599 1096 683 ἀνοσίοις
1122 604 1171 682 είς
1197 630 1309 677 κατα·

110 715 259 819 πάτημα
284 719 347 801 τὸν
373 722 466 802 οὕτω
488 723 626 803 σεπτὸν
652 723 776 829 ἐφίησι
800 723 924 825 λόγον,
946 723 1148 828 ἐπικρύψας
1174 720 1216 800 δέ
1234 754 1313 804 πως

110 848 188 926 ταῖς
208 845 250 922 δι’
271 844 491 948 αἰνιγμάτων
508 849 696 941 ἐπιβολαῖς
715 848 779 926 οὐκ
801 849 1000 952 ἀσυμφανή
1019 845 1085 945 μὲν
1102 852 1176 929 τοῖς
1200 878 1309 924 συνε-

79 972 185 1049 5τοῖς
203 967 395 1070 ἐργάζεται·
424 968 514 1050 ἐπάν
533 970 574 1052 δέ
592 1005 691 1055 τινας
709 977 781 1049 τῶν
799 970 1032 1072 ἀκροωμένων
1051 968 1313 1068 ἀμαθαίνοντας

111 1090 247 1197 βλέπῃ,
276 1096 335 1172 καὶ
364 1102 534 1179 νοοῦντας
562 1092 605 1174 τὸ
631 1093 806 1197 παράπαν
833 1100 905 1176 τῶν
933 1095 1168 1192 λαλουμένων
1195 1089 1310 1188 οὐδὲν,

111 1215 356 1296 ἀπολευκαίνει
392 1224 534 1323 σαφῶς,
567 1216 656 1320 ὅπερ
691 1215 736 1298 διν
768 1215 885 1299 ἐθέλοι
917 1222 1063 1318 δηλοῦν,
1095 1219 1153 1296 καὶ
1185 1222 1341 1296 πᾶσανο

111 1335 234 1441 ῶσπερ
266 1342 385 1445 ἀχλῡν
415 1340 480 1440 τήν
510 1345 548 1421 ἐν
580 1348 632 1449 τῷ
664 1341 766 1450 λόγῳ
798 1338 984 1445 περιελὼν,
1015 1339 1155 1443 γυμνήν
1182 1374 1221 1420 τε
1254 1344 1312 1419 καὶ

110 1459 330 1542 εὐσύνοπτον
353 1465 573 1568 παρατίθησι
601 1474 666 1546 τοῦ
691 1466 891 1570 μυστηρίου
918 1463 984 1564 τήν
1006 1472 1154 1566 γνῶσιν,
1178 1466 1312 1574 ἀναπο-

60 1615 98 1656 10
111 1584 270 1687 λόγητον
288 1589 407 1674 αὐτοῖς
432 1593 490 1668 καὶ
517 1589 575 1668 διά
599 1589 728 1669 τούτου
753 1589 819 1688 τήν
836 1590 1009 1669 ἀπιστίαν
1027 1591 1227 1671 ἀποτελῶν.
1258 1588 1313 1669 ότι

111 1709 149 1787 δέ
177 1706 220 1809 ἧν
245 1710 399 1810 σύνηθες
427 1714 533 1818 αὐτῷ,
555 1712 716 1817 καθάπερ
740 1711 936 1816 εἰρήκαμεν,
939 1712 1228 1867 ἐπεσκιασμένιρ
1253 1717 1311 1794 καὶ

111 1831 281 1932 λεληθότι
299 1835 464 1934 μάλιστα
483 1841 681 1941 κεχρῆσθαι
698 1872 749 1944 τω
731 1837 880 1945 λόγῳ,
894 1872 952 1916 και
971 1835 1077 1921 αι’ττος
1093 1872 1160 1937 μεν
1178 1836 1311 1945 διδάξει

111 1957 267 2057 λέγων
249 1992 287 2037 εν
300 1961 424 2067 βίβλῳ
444 1964 606 2067 φαλμῶν
619 1972 641 2008 “
653 1961 844 2068 Ἀνοίξω’
826 1994 864 2040 εν
881 1958 1170 2113 παραβολαῖς
1129 1997 1171 2042 το
1189 1961 1311 2061 στόμα
1356 1965 1443 2082 lxzvii.
1456 2044 1479 2082 ²·

112 2081 244 2173 “.’μου
246 2082 500 2178 βεβαιώσει
533 2083 571 2164 δὲ
602 2083 703 2165 οὐδὲν
733 2085 911 2187 ἦττον
870 2119 937 2184 την
970 2087 1027 2165 ἐπι
1058 2086 1195 2169 τούτοις
1227 2086 1311 2185 ἡμιν

62 2233 97 2288 ¹5
110 2201 295 2309 ἐξήγησιν,
313 2240 372 2285 και
359 2208 662 2314 διεσφαλμένην
679 2210 843 2306 οὐδαμῶς
868 2208 1046 2315 ἀποδείξει
1068 2213 1126 2288 καὶ
1149 2210 1169 2287 ὁ
1191 2206 1309 2304 μακά·
1291 2223 1345 2287 -d

110 2359 185 2428 ριος
202 2327 391 2435 προφήτης
409 2330 570 2416 Ησαΐας
588 2335 755 2428 ἀναβοῶν
774 2343 796 2379 “
809 2330 905 2412 Ἰδοὺ
923 2331 967 2432 δή
985 2330 1161 2428 βασιλεὺς
1179 2337 1312 2418 δίκαιος
1357 2336 1399 2386 Ε*
1404 2353 1480 2386 ¹¹¹¹¹·

113 2460 134 2495 “
152 2451 379 2551 βασιλεύσει,
398 2457 457 2534 καὶ
475 2453 646 2560 ἄρχοντες
662 2453 754 2554 μετὰ
773 2455 923 2559 κρίσεως
941 2454 1186 2562 ἄρξουσι,
1130 2489 1188 2535 και
1209 2455 1312 2536 ἔσται

112 2572 340 2677 “ἀνθρωπος
373 2578 540 2680 κρόπτων
572 2577 655 2664 τοὺς
686 2576 820 2682 λόγους
855 2579 988 2659 αὐτοῦ)
990 2576 1209 2674 ’βασιλέα
1240 2578 1313 2693 γάρ

112 2697 246 2777 δίκαιον
269 2699 370 2803 ἐφ’
350 2706 443 2798 ημᾶς
469 2701 766 2795 βεβασιλευκέναι
793 2699 951 2807 φησὶ
914 2736 978 2781 τον
1001 2700 1156 2804 λέγοντα
1173 2713 1195 2751 “
1213 2699 1313 2805 Εγω
1358 2711 1435 2763 ¹³¹¹·
1450 2710 1475 2770 ⁶·

61 2865 100 2904 20
114 2829 135 2866 “
154 2818 191 2900 δέ
208 2821 434 2924 κατεστάθην
451 2822 664 2920 βασιλεὺς
647 2826 705 2905 υπ’
725 2825 834 2905 αὐτοῦ
853 2828 909 2906 ἐπι
897 2823 1026 2905 Σιῶν
1044 2825 1126 2930 ὅρος
1145 2825 1187 2906 τδ
1209 2787 1382 2929 δι’γιον7

113 2944 274 3043 “αάτοῦ,
308 2946 607 3051 διαγγέλλων
570 2982 613 3028 το
645 2946 870 3053 πρόσταγμα
891 2949 1057 3051 Κυρίου.”
1111 2950 1228 3052 κρίσει
1259 2949 1310 3049 δε,

111 3069 298 3156 τουτέστιν
320 3070 486 3174 ὀρθότητι
510 3077 555 3177 τῇ
580 3070 671 3152 κατά
696 3079 770 3151 πᾶν
792 3071 1095 3171 συμβιοτειίοντας
1120 3072 1310 3178 ἄρχοντας,

112 3196 170 3271 καὶ
198 3192 281 3278 τοὺς
309 3195 430 3297 ἁγίους
458 3199 553 3300 φησὶ
582 3193 755 3294 μαθητὰς,
778 3193 811 3274 οί
836 3198 895 3275 καὶ
919 3200 971 3302 τῷ
995 3201 1135 3299 Σωτῆρι
1157 3201 1341 3306 Χριστῶο

111 3315 302 3418 κρόπτοντι
319 3319 499 3404 πολλάκις
517 3316 601 3405 τοὺς
626 3316 757 3421 λόγους
783 3320 892 3399 αὐτοῦ
912 3319 1127 3425 προσῄεσαν
1144 3320 1311 3422 λέγοντες

58 3478 97 3538 25
112 3450 133 3487 “
152 3440 343 3543 Φράσον
323 3451 406 3541 ημῖν
424 3440 490 3543 τήν
507 3440 758 3544 παραβολήν·”
791 3441 850 3523 ότε
868 3445 927 3523 καὶ
946 3440 1050 3529 αὐτός
1070 3453 1093 3492 “
1105 3444 1217 3525 Διατί
1237 3451 1314 3529 τοῖς
1355 3440 1480 3570 Ἠῶ·

112 3564 279 3719 “ὅγλοις
301 3569 468 3652 λαλεῖς’
450 3602 488 3647 εν
506 3566 759 3671 παραβολαῖς”
779 3565 937 3651 ἀκούσας
954 3566 1052 3664 ποτέ,
1071 3566 1388 3688 σαφεστατηνΙο
1355 3572 1396 3623 11).
1404 3589 1456 3622 ¹¹¹¹·

112 3693 227 3771 αἰτίαν
244 3692 442 3794 εὑρίσκεται
468 3690 612 3772 δαιτῶν
631 3701 653 3739 “
664 3687 753 3771 Οτι
777 3691 988 3789 βλεποντες,
1007 3691 1192 3799 φησιν,’
1153 3725 1195 3772 ον
1216 3691 1305 3786 βλέ·
1354 3702 1395 3753 1¹¹·
1408 3716 1446 3769 ¹³·

112 3823 261 3893 “πουσι
289 3818 348 3894 καὶ
376 3813 563 3901 ἀκούοντες
590 3815 654 3895 οὐκ
682 3815 875 3896 ἀκούουσιν
902 3813 983 3896 οὐδὲ
1010 3816 1230 3897 συνιοῦσιν.”
1268 3816 1310 3894 οὐ

111 3936 182 4040 γάρ
207 3936 303 4037 ἦσαν
325 3938 419 4046 ἄξιοι
441 3937 585 4023 πάντως
609 3939 724 4051 δήπου
751 3937 843 4019 κατά
870 3936 913 4020 τδ
940 3936 1041 4035 είκδς,
1066 3937 1234 4038 τοιαύτην
1254 3938 1307 4021 ἐπ’

59 4099 98 4157 30
111 4062 231 4146 αὐτοῖς
248 4062 464 4163 ὁρισαμένου
481 4060 548 4161 τήν
566 4065 697 4169 ψήφου
715 4070 779 4142 τοῦ
797 4060 844 4142 τά
862 4064 980 4142 δίκαια
998 4061 1179 4165 κρίνοντος
1198 4066 1304 4143 Θεοῦ.
1321 4096 1340 4137 ο
1362 4082 1480 4142 am.

149 4350 172 4387 1.
190 4355 210 4386 π
209 4332 410 4401 ροσκάσθωΒ.
541 4334 568 4390 8.
586 4356 615 4390 τι
627 4340 798 4403 assumptum
810 4329 888 4385 οιΒ
1022 4345 1064 4404 17.
1082 4329 1169 4402 ἕσται]
1186 4337 1215 4395 ÷
1230 4333 1245 4384 8
1258 4330 1310 4386 Ed.

111 4403 195 4458 invito
209 4403 241 4457 B.
256 4403 285 4472 (4
286 4404 311 4459 8.
324 4403 370 4473 ολ)
579 4420 621 4475 ²3·
640 4405 683 4459 καὶ
695 4404 770 4475 prius
782 4409 952 4493 οιτοωρςιυη
964 4419 996 4456 ex
1010 4400 1044 4456 Β.
1109 4399 1237 4473 μαθητὰς]
1250 4400 1311 4458 τοδε

111 4472 300 4600 mgr&
379 4472 422 4530 26.
440 4472 548 4545 ποτι,],
560 4474 667 4532 mun.
767 4473 811 4528 αδ.
830 4473 876 4527 ουκ
887 4470 1083 4532 οκουσοισινΒ
1127 4470 1310 4529 συνιοῦσινΒ.
