3038 5018
100 279 168 366 i.9.
267 279 324 344 IN
355 278 389 344 S.
413 278 668 345 JOANNEM.
714 280 810 346 LIB.
834 279 862 346 Ι.
907 281 1010 346 cAP.
1033 280 1133 346 VIII.
1241 282 1302 346 101

101 441 271 544 δηλονότι
311 441 403 524 κατὰ
445 442 618 545 ἀλήθειαν
653 451 733 551 Φῶς
773 445 1005 548 ἅλωσόμεθα.
1061 447 1190 527 οὐκοῦν
1224 445 1306 526 οὐδὲ

102 570 273 674 ὁμοφυεῖς
304 574 356 677 τῷ
386 576 564 649 τοσούτου
593 567 685 650 κατά
716 570 832 676 Φύσιν
863 569 952 676 ὑπὲρ
984 571 1077 672 ἡμᾶς
1109 567 1307 676 ὑπάρχοντι

102 691 225 799 Λόγιρ.

157 847 249 894 mo
268 846 542 896 οιιιςιιιιιιιιιιον.
569 818 619 898 '0
648 817 767 923 κύριος
794 817 896 918 ἡμῶν
922 820 1066 918 Ἰησοῦς
1094 817 1114 897 ό
1141 816 1334 922 Χριστὸςο

69 941 140 1025 5εὐ
171 947 245 1026 τοῖς
277 943 497 1045 εὐαγγελίοις
529 941 731 1046 εὑρίσκεται
762 942 881 1038 λέγων
909 953 932 991 “
947 945 1049 1043 Αὕτη
1078 940 1121 1023 δέ
1148 944 1249 1022 ἐστιν
1281 941 1304 1042 ἡ
1349 943 1469 1077 ffiffi·

103 1077 126 1115 ‘⁶
143 1069 270 1171 κρίσις,
290 1065 345 1146 ότι
362 1066 403 1147 τὸ
423 1073 502 1174 φῶς
520 1067 697 1167 ἐλήλυθεν
714 1072 761 1152 εἷς
780 1065 845 1147 τὸν
862 1065 1014 1167 κόσμον,
1032 1070 1091 1146 καὶ
1109 1067 1306 1168 ήγαπησαυ

103 1200 125 1238 “
142 1196 176 1271 οἱ
194 1190 376 1294 ἅνθρωποι
393 1198 539 1290 μᾶλλον
557 1190 600 1270 τὸ
622 1188 755 1274 σκότος
778 1187 802 1291 ή
827 1188 869 1271 τό
896 1197 989 1297 φῶς·
1028 1187 1074 1291 ήν
1091 1188 1164 1294 γάρ
1189 1190 1306 1270 αὐτῶν

103 1325 125 1362 “
142 1313 283 1417 πονηρὰ
305 1313 352 1394 τά
376 1315 477 1418 ἔργα.
515 1321 587 1398 πᾶς
605 1313 677 1418 γάρ
696 1315 716 1393 ό
734 1313 780 1395 τά
799 1321 926 1421 φαῦλα
943 1311 1127 1419 πράσσων
1144 1320 1249 1414 μισεῖ
1262 1312 1306 1393 τὸ

103 1448 125 1486 “
144 1445 224 1546 φῶς
251 1441 311 1519 καὶ
338 1439 402 1519 οὐκ
429 1439 570 1544 ἔρχεται
597 1437 688 1543 πρὸς
715 1437 758 1518 τὸ
786 1440 896 1544 φῶς.”
934 1440 1019 1519 ἀλλ’
1040 1437 1138 1540 ε’ίπερ
1165 1439 1245 1517 ἐστὶ
1268 1436 1305 1519 τό

50 1597 89 1638 ιο
103 1563 179 1669 φάς
201 1561 238 1645 τό
261 1560 405 1656 ἀληθινόν
423 1563 443 1642 ό
464 1561 686 1665 Μονογενής,
705 1569 784 1669 φῶς
810 1559 849 1643 δὲ
872 1563 1002 1660 ὁμοίως
1028 1557 1202 1662 ἀληθινόν
1218 1557 1306 1640 εἶναι

102 1687 250 1767 δύναται
267 1688 325 1767 καὶ
344 1688 366 1786 ἡ
385 1687 512 1772 κτίσις
542 1693 620 1770 πῶς
638 1688 658 1767 ό
675 1685 741 1786 μὲν
758 1685 896 1791 ἔρχεται
923 1693 1068 1792 φωτιῶν
1087 1684 1208 1786 αἰπήν,
1225 1685 1248 1786 ἡ
1267 1684 1305 1766 δὲ

102 1809 226 1913 ἠγάπα
244 1808 286 1891 τὸ
305 1808 436 1894 σκότος
448 1843 460 1909 ;
490 1817 568 1894 πῶς
592 1809 630 1890 δὲ
655 1809 750 1894 ὅλως
776 1813 840 1891 ούκ
863 1809 1003 1914 ἔρχεται
1027 1808 1118 1914 πρὸς
1139 1807 1182 1889 τὸ
1208 1815 1338 1917 φῶς,ᾱ

101 1933 200 2038 εἴπερ
230 1936 329 2013 ε’στῖν
357 1936 447 2033 αύτη
475 1934 511 2015 τὶ
545 1933 621 2040 φάς
650 1940 686 2015 τὸ
716 1931 881 2029 ἀληθινός
920 1932 967 2012 τά
997 1932 1162 2036 μὲνγὰρ
1194 1934 1306 2042 φύσει

101 2055 290 2161 προσόντα
313 2060 410 2136 τισὶν
432 2055 662 2161 ἐρριζωμένην
686 2057 759 2163 ἔχει
782 2056 848 2157 τὴν
866 2059 1007 2157 κτῆσιν·
1048 2054 1094 2136 τὰ
1120 2056 1159 2137 δὲ
1184 2056 1305 2161 αἱρετὰ

51 2200 89 2261 ¹5
103 2180 196 2260 κατὰ
214 2180 375 2279 θέλησιν,
394 2181 436 2261 ού
454 2178 621 2281 τοιαύτην
639 2180 710 2285 ἔχει
728 2177 795 2280 τὴν
812 2177 959 2278 στάσιν,
979 2177 1054 2260 οἶον
1071 2180 1158 2287 φέρε
1181 2185 1302 2261 εἰπεῖν·

104 2306 169 2384 οὐκ
191 2306 230 2383 ἐκ
252 2308 391 2404 βουλῆς
416 2311 480 2404 τῆς
505 2306 594 2389 ἰδίας
619 2303 661 2385 τὸ
686 2304 874 2409 ἀνθροπτος
898 2301 986 2384 εἶναι
1006 2300 1153 2406 λογικός
1179 2301 1304 2404 κεκτή-

103 2429 211 2508 σεταί
226 2457 291 2512 τις·
317 2429 390 2534 ἔχει
407 2428 480 2533 γάρ
498 2428 585 2510 αὐτὸ
604 2427 704 2533 παρὰ
721 2433 785 2530 τῆς
804 2431 960 2535 φύσεως·
985 2429 1057 2537 ἕξει
1075 2430 1108 2509 δ’
1129 2430 1192 2509 οὖν
1209 2428 1306 2529 ὅμως

104 2551 195 2632 κατὰ
231 2551 382 2653 θέλησιν
418 2552 484 2654 τὴν
519 2557 655 2651 ἑαυτοῦ,
692 2553 735 2634 τὸ
773 2550 860 2633 εἶναι
896 2551 1053 2657 πονηρὸς
1088 2549 1111 2653 ή
1152 2550 1302 2655 ἀγαθός,

104 2674 286 2777 ἀγαπήσει
310 2712 348 2757 τε
373 2678 502 2777 ὁμοίως
527 2676 581 2758 ἐπ’
599 2678 767 2784 ἐξουσίας
791 2676 834 2758 τό
860 2674 1035 2778 δίκαιονή
1060 2676 1103 2757 τὸ
1129 2678 1300 2758 ε’ναντίον.

49 2828 92 2870 20
104 2800 201 2903 εἴπερ
229 2802 292 2882 οὖν
318 2803 419 2881 ε’στιν
447 2803 469 2901 ἡ
497 2803 612 2886 κτίσις
641 2800 733 2881 κατὰ
760 2801 875 2907 φύσιν
902 2802 939 2883 τό
968 2801 1054 2908 φάς·
1094 2809 1200 2881 τοῦτο
1231 2799 1334 2905 γάρο

103 2927 271 3023 σημαίνει
287 2926 324 3006 τό
343 2924 501 3020 ἀληθινόν·
530 2933 607 3009 πῶς
629 2927 693 3006 οὐκ
716 2925 857 3031 ἔρχεται
874 2924 966 3029 πρὸς
983 2924 1025 3005 τὸ
1044 2931 1150 3030 φῶς;
1183 2923 1206 3025 ἢ
1225 2931 1304 3009 πῶς

104 3048 232 3154 ἀγαπᾷ
260 3048 302 3128 τὸ
330 3047 470 3147 σκότος,
489 3052 537 3133 ὡς
562 3051 625 3129 ούκ
649 3049 786 3153 ἔχουσα
813 3048 982 3148 δηλονότι
1007 3047 1099 3127 κατά
1124 3048 1239 3155 φύσιν
1262 3047 1304 3127 τὸ

103 3167 190 3250 εἶναι
219 3170 295 3278 φάς
322 3171 477 3271 ἀληθινόν,
504 3172 753 3278 προαιρετικὴν
780 3169 818 3253 δὲ
844 3179 991 3272 μᾶλλον
1017 3173 1209 3272 ποιουμένη
1238 3169 1305 3272 τήν

103 3296 162 3375 ἐπὶ
186 3294 228 3374 τὸ
251 3295 396 3394 ἀμεινου
413 3293 437 3395 ή
455 3296 501 3376 τά
518 3298 625 3402 χείρω
643 3295 782 3401 ῥοπήν;
811 3296 834 3398 ἢ
852 3297 972 3377 τοίνυν
989 3294 1305 3396 ἀποτολμάτωσαν

50 3432 89 3494 ²5
105 3424 139 3498 οἱ
157 3420 200 3498 δι’
220 3419 378 3503 ἐναντίας
396 3417 447 3518 μὴ
471 3426 635 3526 φυσικῶς
658 3420 867 3526 ἐνυπάρχειν
886 3426 938 3529 τῷ
955 3426 1033 3528 Υἱῷ
1058 3418 1104 3500 τά
1128 3418 1215 3523 ὑπὲρ
1239 3418 1305 3520 τὴν

104 3543 225 3623 κτίσιν
243 3541 538 3643 πλεονεκτήματα
560 3545 693 3645 λε’γειυ,
713 3545 770 3625 ἵνα
795 3543 1015 3650 γυμνότερου
1032 3548 1306 3652 δυσφημοῦντες

103 3667 322 3772 ἐλέγχωνται
354 3670 413 3747 καὶ
444 3666 543 3772 παρὰ
574 3667 720 3748 πάντων
746 3669 955 3749 ἀκούσωσιν
982 3680 1003 3717 “
1019 3666 1305 3774 Ἑξολοθρεύσαι
1349 3694 1473 3758 Pam.

104 3799 128 3837 ‘⁴
148 3790 280 3894 Κύριος
306 3789 425 3871 πάντα
452 3790 498 3870 τά
526 3791 630 3896 χείλη
657 3791 703 3872 τά
732 3790 847 3891 δόλια,
871 3800 1055 3894 γλῶσσαν
1079 3791 1304 3896 μεγαλοῤῥή-

105 3923 128 3959 “
146 3915 270 4012 μονα,”
299 3912 322 4015 ή
350 3914 448 4016 εἴπερ
475 3916 698 4016 ὁμολογοῦσι
725 3923 858 4023 σαφῶς
887 3919 1068 4002 ούσιωδῶς
1095 3915 1335 4022 ἐνυπάρχεινο
1376 3943 1420 3998 62
1433 3941 1473 3999 Δ

51 4067 91 4122 30
105 4037 201 4144 αὐτῷ
225 4035 272 4117 τά
296 4037 426 4140 ἀγαθά,
444 4037 495 4138 μή
520 4039 806 4121 συναπτέτωσαν
830 4043 925 4148 αύτῷ
948 4039 1040 4145 πρὸς
1064 4037 1213 4141 ἑνότητα
1238 4037 1306 4140 τὴν

142 4336 168 4383 4.
188 4319 202 4370 ὀ
214 4318 260 4371 alt.
273 4327 442 4390 assumptum
456 4336 488 4373 ex
501 4318 537 4372 D.
642 4336 683 4386 14.
703 4321 793 4388 κτῆσιν
807 4319 840 4374 Β.
853 4317 936 4390 φύσιν
949 4317 1001 4373 Ed.
1103 4317 1144 4373 16.
1160 4319 1259 4388 βουλῆς
1271 4317 1305 4374 Β.

103 4386 259 4454 βουλήσεως
272 4387 323 4442 Ed.
433 4402 474 4459 17.
492 4391 538 4458 τῆς
548 4388 669 4463 φύσεως]
682 4392 728 4460 τῆς
739 4391 809 4446 θεῖος
820 4389 927 4460 φύσεως
940 4389 973 4444 Β.
1081 4405 1123 4444 2ο.
1142 4391 1206 4445 κατὰ
1223 4389 1307 4462 φύσιν

105 4457 121 4525 ἡ
135 4458 218 4513 κτίσις
229 4459 336 4513 inverso
347 4459 441 4514 ordine
455 4459 487 4514 B.
604 4458 608 4465 '
683 4477 726 4516 22.
744 4461 808 4516 κατὰ
819 4458 903 4532 φύσιν
915 4461 1035 4530 δηλονότι
1045 4460 1152 4516 inverso
1164 4459 1257 4517 ordine
1271 4461 1305 4517 B.

107 4543 151 4594 24.
170 4526 215 4599 τὸ]
228 4530 259 4583 τὸ
272 4528 306 4584 Β.
414 4543 457 4600 27.
474 4528 613 4586 ἀκούουσιν
625 4529 658 4586 Β.
765 4531 808 4586 28.
826 4532 1008 4604 καὶγλῶσσον
1021 4531 1054 4587 Β.
