3038 5018
227 296 292 362 ³02
529 298 570 364 Β.
593 296 800 364 CYRILLI
830 294 1119 362 ALEXANDR.
1249 292 1292 359 iv.
1304 291 1425 377 48-50.

199 458 386 540 θθανάτου
417 462 584 565 κρείττων
612 460 881 559 ὑπολαμβάνειν
909 463 1028 560 αὐτὸν,
1056 460 1152 542 Θεὸν
1184 459 1222 540 δὲ
1255 458 1427 565 ὑπάρχειν

230 582 368 664 οἴεσθαι
385 589 557 685 μηδαμῶς
574 583 637 665 τὸν
655 592 871 690 θεοπρεποῦς
889 586 1015 691 ἰσχύος
1033 585 1338 688 πεπληρωμένονς

177 811 217 869 49
251 799 334 866 Ἐὰν
360 801 404 877 μιὶ
433 797 548 878 οιιμεῖα
577 803 630 867 καί
656 803 777 893 τέρατα
804 798 905 884 ίδιιτε,
933 804 970 869 οὐ
997 803 1041 882 μιὶ
1069 804 1270 873 πιστεύσατε.
1315 802 1401 877 λέγει

601 928 682 1016 πρὸς
709 929 808 996 αὐτὸν
835 930 847 996 ἱ
881 930 1055 1009 βασιλικός.

411 1088 422 1115 ἱ

284 1092 447 1192 Ἀπηνης
464 1089 530 1190 μὲν
547 1092 597 1172 ἔτι
615 1099 688 1176 τοῖς
706 1095 952 1190 πλανωμένοις
969 1091 1183 1195 ἐναυλίζεται
1202 1102 1294 1191 νοῦς,
1313 1091 1429 1195 λόγου
1444 1117 1464 1176 5

230 1215 273 1295 δέ
292 1250 369 1298 πως
394 1216 497 1295 ἔσται
519 1224 583 1295 τοῦ
606 1225 801 1300 καλοῦντος
826 1223 874 1299 είς
897 1218 1023 1296 πίστιν
1041 1224 1200 1319 κρεῖττον
1218 1215 1260 1296 τῦ
1284 1223 1424 1314 θαυμα·

230 1339 476 1443 τουργότερον·
496 1337 555 1419 διά
572 1374 613 1441 γε
633 1374 686 1419 τοι
706 1348 812 1419 τοῦτο
825 1340 972 1446 τεράτων
986 1343 1124 1420 δεῖσθαι
1143 1348 1288 1437 μᾶλλον
1301 1338 1430 1424 αύτοῦς

63 1477 180 1534 204Δ.
201 1461 389 1568 ιε”φαινκεν
410 1465 430 1542 ὁ
455 1462 582 1567 Σωτὴρ
606 1469 654 1547 είς
678 1461 720 1543 τὸ
745 1464 923 1544 δύνασθαι
946 1466 1076 1572 ῥᾳδίως
1101 1472 1149 1550 εὶς
1173 1465 1215 1544 τὸ
1240 1466 1431 1570 συμφέρον

230 1585 557 1685 μεταπαιδεύεσθαι,
590 1589 649 1668 καὶ
683 1587 747 1669 τὸν
779 1588 866 1670 ὄντα
902 1588 994 1670 κατὰ
1030 1589 1145 1698 φύσιν
1180 1588 1431 1692 ἐπιγινώσκειν

232 1710 337 1792 Θεύν.
1448 1742 1488 1784 ιο

376 1876 480 1968 Κύριε,
508 1879 665 1956 κατάβιιθι
692 1879 767 1969 πρὶν
794 1874 971 1946 ἀποθανεῖν
997 1880 1035 1947 τὸ
1062 1879 1192 1945 παιδίον
1218 1901 1290 1956 μου.

288 2041 438 2144 Ὀλίγος
465 2037 531 2141 μὲν
552 2046 678 2142 κομιδῆ
705 2040 796 2147 πρὸς
823 2041 973 2122 σύνεσιν
996 2042 1016 2121 ὁ
1044 2041 1247 2140 βασιλικὸς,
1273 2041 1432 2146 νηπιάζει

232 2163 275 2242 δέ
288 2198 365 2248 πως
382 2169 463 2269 περὶ
483 2163 549 2265 τὴν
566 2170 629 2265 τῆς
646 2165 791 2272 χάριτος
816 2164 968 2266 αἴτησιν,
987 2171 1045 2246 καὶ
1070 2166 1183 2268 ἠρέμα
1208 2173 1433 2271 παραληρῶν

233 2288 295 2367 οῦκ
314 2286 533 2370 αἰσθάνεται.
574 2292 615 2369 ού
642 2288 713 2394 γὰρ
740 2288 794 2370 ὅτι
817 2288 927 2388 μόνον
946 2287 1092 2394 ἰσχύσει
1109 2289 1248 2392 παρὼν,
1269 2289 1432 2370 ἀλλ’ὅτι

234 2408 279 2508 δὴ
291 2409 435 2496 πάντως
447 2416 506 2491 καὶ
519 2412 621 2493 ἀπὼν
634 2411 818 2515 ἐνεργήσει
830 2409 1086 2510 πεπιστευκὼς,
1097 2410 1432 2519 άξιοπρεπεστάτην
1448 2437 1488 2496 15

233 2531 278 2613 άν
305 2536 358 2615 ἐπ’
388 2537 485 2644 αῦτηῦ
512 2535 577 2637 τὴν
603 2538 779 2643 διάληψιν
802 2535 1008 2636 ἐποιήσατο.
1055 2542 1130 2616 νυνὶ
1158 2534 1196 2616 δὲ
1224 2539 1368 2641 φρονῶν
1392 2568 1434 2615 τε

200 2661 292 2737 bna}
332 2656 503 2762 πράττων
538 2657 840 2762 παραλογώτατα,
879 2657 945 2758 τὴν
982 2663 1066 2765 Θεῷ
1103 2659 1168 2757 μὲν
1204 2657 1435 2762 άρμύζῦυσαν

235 2778 342 2885 ίσχῦν
369 2784 516 2880 ἀπαιτεῖ,
541 2785 589 2866 ὡς
618 2781 655 2862 δὲ
683 2780 778 2862 Θεὸν
805 2783 869 2861 οῦκ
897 2782 1004 2862 οἴεται
1032 2781 1079 2861 τὰ
1104 2782 1224 2863 πάντα
1250 2790 1431 2883 πληροῦν,

235 2903 321 2985 ἀλλ’
340 2902 419 2985 οῦδὲ
437 2904 592 2986 θανάτου
609 2903 830 3009 γενήσεσθαι
849 2906 1040 3008 κρείττονα,
1060 2907 1173 2985 καίτοι
1196 2910 1247 3014 τῷ
1268 2906 1435 3012 πλείστῳ

64 3029 171 3159 ἓξὲἳῖ.
235 3030 454 3130 κρατηθέντα
471 3035 764 3110 πλεονεκτεῖσθαι
781 3033 1014 3133 παρακαλῶν·
1034 3042 1056 3076 “
1070 3024 1234 3129 Ἔμελλε
1252 3028 1324 3133 γὰρ
1343 3033 1434 3111 ἁπο-
1452 3058 1493 3098 20

146 3143 148 3149 ‚
237 3162 258 3199 “
276 3151 467 3254 θνήσκειν”
486 3153 506 3232 ὃ
533 3161 629 3238 παῖς.

183 3373 224 3432 50
363 3370 476 3446 λέγει
503 3370 593 3455 αὐτῷ
620 3370 788 3439 ὁἸιιοοῦο
817 3371 973 3461 Πορεύου·
1012 3372 1030 3439 ὁ
1058 3368 1126 3440 uide
1154 3393 1211 3438 σου
1238 3375 1283 3461 ζῇ.

293 3534 422 3617 Οὕτως
448 3531 517 3612 ἔδει
543 3533 759 3614 πιστεύοντα
786 3541 1015 3640 προσελθεῖν,
1044 3536 1129 3614 ἀλλ’
1160 3536 1203 3614 οῦ
1230 3541 1307 3620 ταῖς
1334 3535 1440 3634 ἡμῶν

205 3657 403 3756 οάμαθίαις
435 3662 650 3761 φιλονεικῶν
676 3659 802 3759 ὁρᾶται
830 3655 1004 3760 Χριστός·
1048 3659 1222 3761 εὐεργετεῖ
1251 3657 1289 3738 δὲ
1322 3658 1441 3739 πάλιν

235 3784 294 3863 καὶ
311 3781 515 3878 πταίοντας,
533 3784 581 3865 ὡς
599 3779 701 3864 Θεύς.
740 3779 828 3885 ὅπερ
847 3782 912 3861 οῦν
930 3781 998 3862 ἔδει
1017 3787 1157 3886 δρῶντα
1175 3780 1438 3883 θαυμάζεσθαι,
1455 3814 1495 3876 ²5

234 3913 342 3986 τοῦτο
360 3907 417 3985 καὶ
436 3903 485 4003 μὴ
505 3901 700 4007 δεδρακότα
719 3902 878 3984 διδάσκει
897 3903 960 3985 τὸν
972 3904 1173 4009 ἄνθρωπον,
1184 3906 1274 4003 ὁμοῦ
1290 3907 1347 3984 καὶ
1364 3911 1443 3985 τῶν

235 4029 448 4109 καλλίστων
476 4025 678 4129 εἰσηγητὴς,
707 4030 765 4106 καὶ
796 4034 869 4108 τῶν
896 4030 935 4107 ἐν
962 4030 1078 4132 εὐχαῖς
1107 4030 1254 4129 ἀγαθῶν
1281 4028 1443 4132 χορηγὸς

235 4152 535 4251 άναδεικνύμενος.
577 4154 615 4230 ἐν
637 4150 701 4251 μὲν
724 4151 796 4254 γὰρ
818 4156 870 4259 τῷ
894 4152 1029 4258 Πορεύου
1053 4150 1095 4230 τῦ
1119 4153 1299 4232 πιστεύειν
1321 4153 1440 4249 ἐστὶν,

275 4400 298 4437 1.
318 4386 433 4452 κρεῖττον
444 4400 498 4437 om.
513 4382 545 4436 B.
634 4397 658 4453 7.
677 4406 717 4438 τοι
729 4392 899 4451 assumptum
912 4399 944 4436 ex
961 4382 991 4436 Β.
1041 4383 1119 4436 αὐτοῦ
1133 4382 1166 4436 Β.
1251 4384 1277 4438 8.
1296 4383 1332 4439 εἷς
1344 4384 1390 4437 alt.
1406 4384 1441 4439 Β.

236 4455 301 4523 πρὸς
315 4452 366 4508 Ed.
440 4469 481 4520 14.
500 4452 586 4523 ἷσχύει
603 4452 635 4506 Β.
711 4468 752 4524 17.
770 4453 935 4522 ἁρμόζουσαν
948 4452 981 4507 Β.
994 4453 1209 4522 πρέπονσανΕθ.
1282 4469 1326 4508 20.
1345 4475 1441 4524 κρατη-

237 4521 328 4593 θέντα]
342 4522 513 4592 κρατήσαντα
524 4523 597 4593 μίρει
611 4522 643 4577 Β.
