3038 5018
237 293 301 359 826
541 298 579 363 B.
604 297 812 364 CYRILLI
842 297 1130 363 ALEXANDR.
1339 317 1370 360 v.
1387 313 1438 380 19.

206 486 269 538 θτι
288 457 407 577 βλέπή
429 462 481 543 τὶν
501 463 639 571 Πατέρα
663 467 827 545 ποιῶνται.
865 464 915 563 μὴ
935 465 1114 558 ἐπιτιμᾶτε
1139 459 1221 564 γάρ,
1241 461 1346 566 φησὶ,
1365 465 1439 542 τοῖς

236 581 353 686 ἔργοις
378 592 443 664 τοῦ
465 590 567 666 Υῖοῦ·
598 586 665 687 τὴν
689 586 761 691 γάρ
784 596 849 668 τοῦ
873 587 1037 671 τεκόντος
1063 583 1172 666 αὐτὸν
1200 588 1248 668 ῶς
1273 587 1310 663 ἐν
1336 585 1438 666 ἰδίαις

236 707 383 792 ἐννοίαις
396 709 486 809 ἤτοι
514 717 681 817 φυσικοῖς
709 710 901 812 κινήμασιν
929 713 1141 813 ἀναθεωρῶν
1164 709 1300 805 οὐσίαν,
1320 703 1438 809 ῶνπερ

237 827 283 910 ῶν
312 830 380 912 ἰ’δοι
411 833 619 938 πρεπόντως
650 833 794 939 ἐργάτιν
824 835 945 934 αὐτὴν,
976 843 1088 914 ταῦτα
1116 833 1161 933 δὴ
1189 832 1348 935 πράττει,
1379 835 1438 911 καὶ

236 951 356 1058 ἕτερον
383 957 495 1057 οὐδὲν,
512 963 639 1039 παθεῖν
665 994 700 1039 τι
727 965 801 1039 τῶν
826 958 926 1061 παρὰ
955 958 1070 1058 φύσιν
1098 956 1156 1038 διά
1186 956 1227 1037 τὸ
1258 958 1301 1062 ἐξ
1329 958 1472 1055 αάτῆς5

237 1077 409 1185 ὑπάρχειν
438 1082 480 1161 οὐ
507 1079 711 1181 δυνάμενος·
751 1081 838 1180 οἷον,
868 1080 939 1187 ἐχει
967 1080 1009 1161 τὸ
1038 1082 1156 1161 θέλειν
1183 1083 1293 1160 ἐλεεῖν
1322 1080 1344 1178 ἡ
1372 1087 1437 1159 τοῦ

240 1201 385 1306 Πατρδς
422 1205 546 1311 φάσις·
584 1214 690 1287 τοῦτο
724 1204 768 1306 δὴ
805 1212 864 1286 καὶ
895 1202 1095 1310 ἐνυπάρχον
1126 1206 1217 1310 αὐτῇ
1246 1210 1390 1305 θεωρῶν
1417 1204 1438 1282 ὁ

238 1325 337 1426 Υἱὸς,
362 1329 409 1411 ῶς
438 1328 483 1436 ἐξ
509 1331 618 1410 αι’ποῶ
648 1336 821 1435 φυσικῶς,
849 1329 1009 1429 ἐλεήμων
1036 1331 1146 1425 ἐστὶν,
1176 1328 1218 1408 οὐ
1246 1325 1438 1425 δυνάμενος

72 1463 134 1521 221
145 1460 186 1518 A·
208 1448 358 1554 εἶτερόν
387 1485 422 1531 τι
454 1453 539 1555 παρ’
571 1452 660 1558 ὅπερ
692 1456 792 1535 ἐστὶν
824 1455 935 1554 ἐκείνη
972 1453 1153 1554 γενέσθαι.
1194 1450 1265 1556 ἔχει
1293 1449 1367 1553 γὰρ
1397 1453 1440 1531 ἐκ

240 1573 395 1678 Παπρὸς,
415 1573 540 1678 ὥσπερ
557 1577 623 1678 τήν
642 1580 779 1673 οὐσίαν,
796 1580 889 1658 οὕτω
915 1581 972 1657 καὶ
996 1575 1043 1657 τὰ
1066 1581 1128 1675 τῆς
1155 1575 1280 1660 οὐσίας
1301 1575 1436 1677 ἀγαθά·
1457 1607 1496 1648 10

237 1698 365 1783 ἁπλῶς
390 1697 429 1778 δέ
455 1704 567 1798 δῆλον
587 1699 642 1781 άτι
669 1704 728 1782 καὶ
757 1701 960 1785 άσυνθέτως
988 1704 1035 1784 ὡς
1055 1699 1159 1785 Θεός·
1191 1698 1304 1780 διάτοι
1333 1708 1440 1778 τοῦτο

210 1929 212 1932 y
237 1829 311 1906 τοῖς
336 1823 492 1926 πράτοις
519 1824 675 1927 ἐπιλέγει
702 1831 831 1932 σοφῶς
850 1822 897 1905 “A
917 1825 987 1931 γάρ
1015 1822 1055 1906 δν
1079 1826 1195 1909 ἐκεῖνος
1222 1833 1307 1935 ποιῇ,
1326 1825 1440 1904 ταῦτα

239 1953 299 2026 καὶ
326 1945 435 2033 Πῶς
460 1950 580 2054 ὁμοίως
605 1954 702 2030 ποιεῖ·
732 1948 833 2048 ὅλην,
853 1952 900 2032 ῶς
926 1949 1010 2032 ἔπος
1034 1953 1151 2044 εἰπεῖν,
1169 1945 1236 2046 τὴν
1258 1948 1440 2049 περίνοιαν

236 2077 300 2149 τοῦ
324 2067 374 2169 μὴ
393 2066 561 2153 δύνασθαι
585 2078 687 2154 ποιεῖν
705 2079 770 2180 ἀφ’
790 2075 905 2155 ἑαυτοῦ
928 2070 1037 2170 μηδέυ
1055 2070 1110 2152 ἐάν
1128 2076 1176 2176 μή
1197 2107 1229 2149 τι
1248 2069 1367 2184 βλέπή
1387 2070 1439 2152 τδν

237 2193 376 2297 Πατέρα
409 2198 575 2293 ποιοῖντο,
608 2194 778 2298 συνάγων
814 2199 852 2275 ἐν
881 2195 1030 2279 τούτοις.
1070 2193 1366 2297 άναλογιζόμενος
1400 2193 1439 2274 δέ
1459 2221 1497 2282 15

235 2316 302 2418 τὴν
330 2318 456 2415 αἰτίαν,
480 2320 536 2422 ἐφ’
563 2317 586 2425 ᾗ
616 2318 663 2399 τὰ
692 2319 838 2399 τοιαῦτά
868 2326 984 2426 φησιν
1013 2321 1034 2398 ὁ
1059 2318 1157 2415 Υἱὸς,
1184 2317 1439 2422 ἀκριβέστερον

236 2448 311 2525 τοῖς
327 2441 413 2544 παρ’
434 2443 535 2541 ἡμῶν
554 2445 745 2547 εῖρημένοις
763 2442 970 2544 ἐπιστήσεις
989 2441 1052 2522 τὸν
1072 2450 1168 2521 νοῦν.

203 2587 224 2652 b
294 2566 439 2645 Οὐκοῦν
469 2567 655 2669 ἐπειδήπερ
687 2569 724 2646 ἐν
754 2567 868 2673 ήμέρᾳ
904 2565 1098 2662 σαββάτου
1130 2563 1194 2645 τὸν
1226 2565 1440 2668 παράλυτον

236 2686 345 2787 ήλέει,
377 2687 513 2769 διῶκειν
545 2689 654 2769 αὐτὸν
686 2689 889 2794 ἐπεχείρουν
921 2695 955 2768 οἱ
985 2687 1161 2769 Ἰουδαῖοι·
1203 2692 1367 2770 δυσωπεῖ
1400 2690 1440 2769 δέ

236 2810 363 2895 αὐτοὺς
391 2813 412 2891 ὃ
437 2812 610 2916 Χριστὸς,
636 2815 805 2894 ἐλεοῦντα
832 2811 966 2897 δεικνὺς
993 2811 1057 2892 τὸν
1082 2812 1178 2892 Θεὸν
1203 2817 1262 2893 καὶ
1289 2814 1438 2915 Πατέρα
1456 2853 1496 2893 το

236 2933 328 3016 κατὰ
352 2934 395 3016 τὸ
419 2936 620 3030 σάββατον.
659 2938 701 3016 οὐ
723 2935 796 3039 γὰρ
817 2935 915 3045 ᾠήθη
935 2942 1006 3016 δεῖν
1025 2937 1265 3017 άποκωλῦσαί
1283 2971 1371 3017 ποτε
1389 2936 1439 3017 τὰ

236 3056 308 3138 ὅσα
332 3059 401 3161 πέρ
425 3062 525 3140 ἐστιν
543 3067 591 3146 εἰς
615 3061 798 3164 σαπηρίαν
822 3056 888 3159 τὴν
912 3060 1084 3163 ἡμετέραν
1104 3063 1347 3140 συντείνοντα·
1378 3065 1440 3140 καὶ

236 3181 352 3282 δήκαὶ
367 3183 526 3287 ἔφασκεν
538 3186 577 3264 ἐν
590 3188 716 3289 ἀρχαῖς
730 3195 752 3232 “
764 3186 812 3264 Ὁ
829 3182 958 3288 Πατήρ
976 3218 1046 3282 μου
1064 3184 1129 3269 ἕως
1147 3183 1227 3284 άρτι
1245 3182 1439 3287 ἐργάζεται,

236 3315 259 3354 “
277 3305 377 3408 κάγῶ
395 3306 616 3410 ἐργάζομαι.”
646 3308 764 3408 ἐπειδὴ
790 3307 828 3388 δέ
852 3310 911 3388 καὶ
933 3308 1184 3413 άσχάλλοντες
1208 3307 1299 3413 πρὸς
1323 3317 1441 3388 ταῦτα

158 3493 161 3499 -
235 3426 295 3510 διά
316 3428 462 3531 πολλὴν
480 3431 667 3538 ἐφαίνοντο
692 3434 928 3530 δυσβουλίαν,
947 3430 1099 3534 ἐπιλέγει
1124 3430 1237 3512 πάλιν
1256 3438 1310 3513 Οὐ
1338 3428 1438 3513 δίνα-
1455 3463 1493 3524 25

205 3584 294 3634 οται
313 3563 328 3636 o‘
347 3555 423 3640 ’Υῶς
441 3560 545 3637 ποιεῖν
563 3561 627 3662 άφ
647 3558 761 3638 ἑαυτοῦ
781 3551 866 3638 οὐδὲν
884 3554 939 3638 ἐιῖν
958 3558 1005 3661 μή
1031 3592 1061 3637 τι
1086 3556 1201 3672 βλίπή
1223 3556 1274 3636 τὶν
1295 3556 1439 3656 Πατέρα

234 3682 401 3760 ποιῶνται·
442 3677 468 3760 οἳ
498 3679 567 3788 γάρ
599 3679 640 3762 ῶν
670 3683 786 3767 ἐκεῖνος
817 3689 904 3794 ποιῇ,
934 3682 1045 3760 ταῦτα
1077 3687 1136 3760 καὶ
1168 3691 1182 3761 ὁ
1209 3680 1284 3766 Tibe
1316 3688 1439 3785 ὁμοίως

233 3808 342 3883 ποιεῖ·
370 3804 488 3903 ἐπειδὴ
515 3802 588 3908 γάρ
612 3806 654 3883 οὐ
676 3811 908 3907 παραιτεῖται,
928 3808 1054 3909 φησὶν,
1072 3805 1092 3883 ὁ
1112 3803 1240 3907 Πατήρ
1259 3805 1370 3882 ἐλεεῖν
1395 3807 1437 3883 ἐν

232 3926 424 4033 σαββάτῳ,
441 3928 591 4021 βλέπων
609 3926 694 4007 ὅντα
719 3926 777 4007 διά
800 3926 935 4011 παντὸς
960 3929 1247 4034 φιλοικτίρμονα,
1266 3926 1437 4033 ταύτῃτοι

233 4050 332 4152 κάγῶ
360 4050 418 4132 διὰ
445 4050 578 4135 παντὸς
606 4053 707 4149 ἐλεῶ,
726 4052 986 4150 καινοτομῆσαί
1009 4085 1086 4136 πως
1110 4061 1175 4131 τοῦ
1199 4050 1344 4152 Πατρῖις
1368 4052 1437 4153 τὴν
1452 4077 1494 4132 30

271 4269 295 4307 ῐ.
313 4255 398 4377 φήρὶν
409 4265 470 4325 post
481 4256 538 4309 υἱοῦ
550 4263 584 4309 tr.
599 4253 632 4311 B.
738 4273 764 4321 4.
783 4254 905 4325 πράττειν
919 4253 952 4307 Β.
1069 4266 1094 4323 7.
1113 4255 1128 4306 ὁ
1142 4254 1201 4308 Υἱὸς
1214 4252 1316 4322 θεωρῶν
1328 4252 1437 4308 inverso

232 4323 325 4377 ordine
365 4365 371 4378 .
525 4327 550 4380 8.
569 4327 661 4380 ἑαυτοῦ
674 4324 707 4378 Β.
865 4342 891 4395 9,
903 4340 943 4378 10.
963 4325 1017 4393 ἔχει
1063 4324 1200 4394 ρ-ἆγαθά
1213 4325 1276 4376 citat
1289 4322 1393 4377 Vaccus
1407 4326 1437 4378 in

233 4391 325 4464 Epigr.
338 4396 374 4449 xi.
495 4413 536 4451 11.
555 4397 597 4450 διὰ
610 4395 726 4449 τοῦτοδὲ
741 4393 774 4448 Β.
902 4411 942 4465 13.
962 4396 1025 4463 ὅλην
1052 4395 1145 4464 ταύτην
1160 4395 1191 4448 Β.
1205 4394 1250 4447 sed
1264 4393 1328 4462 ὅλην
1343 4393 1365 4446 Β
1379 4412 1436 4465 mg.

234 4476 277 4553 ἰή.
296 4464 365 4532 ἡμῶν
379 4465 410 4519 Β.
424 4467 506 4519 αὐτῶν
519 4466 569 4521 Ed.
693 4465 735 4519 28.
754 4465 841 4535 ἐπειδή
855 4464 888 4519 Β.
900 4465 955 4520 ἐπεὶ
970 4465 1021 4520 Ed.
1148 4481 1191 4535 29.
1209 4463 1328 4535 βλέπων]
1341 4466 1436 4530 βλέπει

232 4553 283 4603 γαρ
298 4534 329 4588 Β.
401 4553 443 4604 30.
461 4559 515 4592 ποις
528 4546 589 4607 post
601 4535 703 4605 Πατρδς
715 4543 749 4590 tr.
764 4534 796 4590 B.
