3038 5018
108 297 164 362 vii.
180 298 295 385 28,29.
407 300 464 365 IN
495 301 529 365 S.
553 298 809 365 JOANNEM.
854 298 948 363 LIB.
966 299 1006 363 V.
1243 300 1307 360 659

1319 416 1475 472 awoA.

145 516 207 585 ‘Ov
235 513 325 595 ὑμεῖς
352 515 410 586 οὐκ
437 514 560 601 οἴδατε,
586 518 653 594 ὲτὼ
679 517 715 584 δὲ
742 512 817 585 οἶδα
845 517 955 600 αὐτόν,
981 521 1031 587 ὅτι
1057 517 1129 607 παρ’
1161 517 1261 584 αὐτοῦ
1320 537 1358 593 29

433 641 508 727 εἰμι,
536 640 685 711 κάκεῖνός
712 668 752 722 με
779 645 983 711 ἀπέστειλεν.

882 806 893 832 ἱ
951 807 969 838 (Ι
1065 805 1083 837 ³!

163 806 342 909 Ἐλέγετε,
371 812 496 914 φησὶν,
525 810 654 912 ἀρτίως
681 810 730 888 Ὁ
756 814 919 912 Χριστος
950 843 1037 887 οταν
1065 813 1166 912 ελθη,
1195 808 1306 891 οῦδεῖς

108 926 180 1011 οἶδε
215 930 328 1012 πόθεν
359 935 470 1014 ε’στίν.
525 935 610 1012 ἀλλ’
645 934 788 1035 ε’πείπερ
822 934 904 1030 ύμῖν
935 940 1040 1011 τοῦτο
1071 930 1183 1038 δόξαν
1214 931 1306 1034 ἔχειν

76 1055 234 1158 5όρθῶς,
256 1058 304 1139 ὡς
332 1055 465 1157 ἀληθὲς
492 1055 692 1159 κρατύνετε,
711 1062 869 1137 συναινῶ
899 1062 972 1139 τοῖς
999 1056 1084 1160 παρ’
1104 1058 1202 1154 ῦμῶν
1224 1056 1306 1156 περὶ

107 1179 235 1260 τούτου
263 1178 398 1284 λόγοις.
450 1177 621 1304 ἀληθινός
647 1178 714 1279 μὲν
741 1178 813 1283 γάρ
845 1181 891 1287 ἐξ
923 1179 1032 1283 οῦπέρ
1059 1185 1129 1277 εῖμι
1158 1176 1303 1281 Πατὴρ,

108 1304 194 1382 ἀλλ’
214 1305 281 1408 οῦχ
304 1306 386 1402 ύμῖν
402 1302 638 1407 ἐγνωσμένος.
677 1303 765 1384 ὅταν
781 1305 912 1400 τοίνυν,
931 1307 1056 1410 φησὶν,
1076 1299 1306 1399 ἀβουλότατα

108 1423 183 1524 μὲν,
205 1426 304 1527 πλὴν
332 1431 466 1512 ἑαυτοῖς
496 1425 721 1531 ἀρεσκόντως
749 1426 1015 1526 διασκίπτησθε
1042 1425 1083 1507 τὸ
1112 1428 1192 1530 περὶ
1220 1427 1306 1525 ἐμοῦ

1352 802 1434 865 Supra

1352 881 1404 916 vor.
1418 876 1457 930 η.

107 1549 317 1653 μυστήριον,
347 1549 422 1632 εἶτα
453 1551 691 1653 γινώσκοντες
724 1551 777 1635 τίς
808 1553 866 1630 καὶ
897 1549 1010 1632 πόθεν
1039 1555 1108 1651 εἰμὶ
1140 1547 1181 1631 τὸ
1215 1547 1306 1629 κατά

58 1701 95 1741 10
108 1671 239 1774 σάρκα,
272 1673 314 1755 τὸ
350 1680 480 1781 χρῆναι
512 1673 692 1755 πιστεύειν
724 1674 934 1774 ἐκπέμπητε,
968 1675 1026 1755 διὰ
1058 1682 1163 1754 τοῦτο
1194 1672 1340 1769 μόνονῐ)

107 1799 362 1906 παραδέξασθε
396 1798 461 1897 τὴν
498 1800 634 1897 πίστιν,
673 1798 760 1878 όταν
795 1799 1011 1899 εῦρίσκησθε
1051 1797 1101 1897 μὴ
1144 1807 1305 1882 νοοῦντες

107 1918 219 2001 πόθεν
239 1924 320 2022 εἶμί·
357 1927 427 2020 εῖμῖ
454 1923 492 2003 δὲ
520 1927 558 2003 ἐκ
584 1921 740 2027 Πατρός,
763 1925 796 2003 δν
820 1927 915 2027 ὑμεῖς
944 1928 1002 2002 οῦκ
1033 1918 1154 2020 οῖθατε,
1177 1920 1240 2001 τὸν
1263 1923 1308 2029 ἐξ

107 2047 217 2125 αῦτοῦ
244 2045 295 2147 μὴ
322 2047 462 2145 εῖδότες,
480 2044 572 2155 ε’νῷ
602 2050 659 2125 καὶ
687 2046 785 2154 μόνῳ
810 2043 934 2129 θεατῖις
959 2048 979 2124 ὁ
1006 2045 1147 2148 Πατήρ.
1188 2045 1304 2149 ὁγάρ

107 2167 270 2266 ἑωρακὼς
294 2168 359 2249 τὸν
376 2169 466 2249 Υῖὸν
489 2170 621 2271 ἑώρακε
643 2169 707 2249 τὸν
727 2169 884 2272 Πατέρα,
904 2173 962 2248 καὶ
987 2173 1007 2250 ὁ
1033 2170 1223 2272 γινώσκων
1241 2167 1304 2248 τὸν

58 2314 94 2374 15
108 2290 199 2374 Υῖδν
226 2295 289 2373 οῦκ
315 2291 474 2396 η’γνόησε
500 2292 564 2373 τὸν
590 2291 824 2395 γεννήσαντα.
863 2294 991 2373 οῦκοῦν
1013 2292 1159 2393 ἀπάσης
1187 2297 1305 2378 αῦτοῖς

108 2419 355 2520 εῦρεσιλογίας
388 2423 447 2497 καῖ
479 2415 537 2497 διὰ
574 2424 679 2496 τοῦτο
717 2416 945 2523 ἐξῃρημένης,
976 2417 1161 2501 κακονοίας
1192 2417 1305 2496 πάλιν

107 2541 207 2626 ὄντες
239 2543 460 2640 ἁλώσονται,
489 2541 678 2648 πρόφασιν
708 2540 773 2638 μὲν
802 2542 979 2625 ἀπειθείας
1014 2543 1179 2638 οὐδεμίαν
1207 2541 1302 2643 εῦρί-

108 2699 257 2750 σκοντες
281 2667 342 2765 ἔτι,
362 2664 486 2765 μόναις
512 2665 548 2744 δὲ
574 2672 650 2748 ταῖς
675 2668 808 2745 ἑαυτῶν
827 2666 1059 2767 δυστροπίαις
1082 2665 1149 2766 τὴν
1167 2673 1304 2767 γνῶσιν

108 2790 353 2896 ἐξωθούμενοι,
372 2790 431 2870 ἵνα
452 2791 622 2894 φαίνηται
646 2791 703 2867 καῖ
722 2786 764 2866 τὸ
781 2788 1028 2891 γεγραμμένον
1046 2789 1177 2889 ἀληθές
1196 2800 1217 2835 “
1234 2788 1298 2869 Εἴ·
1349 2792 1393 2908 ᾗ·
1405 2791 1458 2842 ¹¹³³·

56 2939 95 2981 20
109 2923 131 2960 “
149 2916 225 2993 δετε
249 2913 450 3010 πλεονάκις,
474 2916 532 2992 καὶ
558 2914 622 2992 οῦκ
647 2908 895 3019 ἐφυλάξαοθε·
926 2914 1117 3015 ἠνοιγμένα
1139 2912 1186 2993 τά
1210 2910 1333 3014 ὦτα,ο

108 3047 130 3082 “
146 3044 204 3116 καὶ
232 3039 295 3117 οῦκ
324 3035 535 3137 ἡκούσατε.”
564 3034 683 3135 ἐπειδὴ
713 3037 750 3115 δὲ
777 3043 852 3120 τοῖς
878 3044 949 3116 τῶν
967 3038 1148 3117 Ἰουδαίων
1168 3037 1303 3141 προσέ-

107 3194 200 3240 κειτο
229 3161 363 3262 λόγοις,
389 3163 438 3245 ὡς
463 3172 484 3207 “
499 3162 611 3245 οῦδεῖς
640 3158 807 3263 γινώσκει
834 3159 944 3240 πόθεν
972 3163 1073 3241 ἐστὶν
1100 3162 1187 3242 ὅταν
1213 3160 1304 3270 ἔλθη
1348 3164 1444 3295 ξξξῖῚ

108 3295 129 3331 “
149 3282 343 3388 Χριστὸς,”
357 3285 558 3386 ἀναγκαίως
577 3283 703 3364 ἑαυτὸν
723 3279 943 3391 ῦφεξὲλκων,
962 3290 1010 3370 ὡς
1030 3284 1132 3383 Θεὸς,
1150 3290 1215 3384 τῆς
1231 3293 1303 3367 τῶν

107 3415 266 3510 γενητῶν
296 3408 470 3506 πληθύος,
503 3415 561 3487 καὶ
594 3413 667 3486 τῶν
700 3407 828 3486 ἀλλων
861 3404 1030 3488 ἀπάντων
1066 3413 1148 3490 καθ’
1184 3408 1225 3491 ῦν
1259 3410 1303 3490 ἀν

56 3551 94 3612 ²5
109 3531 249 3617 εἰκότως
274 3532 414 3637 ἔρχοιτο
438 3530 481 3610 τό
499 3533 639 3627 Ούδεῖς,
659 3531 775 3631 ἕτερον
798 3529 884 3610 ὄντα
906 3537 952 3637 τῇ
981 3534 1091 3640 φύσει
1119 3535 1301 3634 δεικνύων,

109 3659 157 3739 ὡς
187 3657 227 3734 ού
256 3656 332 3755 μετ’
362 3655 502 3734 ἐκείνων
533 3657 658 3756 ἀγνοεῖ
685 3652 748 3732 τὸν
778 3656 903 3735 ἑαυτοῦ
937 3655 1141 3759 γεννήτορα,
1170 3663 1300 3763 φησὶν,

108 3779 193 3857 ἀλλ’
230 3776 355 3857 εἰδέναι
398 3776 489 3857 κατά
528 3784 655 3858 πᾶσαν
692 3777 874 3879 ἀκρίβειαν
909 3777 1034 3858 ἔαυτόν
1070 3814 1108 3858 τε
1145 3784 1303 3860 κάκεῖνον

107 3902 370 4005 διισχυρίσατο.
411 3902 489 3980 ἔστι
515 3899 587 4004 γάρ
612 3900 705 3984 θεὸς
733 3904 772 3981 ἐκ
797 3906 894 3980 Θεοῦ
920 3900 1075 4005 Πατρός,
1097 3902 1337 4011 παρόδοξόνᾶ

142 4128 168 4185 5.
187 4117 298 4168 συναινῶ
315 4110 466 4167 emendavit
479 4112 561 4173 Aah„
575 4111 680 4166 favente
697 4120 723 4165 et
741 4129 765 4166 a.
786 4118 898 4167 συνινῶν
914 4112 924 4178 (
933 4136 956 4155 --
970 4115 1107 4182 συναινῶν)
1127 4111 1160 4169 Β.
1179 4115 1256 4169 συνὲν
1273 4113 1304 4168 δν

108 4185 222 4239 correxit
237 4183 326 4238 Holst.
415 4182 440 4237 6.
460 4180 502 4254 ἐξ]
517 4182 609 4251 dien.
700 4196 724 4253 7.
744 4181 813 4248 ὑμῶν
826 4183 858 4236 Β.
871 4184 984 4237 correxit
999 4184 1047 4238 Ht.
1135 4199 1176 4254 13.
1194 4185 1229 4254 μὴ
1244 4185 1302 4240 B.a.

107 4256 153 4309 οῦκ
167 4255 215 4308 Ηῑ.
229 4254 280 4309 Ed.
407 4270 447 4320 14.
466 4254 615 4324 Assumpta
627 4253 721 4322 ἑώρακε
733 4255 777 4308 τὸν
790 4253 894 4323 Πατίρα
907 4271 939 4307 ex
954 4253 1021 4320 Β.α.,
1033 4256 1074 4309 καὶ
1086 4257 1100 4307 ό
1112 4259 1246 4325 γινώσκων
1258 4259 1303 4311 τὸν

107 4328 168 4380 Υίόν
179 4343 211 4379 ex
226 4325 257 4379 Β.
367 4323 408 4378 16.
427 4325 467 4377 καὶ
480 4324 522 4378 διὰ
534 4327 611 4378 τοῦτο
625 4321 728 4394 [τοῦτον
742 4322 825 4396 cod]
839 4332 977 4396 assumpta
989 4343 1021 4379 ex
1035 4325 1067 4378 Β.
1171 4325 1303 4383 ι.ὅντες

109 4397 141 4450 Β.
156 4397 204 4450 Ht.
249 4394 368 4448 Adnotat
380 4393 458 4450 ὅντως
471 4413 499 4449 se
512 4393 694 4449 emendavisse
707 4394 778 4450 Aub.
958 4412 1000 4450 22.
1017 4392 1095 4476 ἔλθη]
1114 4402 1141 4459 ÷
1157 4399 1172 4449 ὁ
1188 4340 1235 4451 lit.
1251 4397 1302 4453 Ed.

108 4485 150 4538 23.
170 4465 320 4536 ῦφεξίλκων
334 4465 366 4518 Β.
379 4464 499 4536 ῦφίλκων
513 4465 561 4519 Ηῑ.
575 4463 626 4520 Ed.
806 4483 848 4532 24.
866 4469 978 4536 γενητῶν
990 4484 1099 4521 corten.
1112 4473 1239 4536 γεννητῶν
1252 4468 1303 4524 Ed.

108 4553 150 4608 25·
170 4542 200 4592 τό
212 4546 381 4606 assumptum
394 4554 425 4590 ex
440 4536 472 4589 B.

659 4638 748 4698 41‘2
