3038 5018
74 301 242 381 vi.61,62.
267 303 324 367 IN
356 305 389 367 S.
411 303 666 369 JOANNEM.
712 304 808 369 LIB.
832 303 893 368 IV.
939 304 1040 368 CAP.
1064 303 1130 369 111.
1207 304 1272 368 549

74 473 132 547 καὶ
155 469 252 548 οὗτοι
275 469 387 550 ποῖλιν
410 470 473 551 τδν
494 471 604 574 ἄρτον
625 470 898 571 ἀποπίμπονται
923 468 987 551 τὸν
1005 468 1188 570 ἀληθινὸν,
1207 470 1273 548 οάκ

74 594 297 695 ἐρυθριῶντες
318 590 435 695 λέγειν
455 597 603 703 Σκληρίς
622 597 709 676 ἐστιν
729 605 744 676 ὁ
764 599 870 697 λόγος
890 593 990 680 οὗτος.

129 724 201 796 Δεῖ
223 726 413 820 τοιγαροῦν
439 716 580 826 σοφοὺς
609 716 697 799 εἶναι
724 718 807 804 τοὺς
834 725 907 798 τῶν
935 718 1038 798 θείων
1065 715 1275 819 μυστηρίων

74 841 262 944 ἀκροατὰς,
300 847 354 922 δεῖ
388 844 554 943 δοκίμους
587 839 679 922 εἶναι
716 841 936 946 τραπεζίτας,
973 844 1022 926 ὡς
1064 841 1190 921 εῖδέναι
1231 838 1273 919 τδ

41 963 221 1063 ὅδόκιμον
249 967 307 1045 καὶ
330 964 377 1046 τὸ
405 965 625 1070 παράσημον
653 962 823 1066 νόμισμα,
851 969 910 1045 καὶ
937 964 1026 1065 μήτε
1053 971 1127 1049 τοῖς
1154 964 1274 1044 πίστει

74 1093 307 1192 παραδεκταῖς
331 1091 487 1194 ἄκομος
514 1088 661 1191 ἐπάγειν
683 1088 749 1190 τὴν
774 1089 980 1196 ἀνεξῖτητον
1003 1089 1162 1192 ζήτησιν,
1184 1087 1274 1187 μίγτε

74 1219 149 1297 τοῖς
167 1217 230 1312 τῆς
249 1212 432 1316 ζητήσεως
456 1215 631 1313 δεομένοις
656 1214 949 1295 ε’πασωτεύεσθαι
972 1213 1098 1294 πίστιν
1114 1212 1194 1292 ἔσθ’
1215 1211 1275 1291 ὅτε

75 1337 141 1434 τὴν
158 1335 352 1440 ἐπιζήμιον,
371 1335 579 1417 ἀποδιδόναι
604 1336 641 1416 δὲ
663 1336 705 1419 τὸ
723 1334 865 1444 ἑκάστῳ
883 1337 1023 1438 πρέπον
1040 1344 1114 1418 τῶν
1131 1345 1269 1416 λαλον·

75 1459 202 1559 μένων,
221 1467 279 1541 καὶ
303 1463 346 1540 δι’
364 1462 503 1546 εὐθείας
529 1457 656 1564 ὥσπερ
682 1462 768 1541 ίέναι
793 1464 930 1564 τρίβον,
953 1462 995 1542 τὸ
1023 1462 1194 1541 ἐκκλίνειν
1219 1460 1309 1539 ε’πά

22 1613 62 1652 10
75 1586 187 1692 ἀμφι)
204 1584 518 1686 παραιτουμένους.
555 1587 627 1692 ὁδῷ
652 1583 724 1687 γὰρ
749 1589 927 1691 βασιλικῇ
945 1584 1163 1689 πορεύεσθαι
1181 1580 1271 1686 πρέ·

75 1743 133 1788 πει
152 1708 216 1789 τὸν
235 1715 283 1793 είς
301 1705 478 1811 ὀρθότητα
497 1710 654 1792 πίστεως
673 1707 844 1814 τρέχοντα
862 1715 927 1809 τῆς
945 1714 983 1790 ε’ν
1001 1715 1164 1816 Χριστῷ.

131 1993 239 2058 Τοῦτο
267 1995 350 2069 ίιμᾶο
378 1994 599 2084 σκανδαλίζει;
637 1994 696 2060 ἐὰν
723 1991 779 2061 οὖν
808 2003 953 2084 θεωρῆτε
980 1996 1036 2061 τὸν
1065 1992 1132 2060 υίόν
1161 1999 1217 2060 τοῡ
1289 2004 1326 2061 62

244 2117 418 2208 ἀνθρώπου
447 2119 664 2198 ἀναβαίνοντα
691 2123 774 2186 δτιου
802 2115 841 2186 ιἰν
868 2121 906 2187 τὸ
934 2121 1113 2210 πρότερον,

131 2293 198 2372 Ἐκ
233 2296 375 2392 πολλῆς
413 2292 507 2395 ἀγαν
541 2296 605 2392 τῆς
641 2292 796 2391 ἀμαθίας
833 2297 906 2373 τῶν
943 2290 1013 2372 ὑπὸ
1050 2296 1101 2396 τῷ
1134 2293 1276 2393 Σωτῆρι

27 2431 64 2490 ¹5
78 2421 229 2523 Χριστῷ
257 2416 552 2517 μαθητευομίνων
580 2414 671 2502 τινὲς
702 2418 760 2497 ε’πὶ
790 2423 865 2502 τοῖς
893 2417 976 2519 παρ’
1007 2417 1116 2496 αὐτοῦ
1149 2415 1306 2516 λόγοιςο

77 2540 384 2643 ἐσκανδαλίᾷιντο.
421 2540 540 2640 ἐπειδὴ
569 2540 641 2643 γὰρ
669 2544 895 2644 ἐπηκροῶντο
923 2539 1093 2643 λε’γοντος
1112 2551 1133 2588 “
1153 2537 1272 2640 Ἀμὴν
1317 2553 1400 2668 ἔφη

79 2675 100 2710 “
119 2664 213 2764 ἀμὴν
232 2665 329 2767 λέγω
356 2668 447 2764 ὑμῖν,
467 2661 529 2745 ε’ἀν
543 2663 596 2765 μὴ
623 2663 765 2772 φάγητε
790 2664 856 2766 τὴν
874 2664 994 2767 σάρκα
1019 2672 1082 2745 τοῦ
1108 2667 1183 2744 υῖοιῖ
1208 2671 1273 2742 τοῦ
1362 2631 1420 2681 ‘⁵³'

80 2798 101 2834 ‘⁶
119 2788 309 2891 ἀνθρώπου
337 2791 395 2867 καὶ
422 2789 525 2887 πίητε
559 2789 667 2868 αὐτοῦ
700 2787 742 2869 τδ
771 2787 869 2889 αἷμα,
897 2791 961 2869 οὐκ
993 2789 1089 2893 ἔχετε
1117 2786 1209 2891 ζωὴν
1236 2788 1274 2866 ἐν

79 2922 102 2958 “
119 2913 288 2996 ἑαυτοῖς·”
328 2918 377 2996 εῖς
405 2909 571 3011 ὠμότητά
596 2945 675 2991 τινα
705 2917 926 3015 θηριοπρεπῆ
955 2917 1145 2992 καλεῖσθαι
1172 2917 1275 3017 σφᾶς

26 3066 64 3106 20
79 3033 345 3134 ὑπελάμβανον,
373 3037 422 3118 ὡς
454 3039 702 3141 σαρκοφαγεῖν
731 3032 797 3133 μὲν
829 3035 1088 3139 ἀπανθρώπως,
1116 3033 1205 3134 αἷμα
1236 3034 1275 3114 δὲ

77 3162 202 3266 ῥοφεῖν
234 3156 495 3254 ἐπιτάττεσθαι,
525 3161 584 3236 καὶ
615 3157 689 3238 ὅσα
723 3161 781 3239 καὶ
812 3157 923 3256 μόνον
955 3162 1108 3239 ἀκοῦσαι
1141 3156 1274 3264 φρικτὰ

78 3291 190 3364 ταῦτα
207 3289 319 3363 ποιεῖν
335 3280 610 3384 ἀναγκάᾆσθαι.
649 3283 690 3361 οὐ
709 3281 782 3385 γάρ
799 3280 935 3387 ᾔδεσάν
952 3317 1029 3366 πως
1048 3290 1111 3363 τοῦ
1129 3316 1270 3382 μυστη-
1287 3315 1304 3356 a
1328 3299 1444 3358 am.

77 3409 156 3510 ρίου
185 3407 226 3486 τὸ
259 3403 408 3503 κάλλος,
437 3409 495 3483 καὶ
529 3403 594 3502 τὴν
623 3405 824 3508 ηὑρημένην
855 3405 909 3486 ἐπ’
941 3406 1037 3513 αὐτῷ
1068 3405 1276 3507 καλλίστην

79 3533 292 3628 οἰκονομίαν·
336 3533 393 3611 ε’πῖ
432 3529 478 3608 δέ
505 3563 545 3629 γε
583 3529 697 3636 τούτῳ
735 3527 873 3609 κάκεῖνό
909 3565 981 3610 που
1012 3529 1156 3614 πάντως
1192 3531 1274 3610 καθ’

26 3676 64 3737 25
80 3654 222 3739 ἑαυτοὺς
249 3656 451 3760 ἐλογίζοντο
478 3661 564 3739 Πῶς
589 3654 635 3734 ἀν
657 3656 741 3755 ἡμῖν
763 3653 806 3736 τδ
831 3656 1054 3760 ἀνθρώπινον
1078 3664 1187 3757 σῶμα
1211 3655 1277 3756 τὴν

79 3778 220 3858 αἰώνιον
238 3780 459 3885 ἐμφυτεύσαι
482 3778 600 3881 ζωήν;
634 3779 728 3860 τίδὲ
751 3781 874 3881 ὀνήσει
897 3780 988 3885 πρὸς
1011 3779 1215 3861 ἀθανασίαν
1233 3779 1276 3859 τὸ

80 3903 163 4002 ἡμῖν
192 3902 347 4008 ὁμοφυίς
360 3937 371 4001 3
413 3909 532 3987 συνεὶς
564 3912 754 4006 τοιγαροῦν
781 3905 802 3982 ὁ
831 3902 992 4006 Χριστὸς
1020 3903 1065 3981 τά
1093 3906 1131 3982 ε’ν
1158 3904 1277 3986 αὐτοῖς

79 4026 320 4123 βουλεύματα·
376 4039 397 4075 “
415 4027 534 4107 πάντα
578 4027 650 4130 γὰρ
696 4025 816 4129 γυμνά
862 4030 920 4105 καὶ
963 4027 1276 4132 τετραχηλισμεῖια
1320 4032 1389 4161 ffb·
1402 4031 1438 4083 iv.

81 4160 101 4195 “
120 4156 194 4232 τοῖς
222 4152 425 4255 ὀφθαλμοῖς
453 4153 594 4231 αὐτοῦ·”
636 4149 819 4253 θεραπεύει
846 4147 958 4230 πάλιν
986 4155 1035 4233 είς
1067 4150 1277 4257 κατάληψιν
1355 4134 1361 4148 ⁵

119 4415 143 4452 2.
161 4397 316 4467 ἐρυθριῶοιν
329 4398 361 4452 Β.
478 4415 504 4468 3.
523 4395 585 4452 εἶναι
600 4397 701 4469 σοφοὺς
713 4397 818 4451 inverso
830 4395 923 4452 ordine
937 4397 969 4453 Β.
1087 4412 1113 4467 5.
1133 4398 1163 4451 τὸ
1175 4413 1229 4452 om.
1243 4397 1276 4451 B.

83 4484 107 4538 7.
127 4472 180 4524 τοῖς
192 4486 246 4522 om.
262 4469 293 4522 B.
343 4469 439 4524 Statim
452 4471 496 4538 τῆς
508 4485 561 4522 om.
577 4469 611 4522 D.
707 4469 733 4523 8.
752 4467 866 4538 ε’κιίστφ]
883 4474 911 4531 ÷
926 4469 989 4521 κατὰ
1001 4469 1033 4522 τίι
1045 4469 1108 4541 ἔργα
1120 4469 1198 4524 αὐτοῦ
1210 4477 1236 4524 et
1247 4469 1278 4523 τδ

83 4539 126 4593 hic
139 4541 289 4611 transponit
304 4540 336 4595 Β.
444 4555 487 4610 25·
506 4537 578 4609 ἡμῶν
590 4539 626 4596 D.
733 4555 776 4611 29·
795 4541 849 4595 τοῖς
863 4537 895 4594 Β.
908 4538 936 4594 ἐν
947 4541 1001 4596 τοῖς
1014 4537 1065 4594 Ed.
