3038 5018
98 292 209 359 πλού.
258 295 316 359 IN
346 294 380 358 S.
405 293 661 359 JOANNEM.
707 294 893 359 LIRIII.
939 295 1042 360 OAP.
1066 295 1126 360 IV.
1234 296 1297 356 435

98 462 174 540 τοῖς
198 459 311 536 ἐκεῖνα
335 456 598 561 διερωτήσασιν
616 459 774 564 ἐπιφέρει
799 458 862 538 τὸν
883 457 1035 566 ’έλεγχον
1054 463 1073 539 ὁ
1094 455 1232 560 Σωτήρ,
1251 459 1299 541 ῶς

100 588 281 660 λαλοῦσιν
305 582 611 678 ἀπαιδεύτωςκαὶ
639 583 819 666 ἀσυνέτως
848 584 1122 682 διεσκεμμένοις,
1149 584 1216 686 οῦχ
1245 581 1300 660 ὅτι

98 702 278 806 προσήκοι
296 704 409 808 ζητεῖν
426 703 472 785 τά
490 703 547 811 ἐφ’
567 704 619 791 οἷς
644 704 688 784 ἀν
704 705 864 807 γένοιντο
886 708 994 786 καλοί
1017 740 1055 785 τε
1079 709 1137 786 καὶ
1160 706 1300 806 ἀγαθοὶ,

100 827 272 907 ἀλλ’·ἐπὶ
301 832 424 936 μισθῷ
450 834 646 936 σωματικῷ
681 832 740 908 καὶ
771 828 886 937 τούτῳ
914 829 1158 935 εὐτελεστάτην
1185 862 1296 907 κατα·

65 955 286 1030 5κολουθεΐν
310 953 419 1058 αὐτῷ.
458 951 497 1030 τί
521 949 591 1055 γὰρ
619 950 665 1030 ἀν
688 950 826 1054 γένοιτο
854 956 992 1060 τροφῆς
1019 957 1082 1052 τῆς
1110 950 1299 1058 ἐφημέρου,
1312 982 1331 1021 υ
1351 966 1466 1022 296A.

100 1074 159 1152 καὶ
189 1075 254 1153 οῦκ
280 1076 318 1155 ἐν
346 1082 548 1171 πολυτελεῖ,
569 1072 611 1155 τὸ
640 1073 815 1171 ’έλαττονς
846 1074 1087 1175 ἐπιτηδευτέον
1112 1083 1303 1178 τοιγαροῦν

100 1193 167 1294 τήν
183 1202 231 1280 είς
249 1197 415 1300 Χριστὸν
433 1203 491 1279 καὶ
513 1198 705 1293 εὐλάβειαν
722 1202 780 1278 καὶ
799 1199 996 1300 ἀγάπησιν,
1016 1200 1083 1304 οὐχ
1100 1200 1159 1279 ἵνα
1177 1233 1212 1278 τι
1230 1205 1304 1278 τῶν

99 1327 317 1419 σωματικῶν
345 1320 576 1424 εὑρίσκωμεν,
608 1323 694 1401 ἀλλ’
725 1322 783 1401 ἵνα
812 1318 878 1422 τὴν
907 1322 950 1399 δι’
981 1322 1091 1401 αὐτοῦ
1119 1321 1303 1423 σωτηρίαν

100 1443 419 1546 ἀποκερδαίνωμεν,
449 1447 508 1524 καὶ
540 1443 590 1545 μὴ
621 1446 782 1546 λέγωμεν
812 1443 877 1542 μέν
908 1443 1028 1546 ἀγαθὰ
1061 1443 1150 1549 πρὸς
1184 1441 1302 1541 αὐτὸν,

49 1596 89 1641 ¹0
102 1564 227 1670 ῶσπερ
250 1568 313 1647 οῦν
337 1570 459 1648 ἐκεῖνοι
486 1568 528 1648 τό
552 1570 696 1667 Ῥαββὶ,
714 1570 883 1669 ἐμπορίας
912 1566 949 1647 δέ
976 1568 1102 1652 ἄλλως
1130 1566 1302 1649 ὑπόθεσιν
1347 1591 1428 1653 διον

102 1692 162 1769 καὶ
200 1690 394 1792 ἀπλήστου
438 1689 633 1796 χρημάτων
670 1697 891 1794 συγκομιδῆς
930 1691 994 1791 τήν
1030 1692 1302 1796 χρηστολογίαν
1345 1668 1446 1718 ’Μ’

102 1811 300 1914 ἀρτύωμεν·
330 1815 442 1917 ἤγουν
461 1817 481 1894 ὁ
500 1815 670 1899 τοιούτοις
691 1818 885 1919 ἐπιχειρῶν,
903 1817 966 1925 οὐκ
985 1813 1156 1915 ἀγνοήσει
1175 1812 1305 1894 λοιπὸν

104 1934 159 2015 ὅτι
175 1944 311 2042 πικρῶς
328 1939 515 2044 ἐλέγχοντι
532 1947 743 2042 προσβαλεῖ
757 1945 808 2044 τῷ
823 1940 987 2044 Χριστῷ,
1002 1941 1061 2017 καὶ
1075 1937 1141 2037 τὴν
1156 1959 1339 2040 κεκρυμι)

103 2059 216 2166 μένην
231 2064 270 2141 ἐν
288 2064 383 2169 αύτῷ
401 2061 528 2142 κακίαν
546 2062 848 2142 ἀποκαλύπτοντι.

51 2215 89 2277 15
161 2182 359 2283 Θαυμάσαι
377 2185 415 2266 δέ
433 2186 547 2266 πάλιν
565 2184 763 2265 ἀκόλουθον
779 2187 836 2263 καὶ
855 2183 921 2282 τήν
940 2186 997 2263 ἐπὶ
1016 2183 1154 2269 τούτοις
1171 2188 1306 2263 οἰκονο-

104 2309 202 2406 μίαν.
243 2308 362 2407 ἐπειδή
387 2308 459 2412 γὰρ
484 2310 582 2417 νόσῳ
608 2308 909 2407 κατειλημμένους
931 2310 1053 2387 ἐθεᾶτο
1075 2315 1120 2412 τῇ
1143 2342 1307 2410 προειρη-

105 2430 205 2536 μένη,
244 2430 406 2535 καθάπερ
441 2468 495 2518 τις
532 2432 787 2537 ἀριστοτέχνας
831 2434 889 2512 καὶ
926 2433 1134 2530 ἐπιστήμων
1172 2431 1305 2534 ἰατρὸς,

103 2558 257 2634 διπλοῦν
284 2558 403 2638 αὐτοῖς
430 2555 599 2654 ἐπενόησε
629 2555 831 2662 φάρμακον,
860 2553 1140 2662 ἀξιολογωτάτη)
1168 2555 1308 2664 σημείῳ

104 2676 168 2756 τὸν
200 2680 372 2784 ἐπωφελή
404 2680 641 2785 παραπλέξας
674 2676 839 2782 έλεγχον.
894 2679 936 2758 τὸ
969 2678 1035 2778 μὲν
1063 2680 1126 2758 οῦν
1158 2685 1309 2779 σημεῖον

49 2841 93 2882 νο
106 2797 303 2903 εὑρήσομεν
328 2806 366 2882 ἐν
392 2811 442 2909 τῷ
467 2802 591 2882 εἰδέναι
619 2801 665 2882 τὰ
692 2806 729 2882 ἐν
748 2807 876 2899 αὐτοῖς,
895 2804 933 2882 έν
959 2804 997 2882 δέ
1025 2809 1075 2909 τῷ
1103 2805 1230 2905 κυρίως
1257 2800 1307 2903 μή

106 2927 149 3004 δι’
180 2925 364 3020 εὐσέβειαν
392 2927 504 3028 ζητεῖν
534 2926 739 3026 ἐπείγεσθαι
768 2927 886 3028 λέγειν
916 2925 1043 3011 αῦτοῦς
1073 2926 1135 3006 τὸν
1164 2934 1338 3024 θαυμα·ο

106 3047 270 3151 τονργδν,
289 3050 480 3152 θεωρήσεις
503 3048 566 3129 τὸν
585 3048 748 3153 ἔλεγχον·
778 3053 912 3154 ὠφελεῖ
935 3048 972 3128 δέ
997 3053 1134 3133 διττῶς.
1175 3053 1226 3154 τῷ
1244 3046 1309 3145 μέν

106 3171 179 3274 γὰρ
209 3172 469 3279 ἐξεπίστασθαι
501 3179 633 3279 σαφῶς
667 3171 713 3251 τὰ
751 3174 788 3250 ἐν
826 3173 945 3254 αὐτοῖς
983 3170 1214 3267 βουλεύματα
1251 3172 1310 3249 καὶ

107 3294 288 3398 γνωρίζειν
307 3299 475 3398 ἀκριβῶς,
495 3295 689 3379 ἀσυνέτους
717 3293 823 3378 ὄντας
850 3294 1065 3392 ἐπιδεικνύει,
1086 3294 1141 3374 ὅτι
1170 3292 1213 3392 δὴ
1239 3294 1308 3392 λή-

54 3449 235 3514 νεσονται
260 3417 324 3499 τὸν
342 3424 437 3499 θεῖον
455 3417 650 3525 ὀφθαλμὸν
672 3418 860 3515 οἰομένους,
880 3418 1158 3524 καταχώσαντες
1184 3417 1249 3516 μέν
1273 3420 1311 3496 ἐν

108 3543 234 3648 καρδίᾳ
252 3541 317 3642 τήν
334 3544 518 3645 πονηρίαν,
536 3540 798 3641 ἐπιτηδεύοντες
828 3541 866 3620 δέ
889 3541 930 3621 τὸ
953 3546 990 3622 ἐν
1008 3543 1157 3647 γλώττῃ
1179 3541 1307 3643 γλυκύ.

109 3674 214 3746 τοῦτο
243 3666 280 3745 δέ
308 3664 352 3767 ἦν
379 3667 634 3749 ἀναπείθοντος
664 3663 732 3765 ήδη
761 3668 872 3746 νόσου
904 3665 970 3762 μέν
998 3671 1060 3764 τῆς
1089 3668 1146 3745 ἐπὶ
1174 3666 1311 3747 τούτοις

110 3792 323 3896 ἀποφοιτῦν,
357 3790 530 3893 ἁμαρτίας
563 3786 602 3868 δέ
635 3787 852 3889 καταλήγειν
883 3790 925 3867 οῦ
956 3794 1095 3890 μικρᾶς·
1138 3784 1311 3888 ὑβριστὴς

110 3911 183 4015 γὰρ
201 3913 313 3998 ὅντως
337 3918 395 3993 καὶ
420 3912 637 4015 παράνομος,
658 3914 677 3989 ὁ
703 3911 835 4011 ταύτην
855 3912 946 4016 έχων
965 3913 1021 3989 ἐπὶ
1041 3916 1123 4016 Θεῷ
1148 3909 1213 4007 τήν
1233 3906 1309 3986 διά-

56 4067 98 4124 30
111 4043 242 4144 ληφιν·
273 4043 323 4144 τῶ
345 4035 383 4115 δέ
407 4037 593 4140 χρησίμως
613 4036 774 4138 ἐλέγχειν
794 4033 1051 4136 ἡμαρτηκότας,
1070 4029 1346 4134 ἀνασειράζωνδ

111 4158 247 4263 τρόπον
267 4160 346 4240 τινὰ
373 4169 437 4240 τοῦ
464 4166 574 4239 κακοῦ
601 4155 666 4237 τὸν
689 4158 847 4237 ἐπέκεινα
871 4156 1013 4259 δρόμον·
1043 4157 1140 4259 έρπει
1157 4154 1222 4252 μὲν
1241 4153 1313 4256 γὰρ

148 4324 174 4376 5.
187 4331 214 4363 τε
228 4327 276 4380 pro
288 4310 333 4378 τῆς
347 4308 379 4362 Β.
445 4307 471 4362 6.
483 4309 624 4362 πολυτελεῖ
636 4306 669 4360 Β.
680 4302 836 4374 πολυτελείᾳ
850 4304 901 4358 Ed.
964 4320 988 4373 7.
1001 4305 1042 4357 καὶ
1056 4304 1130 4374 prius
1141 4312 1312 4372 assumptum

112 4397 145 4434 ex
157 4380 189 4434 B.
253 4378 530 4448 12.μήάρτύωμενΜί
569 4395 592 4431 e.
654 4393 695 4446 13.
708 4376 857 4444 προσβαλῶ
867 4374 899 4428 Β.
911 4376 1077 4442 προσβάλλει
1088 4373 1138 4427 Ed.
1203 4371 1272 4442 1μά
1300 4401 1312 4415 ·

114 4450 255 4521 στοτέχνης
267 4449 381 4503 correxit
394 4448 488 4518 Migne
500 4396 681 4502 seffndativum
693 4445 866 4516 ἀριστοτέχνη
878 4444 1004 4499 exhibent
1016 4442 1120 4498 oodices
1133 4461 1215 4514 supra
1230 4442 1261 4497 18
1288 4459 1313 4498 ο.

116 4523 261 4592 ι9.τδρτο
273 4521 318 4575 τὸν
331 4520 363 4575 B.
411 4517 581 4590 παροπλήξας
594 4518 627 4572 Β.
736 4532 777 4571 22.
797 4517 896 4587 ὠφελεῖ
907 4514 949 4586 δὲ]
963 4515 1092 4586 δφίλημεν
1105 4513 1146 4585 Β.ί

672 4621 765 4688 3112
