3038 5018
233 278 298 342 106
537 280 576 344 Β.
600 279 808 345 CYRILLI
838 279 1125 345 ALEXANDR.
1368 278 1389 340 i.
1403 297 1434 361 9.

234 444 277 521 ού
313 442 542 528 πιστεύοντες
579 445 760 525 ἀπολέσαι
794 443 837 526 τὸ
873 451 967 552 φῶς,
1005 449 1036 525 οἱ
1077 450 1156 549 φῶς
1192 441 1283 523 κατὰ
1322 440 1437 548 φύσιν

235 566 477 671 ύποίρχοντεςς
514 567 611 670 εἴπερ
639 566 734 653 ὅλως
761 569 937 673 ἐνδέχεται
964 567 1030 667 τὴν
1057 566 1210 671 γενητὴν
1238 565 1366 647 οὐσίαν
1394 562 1436 644 τὸ

236 697 315 794 φῶς
331 687 418 770 εἶναι
436 692 478 771 τὸ
497 690 680 790 ἀληθινόν.
719 696 777 771 καὶ
795 698 871 776 πῶς
897 689 943 770 ἂν
960 691 1099 793 γε’νοιτο
1123 690 1229 771 τοῦτό
1253 723 1363 787 ποτε,
1395 689 1437 769 ού

234 811 307 915 γὰρ
331 815 388 893 ἐπὶ
412 821 485 895 τῶν
510 816 692 900 ούσιωδῶς
716 813 931 919 προσόντων
953 817 1050 896 τισὶν
1073 819 1108 894 αἱ
1133 814 1320 919 στερήσεις
1345 812 1438 894 κατὰ

235 934 277 1015 τὸ
305 937 477 1023 παντελές
505 938 544 1017 ἐκ
569 939 745 1046 ῥᾳθυμίας
772 939 1049 1037 συμβαίνουσιν,
1074 939 1159 1017 ἀλλ’
1186 939 1241 1044 ἐφ’
1268 935 1319 1017 ῶν
1344 933 1389 1017 ἂν
1414 937 1469 1035 ἡ5

236 1060 383 1159 θέλησις
409 1059 474 1162 την
497 1067 627 1164 κτῆσιν
650 1061 850 1166 ἐργάζηται,
873 1066 932 1142 καὶ
957 1064 1015 1142 ἐπὶ
1039 1068 1111 1141 τῶν
1135 1061 1207 1142 ὅσα
1235 1059 1277 1161 δὴ
1300 1061 1437 1165 πέφυκε

236 1184 504 1287 προσγίνεσθαί
518 1220 556 1266 τε
575 1193 634 1266 καὶ
652 1189 889 1288 ἀπογίνεσθαι
907 1188 1016 1291 χωρὶς
1033 1189 1097 1285 τῆς
1120 1193 1184 1264 τοῦ
1210 1184 1438 1281 ὑποκειμένου

70 1327 112 1384 72
128 1325 167 1381 A.
209 1313 388 1410 οφθορᾶς.
437 1306 512 1387 οἷον
539 1307 686 1411 λογικὸς
714 1308 779 1408 μέν
807 1306 899 1388 κατὰ
927 1307 1042 1413 φύσιν
1070 1310 1090 1388 ὁ
1121 1307 1319 1411 ἅνθρωπος,
1348 1342 1436 1386 ναυ-

236 1427 354 1530 πηγὸς
389 1428 429 1511 δέ
466 1431 557 1512 κατὰ
590 1432 752 1532 θελησιν,
786 1429 809 1531 ἢ
842 1435 900 1511 καὶ
935 1430 1090 1531 ἀσθενὴς
1122 1429 1164 1511 τὸ
1202 1438 1311 1529 σῶμα
1347 1430 1438 1510 κατὰ

237 1553 483 1653 συμβεβηκός·
522 1553 657 1658 ἄλογος
684 1552 751 1654 μέν
773 1555 836 1634 οὖν
858 1557 921 1634 ούκ
950 1553 994 1634 ἂν
1016 1555 1069 1654 ε’ίη
1096 1560 1294 1650 παντελῶς,
1312 1552 1379 1654 τὴν
1400 1552 1492 1633 δέιο

237 1709 280 1778 γε
305 1675 527 1778 ναυπηγικὴν
544 1679 726 1782 ἐμπειρίαν
748 1676 971 1776 ἀπολέσει,ὁ
995 1676 1210 1786 ῥᾳθυμήσας
1234 1677 1359 1781 τυχὸν,
1380 1682 1439 1757 καὶ

238 1801 282 1880 τὸ
310 1801 349 1880 ἐκ
376 1800 512 1887 πάθους
547 1800 780 1902 συμβεβηκὸς
810 1804 1083 1907 ἀποκρούσεται,
1112 1800 1311 1905 θεραπείαις
1343 1805 1440 1879 τισὶν

71 1927 153 2042 ξξῐζίη
240 1925 299 2005 ἐπὶ
326 1921 368 2004 τὸ
396 1924 539 2023 ἄμεινον
563 1927 779 2031 ἀνατρέχων.
819 1927 948 2007 ούκοῦν
969 1925 1015 2006 τὰ
1044 1927 1227 2008 ούσιωδῶς
1254 1921 1440 2026 προσόντα

240 2052 348 2146 τισὶν,
365 2048 595 2153 ἐρριζωμένην
617 2049 689 2156 ἔχει
712 2049 779 2144 τὴν
802 2048 950 2129 στοίσιν.
990 2049 1087 2153 ε’ίπερ
1115 2050 1177 2129 οὖν
1199 2047 1295 2132 ὅλως
1320 2049 1343 2147 ἡ
1367 2056 1440 2128 τῶν

240 2179 398 2275 γενητῶν
416 2172 528 2279 φύσις
553 2175 588 2255 τὶ
613 2174 689 2282 φῶς
711 2171 798 2256 εἶναι
823 2174 970 2254 δύναται
987 2175 1023 2254 τὶ
1042 2171 1197 2269 ιἰληθινλν,
1215 2180 1293 2258 πῶς
1317 2175 1437 2254 ἀπολ-
1457 2202 1493 2260 15

205 2294 372 2375 Βλύουσι
399 2294 441 2375 τὸ
471 2303 550 2403 φῶς
577 2303 610 2377 οἱ
637 2297 817 2378 πιστεύειν
844 2298 907 2376 ούκ
935 2295 1124 2393 ἐθέλοντες,
1149 2295 1172 2396 ἢ
1199 2305 1275 2381 πῶς
1303 2295 1348 2376 ἂν
1373 2301 1440 2377 υἱοὶ

240 2418 362 2524 φωτὸς
380 2420 551 2521 γε’νωνται
570 2425 603 2498 οἱ
621 2420 870 2516 πιστεύοντες;
903 2425 933 2499 εί
952 2416 1022 2522 γάρ
1045 2426 1115 2499 είσι
1140 2423 1199 2498 καὶ
1224 2422 1324 2500 αύτοὶ
1349 2419 1441 2499 κατὰ

240 2541 355 2647 φύσιν
374 2542 409 2622 τὶ
429 2542 514 2648 φῶς,
533 2544 666 2623 ἑαυτῶν
684 2543 754 2646 ἄρα
772 2551 1032 2648 χρηματιοῦσιν
1051 2544 1127 2623 υίοί.
1166 2546 1224 2622 καὶ
1241 2541 1343 2626 ποῖός
1360 2545 1439 2622 ἐστι

240 2672 314 2750 τοῖς
341 2664 574 2745 πιστεύουσιν
599 2667 619 2745 ὁ
648 2666 805 2765 μισθός;
847 2671 917 2746 εἶσὶ
944 2664 1016 2770 γὰρ
1044 2672 1189 2763 μᾶλλον
1209 2668 1344 2745 ἑαυτῶν
1372 2670 1440 2746 υἱοὶ

242 2790 301 2868 καὶ
327 2786 394 2886 τὴν
419 2790 546 2868 πίστιν
573 2791 614 2869 ού
645 2790 940 2896 παραδεξάμενοι.
992 2786 1064 2869 ἀπὸ
1097 2789 1141 2890 δὴ
1172 2796 1244 2868 τῶν
1270 2789 1440 2870 τοιούτων
1456 2826 1496 2866 20

242 2914 384 2991 ἐννοιῶν
405 2909 447 2991 τὸ
472 2911 604 3013 ἀληθὲς
628 2912 861 3017 λογιζύμενοι,
879 2911 991 3011 μόνον
1017 2914 1164 3014 ἐροῦμεν
1187 2909 1273 2991 εἶναι
1300 2910 1336 2993 τί
1364 2913 1441 3021 φῶς

242 3035 278 3115 rb
306 3032 451 3129 ιἰληθιιὶι
475 3034 538 3115 τὸν
563 3042 764 3140 Μονογενῆ,
789 3034 909 3144 φωτὸς
938 3036 975 3116 δέ
1003 3033 1068 3133 τὴν
1093 3036 1211 3116 κτίσιν
1234 3038 1354 3117 ἐπιδεᾶ
1381 3040 1440 3116 καὶ

242 3155 302 3236 διὰ
322 3166 429 3238 τοῦτο
453 3160 635 3265 ἀλλοφυᾶ.

74 3287 147 3339 lust*
300 3312 401 3359 ΑΛΛο.
430 3293 452 3330 “
470 3279 583 3363 Εἶπεν
607 3284 670 3363 οὖν
694 3285 812 3370 αύτοΐς
839 3287 859 3364 ὀ
882 3286 1026 3385 Ἰησοῦς
1046 3281 1132 3363 Ἔτι
1159 3280 1286 3385 μικρὸν
1309 3281 1440 3387 χρόνον

75 3369 118 3403 m
130 3366 169 3416 3⁵⁴
214 3413 268 3482 e“
286 3402 328 3484 τὸ
346 3412 425 3509 φῶς
442 3407 481 3485 ἐν
500 3408 582 3506 ύμῖν
598 3408 690 3505 ἐστι,
710 3415 931 3512 περιπατεῖτε
951 3411 997 3493 ῶς
1021 3405 1063 3488 τὸ
1086 3414 1165 3512 φῶς
1188 3406 1294 3512 ἔχετε,
1313 3407 1371 3485 ἵνα
1388 3404 1439 3507 μὴ
1457 3445 1496 3503 ²5

246 3528 307 3627 “vj
334 3528 463 3608 σκοτία
486 3530 577 3626 ύμᾶς
604 3527 830 3637 καταλοίβη.”
868 3537 925 3613 καὶ
954 3539 1028 3615 τοῖς
1055 3531 1295 3634 προκειμένοις
1321 3532 1437 3633 ἐφαρ-

242 3649 368 3748 μόσεις
386 3652 554 3756 ἐντέχνως
571 3652 635 3732 τὸν
652 3654 690 3732 ἐν
707 3660 781 3738 τοῖς
798 3655 1141 3757 προαποδεδομένοις
1159 3652 1283 3754 λόγον.
1312 3653 1349 3732 τὶ
1369 3651 1441 3755 γὰρ

243 3773 319 3880 φῶς
337 3773 430 3855 κατὰ
447 3776 563 3883 φύσιν
581 3777 754 3881 ὑπάρχον,
772 3778 835 3858 ούκ
855 3774 901 3857 ῶν
920 3774 989 3859 ὑπὸ
1014 3775 1168 3860 σκύτους
1192 3777 1441 3883 καταληφθείη

241 3901 339 3981 ποτέ.

77 4037 197 4115 χθκῐων·
301 4055 401 4102 ΑΛΛο.
430 4025 478 4104 ‘O
501 4022 669 4124 Ἰωάννης
692 4026 779 4104 “Ὀ
804 4023 924 4126 λε’γων
948 4022 1013 4122 μὲν
1036 4026 1074 4102 ἐν
1098 4029 1149 4130 τῷ
1178 4026 1287 4130 φωτὶ,
1309 4027 1439 4127 φησὶν,
1458 4055 1498 4111 30

76 4117 102 4152 a
113 4118 138 4168 ⁹²
244 4157 266 4195 “
285 4144 448 4227 εἶναικαὶ
467 4147 530 4227 τὸν
548 4145 709 4254 ἀδελφὸν
727 4148 835 4227 αὐτοῦ
853 4153 973 4244 μισῶν
991 4150 1029 4225 ἐν
1046 4152 1091 4252 τῇ
1109 4148 1239 4252 σκοτίᾳ
1258 4149 1357 4225 ἐστὶν
1377 4147 1441 4230 ἕως

283 4384 304 4418 ι.
322 4365 463 4421 ἀπολέσειν
476 4365 509 4418 Β.
619 4381 660 4418 11.
679 4369 694 4418 ὁ
706 4376 874 4437 assumptum
887 4384 919 4420 ex
934 4366 966 4420 B.
1076 4382 1117 4432 14.
1137 4367 1233 4421 στάσιν
1247 4365 1279 4419 Β.
1291 4364 1376 4435 φύσιν
1388 4365 1441 4420 Ed.

246 4435 287 4489 16.
306 4437 336 4488 οὐ
348 4436 466 4492 θέλοντες
480 4436 511 4489 Β.
632 4448 675 4506 25.
694 4434 741 4492 ἕως
754 4436 786 4491 Β.
907 4436 950 4492 26.
968 4438 1113 4508 ἐφαρμόσει
1128 4437 1160 4490 Β.
1276 4451 1321 4506 3ο.
1339 4437 1387 4505 μὲν
1398 4454 1441 4491 as·

243 4515 382 4576 sumptum
394 4524 426 4560 ex
440 4505 472 4560 Β.
520 4505 603 4575 φησὶν
615 4523 669 4560 om.
683 4505 716 4561 Β.
