3038 5018
87 296 140 363 vii.
155 317 207 384 30.
285 298 341 362 IN
372 298 406 363 S.
431 297 687 365 JOANNEM.
733 298 829 365 LIB.
846 300 886 364 V.
933 300 1035 366 CAP.
1061 301 1089 366 1.
1225 302 1289 363 667

87 459 188 541 ούδέν
220 460 315 546 ὅλως
351 467 624 570 φροντίσαντες.
683 462 706 566 ή
742 462 813 566 γάρ
847 466 926 570 οὐχὶ
960 468 1018 545 καὶ
1055 466 1122 569 ούχ
1153 462 1290 548 ἑκόντες

87 587 243 687 ἐροῦσιν,
261 590 309 669 ὡς
333 588 354 667 ό
378 586 525 667 πάντων
543 593 615 668 τῶν
634 587 748 669 ὄντων
766 591 823 668 ἐπὶ
848 592 912 688 τῆς
929 592 997 690 γῆς
1014 588 1081 688 τὴν
1100 587 1291 690 ἡγεμονίαν

88 706 224 813 λαχὼν,
241 712 299 789 καί
326 712 444 789 αὐτῶν
468 710 571 791 ἔσται
596 717 669 791 τῶν
688 710 837 813 ἀλόγων
855 711 1073 813 ἀθλιώτερος
1098 710 1210 819 ζῴων,
1231 715 1291 791 καὶ

87 831 262 927 βιώσεται
298 833 364 931 μέν
396 838 567 917 ἐλεεινῶς·
613 835 634 913 ό
667 833 705 912 δέ
740 836 910 938 προύχειν
942 836 1100 943 ὀφείλων
1133 833 1191 914 διά
1225 833 1292 933 τήν

56 955 213 1062 5φύσιν,
241 959 279 1036 ἐν
307 958 480 1061 δευτέροις
512 958 591 1060 ήδη,
618 964 765 1056 μᾶλλον
794 957 832 1038 δέ
861 962 920 1039 καὶ
947 963 1085 1043 ἐντοῖς
1112 957 1291 1064 ἐσχάτοις,

88 1078 388 1188 κατατετάξεταις
432 1088 462 1163 εί
492 1085 565 1186 γὰρ
598 1085 712 1162 ἐκεῖνα
743 1083 809 1182 μὲν
838 1082 1133 1166 αύτοκελεύστοις
1166 1083 1292 1186 ὁρμαῖς

88 1202 180 1307 πρὸς
197 1205 240 1284 τὸ
259 1209 387 1285 δοκοῦν
400 1205 562 1287 ἀπονεύει
579 1205 839 1291 διακωλύοντος
858 1206 1012 1298 οὐδενὸς,
1028 1208 1085 1287 καὶ
1104 1207 1325 1309 προσίεταιι)

88 1327 155 1428 μέν
183 1329 271 1432 ὅπερ
300 1325 371 1410 οἶδε
403 1339 631 1427 λυσιτελοῦν,
659 1330 848 1436 ἀποτρέχει
881 1332 919 1412 δὲ
951 1338 1024 1412 τῶν
1051 1333 1184 1410 ἀδικεῖν
1211 1335 1290 1410 είω·

89 1452 215 1551 θότων,
233 1459 351 1562 πικρῷ
369 1453 407 1534 δέ
432 1455 530 1553 ἡμεῖς
553 1459 605 1561 τῷ
630 1452 749 1562 χρόνῳ
775 1451 934 1561 δεσπότῃ
961 1453 1216 1553 δουλεύσομεν,
1234 1457 1294 1532 καὶ

44 1613 76 1652 ιο
90 1579 334 1681 ἀπαραίτητον
352 1579 544 1681 τυραννίδα
562 1576 628 1676 τήν
646 1575 718 1658 ἀπὸ
737 1585 810 1658 τῶν
828 1582 931 1683 ὡρῶν
945 1578 1114 1687 ἐξουσίαν
1127 1577 1295 1678 σκήπτου

89 1698 184 1784 τινός
218 1702 319 1801 δίκην
352 1702 597 1803 ἐπηρτημένην
627 1701 843 1806 ἐσχήκαμεν,
876 1709 955 1786 πῶς
987 1703 1029 1782 οὐ
1060 1707 1194 1810 πολλῷ
1224 1733 1294 1781 τινι

89 1822 207 1932 μίτριρ
225 1823 271 1903 τά
289 1823 371 1904 καθ’
392 1825 483 1923 ήμᾶς
501 1827 539 1903 ἐν
556 1825 728 1929 χείροσιν,
748 1824 770 1926 ή
789 1828 827 1905 ἐν
845 1825 897 1910 οἷς
915 1822 1029 1907 ἐκεῖνά
1047 1829 1147 1905 ἐστιν
1163 1858 1173 1919 ;

145 1947 255 2028 Ἀλλ’
284 1947 485 2051 ἐρυθριάσει
512 1947 588 2046 μέν,
615 1951 662 2033 ὡς
691 1950 812 2047 ἔοικεν,
841 1954 861 2031 ὁ
888 1958 1069 2031 συνειπεῖν
1097 1949 1289 2050 ἐθελήσας,

90 2077 236 2170 μᾶλλον
254 2071 293 2152 δέ
315 2071 631 2179 καταψεύσασθαι,
649 2080 722 2153 τῶν
742 2078 844 2177 ὡρῶν
862 2078 921 2155 καὶ
938 2081 1012 2154 τῶν
1030 2080 1078 2158 είς
1101 2074 1202 2154 ούδέν
1219 2078 1293 2153 τῶν

45 2195 260 2284 ι5τοιούτων
295 2196 542 2296 πεποιήμένων
575 2196 725 2301 χρόνων,
758 2196 824 2296 τήν
857 2197 895 2278 δέ
930 2201 968 2276 ἐν
1000 2205 1074 2283 τοῖς
1110 2195 1323 2298 δόγμασινο

90 2320 304 2422 ἀβελτερίαν
333 2317 615 2423 ἀποκρουόμενος
645 2321 724 2427 ἥξει
756 2323 873 2423 λέγων
903 2324 1000 2402 Οὔτε
1031 2322 1098 2420 τήν
1127 2320 1232 2422 ὥραν,
1263 2316 1293 2400 ὦ

91 2445 205 2542 οὗτος,
233 2441 318 2524 ἀλλ’
347 2444 428 2523 οόδέ
455 2442 519 2523 τόν
547 2440 677 2548 χρόνον
707 2443 730 2544 ή
764 2444 827 2525 τὸν
857 2443 980 2548 καιρὸν
1008 2440 1294 2551 κατεξουσιάζειν

91 2573 165 2648 τῶν
205 2558 443 2670 ἀνθρωπίνων
480 2568 712 2671 διοριζόμεθα,
753 2566 846 2672 ὥρας
886 2569 1000 2670 γεμήν
1041 2565 1131 2648 εἷναί
1174 2573 1295 2674 φαμεν

92 2690 260 2794 πονηρὰς,
294 2695 351 2771 καὶ
386 2689 528 2793 καιροὺς
559 2694 617 2773 ἐπὶ
648 2694 803 2790 ταύταις,
835 2693 868 2772 οῖ
901 2692 1083 2797 ῥαγδαίου
1116 2692 1199 2771 ἐσθ’
1234 2690 1293 2772 ὅτε

45 2851 79 2891 ιο
92 2814 302 2913 πνευμάτων
330 2817 431 2916 δίκην
457 2822 531 2898 τοῖς
559 2817 697 2900 ἀθλίοις
725 2818 809 2916 ήμῖν
835 2816 1137 2920 ἐπιθρώσκουσιν.

148 2941 384 3043 Ἀντεροῦμεν
407 2937 445 3017 δέ
473 2938 611 3023 τούτοις
639 2941 737 3038 ἡμεῖς
754 2937 807 3019 Ὦ
834 2938 1037 3042 παράκοποι
1066 2944 1209 3045 φρενῶν
1233 2940 1293 3018 καὶ

93 3062 236 3171 ἀκράτιρ
263 3064 380 3170 μωρίᾳ
407 3064 677 3161 μεμεθυσμένοι,
700 3069 777 3147 πῶς
806 3066 896 3162 ύμᾶς
924 3062 1068 3144 διέλαθε
1095 3062 1210 3144 πάλιν
1238 3061 1293 3141 ότι

93 3188 170 3266 κατ’
200 3189 307 3285 αὐτῆς
335 3190 398 3287 τῆς
426 3187 597 3265 ἀνωτάτω
624 3193 758 3265 πασῶν
783 3189 909 3273 οὐσίας
937 3192 1064 3267 οἰκεῖον
1090 3183 1293 3293 ἐξοπλίζετε

94 3320 204 3409 νοῦν,
244 3309 267 3411 ή
295 3309 367 3414 γάρ
395 3310 459 3389 ούκ
487 3308 589 3390 ἐσται
616 3316 689 3390 τῶν
718 3312 872 3416 φαύλων
898 3309 1050 3415 ἐργάτις,
1079 3317 1109 3390 εἰ
1136 3310 1328 3413 πονηρόνά

46 3464 79 3524 25
94 3437 195 3514 ἐστίν
222 3468 258 3514 τι
285 3441 359 3513 τῶν
385 3436 468 3534 παρ’
488 3436 596 3533 αιἰιῆς
625 3434 852 3535 γεγονότων,
891 3433 991 3514 ἀλλά
1019 3442 1125 3514 τοῦτο
1151 3432 1218 3533 μέν
1245 3437 1293 3516 ὡς

94 3560 163 3660 ήδη
195 3557 450 3663 προειρημένον
482 3556 791 3659 παριππεύσομεν,
823 3563 933 3638 ἐκεῖνο
965 3557 1002 3638 δέ
1034 3564 1179 3657 μᾶλλον
1212 3558 1295 3656 ύμῖν

94 3684 349 3762 ἀναπείθεσθαι
367 3680 637 3779 σπονδάσομεν,
655 3687 733 3764 πῶς
751 3680 796 3761 ἀν
814 3680 907 3782 ἡμᾶς
931 3682 953 3781 ἡ
978 3677 1054 3785 ἀρα
1078 3679 1101 3782 ἢ
1128 3683 1148 3760 ό
1173 3677 1294 3784 καιρός

95 3823 968 3969 ,ἐιθθῖρίἱθῒάΐθθῗὲἕὲἔέῗῖίθὲὲιὮ]
982 3827 1293 3967 ,5ι“““;ῗῖῗέ,ῒι“3

93 3971 131 4039 τῷ
143 3969 195 4036 χρό
243 3967 349 4020 inverso
361 3964 454 4019 ordine
466 3983 490 4020 a.
540 3965 636 4019 Statim
648 3964 840 4034 δονλεύομινιι.
932 3983 973 4021 12.
992 3966 1148 4037 ἐνχιίροσιν
1161 3964 1194 4019 B.
1207 3964 1293 4036 ι’γχιι·

94 4044 177 4108 ρῶσιν
220 4047 239 4090 ι.
275 4036 396 4090 Adnotat
409 4054 437 4090 ιο
448 4039 527 4106 χείρω
540 4035 799 4091 δοινοιυοαάιςίοοο
811 4036 883 4093 Aub.
1006 4054 1046 4108 13.
1089 4037 1111 4089 ’ν
1122 4045 1294 4105 assumptum

95 4125 128 4162 ex
142 4107 175 4161 B.
220 4105 348 4175 ἐθελήσας
362 4107 395 4161 Β.
409 4107 523 4175 θελήσας
537 4106 586 4161 fit.
600 4106 652 4161 Ed.
760 4122 803 4161 21.
821 4109 988 4177 παράσιιοποι
1001 4058 1096 4163 Effe.
1134 4104 1294 4161 Emendavit

95 4177 182 4233 σθαι.
195 4187 227 4230 ut
238 4177 293 4232 vid.
304 4176 378 4233 Aub.
481 4194 524 4232 ον.
542 4177 645 4250 ἀκράτῳ
657 4176 808 4232 emendavit
821 4178 864 4233 He
882 4196 919 4232 ιε.
931 4178 1038 4251 ἀκάρπῳ
1052 4177 1084 4231 Β.
1097 4175 1148 4231 Ed.
1186 4176 1294 4231 Desunt

95 4247 160 4302 haec
173 4249 252 4303 verba
264 4249 292 4303 in
306 4249 376 4303 cett.
493 4263 535 4314 τι.
554 4245 582 4319 ij]
596 4253 725 4311 πῶςιιει,
737 4256 805 4302 teste
817 4196 897 4314 Αιιδ,
911 4247 970 4302 (λιι.
984 4248 1061 4303 Harl.
1109 4247 1211 4319 ἐργάτις
1222 4246 1294 4302 edidi

95 4363 128 4398 ex
143 4344 185 4408 B„
199 4345 245 4416 qui
257 4327 366 4416 ἐργότής
377 4343 494 4398 exhibet.
507 4344 615 4416 ἐργάτης
628 4342 680 4398 Ed.
805 4359 848 4415 25.
868 4343 957 4486 ἐστινή
967 4340 985 4413 ᾖ
996 4362 1020 4399 a.
1079 4344 1157 4412 αὐτῆς
1170 4342 1202 4398 Β.
1216 4343 1295 4398 αύτοῦ

96 4417 178 4479 Aub„
191 4416 237 4485 qui
255 4416 365 4469 adnotat
383 4432 411 4468 ιο
429 4416 509 4468 αὐτοῦ
527 4433 559 4468 ex
577 4416 663 4470 αὐτοῖς
681 4415 709 4468 in
725 4415 868 4485 exemplari
882 4416 930 4471 Ht.
958 4425 1005 4470 aut
1021 4415 1181 4485 transcripto
1198 4432 1231 4501 5¹
1249 4415 1297 4469 illo

96 4488 184 4540 facto?
213 4495 321 4540 catenae
333 4485 490 4541 auctoritate
500 4484 690 4540 emendavitne.
805 4485 848 4541 26.
866 4485 1050 4558 προειρημένον
1063 4485 1096 4540 B.
1108 4505 1297 4556 προειρήκαμεν

98 4557 146 4611 Ht.
204 4597 211 4610 .
260 4555 376 4626 ύμῶνΒ.
483 4555 818 4627 27.ήδΒ.καὶΗῐ.Εά.

656 4645 753 4707 4Ή
