3038 5018
288 277 351 344 130
589 274 630 339 Β.
653 271 859 337 CYRILLI
889 269 1179 337 ALEXANDR.
1397 265 1417 331 i.
1437 285 1488 329 11.

193 501 199 515 .
227 498 234 515 .
287 437 474 540 “”Εμεινα
498 447 563 520 τοῦ
587 441 739 536 ποιήσαι
765 434 973 543 σταφυλήν,
991 436 1139 535 ἐποίησε
1161 431 1199 514 δὲ
1222 429 1414 516 ἀκάνθας.”
1445 427 1491 529 ἧν

286 562 359 668 γάρ
387 563 499 648 ὅντως
527 564 547 643 5
574 570 639 642 τοῦ
666 561 895 667 πεφωτίσθαι
923 556 1071 664 καρπὸς,
1099 559 1121 658 ἡ
1151 555 1290 657 ἀληθὴς
1316 558 1398 659 περὶ
1426 561 1491 634 τοῦ

288 693 519 789 Μονογενοῦς
536 685 721 790 διάληψις,
740 682 915 790 σταφυλή
932 717 986 767 τις
1004 679 1129 786 ὥσπερ
1149 681 1365 781 κληματίδος
1385 678 1488 784 ἐξηρ-

287 810 431 912 τημένη,
450 813 514 909 τῆς
531 807 723 912 ἀνθρώπου
741 806 897 891 διανοίας
915 809 1020 913 φημὶ,
1042 807 1099 885 καὶ
1118 805 1199 909 οὐχὶ
1220 802 1263 883 τὸ
1281 803 1450 898 ἐναντίον,
1469 801 1492 901 ή

288 939 338 1018 είς
378 931 559 1014 πολύθεον
596 930 757 1011 ἕλκουσα
797 927 942 1030 πλάνην
980 929 1146 1025 ἀβουλία,
1182 927 1301 1034 ὀξείας
1336 923 1519 1023 ἀκάνθης

289 1058 401 1156 δίκην,
428 1058 466 1135 ἐν
494 1056 578 1155 ἡμῖν
605 1051 861 1135 ἀνατέλλουσα
889 1055 947 1133 καὶ
976 1051 1192 1152 πλήττουσα
1219 1047 1309 1153 πράς
1337 1049 1492 1130 θάνατον

288 1186 367 1265 ταῖς
390 1177 544 1262 ἀπάταις
568 1175 631 1258 τὸν
656 1185 751 1259 νοῦν.

125 1388 220 1448 m
262 1404 280 1445 α

242 1550 276 1592 11
394 1524 448 1592 Εἰς
475 1530 515 1593 τὰ
545 1523 611 1592 ἴδια
639 1523 729 1606 ἦλθε,
757 1526 811 1591 καὶ
837 1524 868 1590 οἱ
897 1522 973 1591 ἴδιοι
1000 1526 1099 1594 αὐτὸν
1126 1526 1164 1590 οὐ
1192 1525 1388 1614 παρέλαβον.

346 1740 536 1820 Ἐπιτείνει
561 1737 627 1839 τήν
646 1740 848 1840 ἀπολογίαν
868 1740 888 1818 ὁ
913 1736 1188 1840 Εὐαγγελιστὴς
1213 1746 1277 1819 τοῦ
1300 1737 1352 1838 μὴ
1377 1739 1492 1839 ε’γνω·

291 1863 388 1943 κε’ναι
408 1859 472 1943 τάν
490 1860 630 1962 κόσμον
647 1860 711 1941 τάν
730 1860 930 1968 φωτίζοντα
955 1860 1073 1958 αὐτὸν,
1092 1861 1257 1942 τουτέστι
1281 1860 1344 1942 τὸν
1364 1866 1490 1941 Μονο-

290 1990 389 2089 γενῆ,
408 1990 465 2067 καὶ
485 1984 558 2067 ἀπὸ
580 1991 644 2086 τῆς
665 1986 825 2091 χείρονος
843 1992 917 2066 τῶν
935 1988 979 2092 ἐξ
994 1983 1149 2091 Ἰσραὴλ
1168 1986 1352 2090 ἁμαρτίας,
1371 1987 1429 2064 καὶ
1448 1982 1495 2064 τά

289 2117 363 2191 τῶν
388 2113 499 2190 ἐθνῶν
521 2108 734 2212 ἐγκλήματα
760 2109 947 2214 κρατύνειν
964 2112 1149 2212 ε’πείγεται,
1168 2114 1226 2191 καὶ
1249 2108 1315 2211 τήν
1338 2107 1491 2208 ε’πισκή·

289 2239 424 2341 ψασαν
447 2240 498 2341 τῷ
523 2234 651 2341 κόσμῳ
677 2236 785 2314 παντὶ
810 2234 1029 2334 δυσμαθείας
1054 2267 1093 2313 τε
1121 2236 1210 2334 ὁμοῦ
1234 2236 1293 2314 καὶ
1317 2233 1495 2318 ἀπειθείας

289 2356 494 2438 ἐπιδεικνύει
526 2355 649 2437 νόσον.
708 2355 920 2463 εύαφόρμως
954 2356 993 2436 δὲ
1025 2358 1109 2437 λίαν
1141 2364 1190 2441 είς
1223 2356 1287 2439 τὸν
1318 2361 1399 2462 περὶ
1431 2361 1495 2457 τῆς

257 2477 596 2582 ἱνένανθρωπήσεως
625 2479 825 2560 εἰσελαύνει
853 2479 978 2582 λόγον,
1007 2484 1065 2560 καὶ
1098 2482 1264 2585 καθίρπει
1296 2478 1426 2562 λοιπὸν
1453 2481 1498 2589 ἐξ

292 2601 449 2707 ἀκράτου
468 2604 668 2704 θεολογίας,
682 2609 728 2688 είς
747 2601 923 2710 ἐξήγησιν
941 2604 1142 2702 οἰκονομίας
1157 2610 1222 2706 τῆς
1238 2604 1328 2706 μετά
1347 2602 1494 2710 σαρκὸς,

291 2726 338 2827 ἣν
356 2725 553 2826 ἐποιήσατο
578 2726 622 2806 δι’
642 2727 735 2826 ἡμᾶς
753 2731 773 2807 5
791 2728 890 2812 Υἱός.
930 2728 1142 2827 θαυμαστὸν
1160 2727 1231 2833 γάρ
1257 2729 1368 2826 ούδὲν,
1388 2736 1419 2809 εί
1443 2727 1494 2829 μή

292 2851 397 2952 ἔγνω,
425 2851 553 2957 φησὶν,
582 2853 601 2930 ὁ
635 2849 773 2951 κόσμος
804 2851 868 2930 τὸν
897 2857 1101 2954 Μονογενῆ,
1129 2858 1192 2953 τῆς
1223 2850 1289 2952 μὲν
1316 2852 1496 2961 ἀνθρώπῳ

143 3028 169 3108 1'
292 2974 503 3078 πρεπούσης
527 2976 707 3060 συνέσεως
733 2975 1014 3078 ἐκδεδραμηκάις,
1036 2980 1094 3056 καὶ
1124 2976 1177 3057 ὅτι
1201 2977 1266 3077 μὲν
1287 2979 1325 3056 ἐν
1347 2982 1433 3082 τιμῇ
1457 2975 1504 3056 τε’

241 3091 249 3107 ”
293 3100 373 3178 ἔστι
405 3100 463 3178 καὶ
495 3097 643 3201 γε’γονεν
671 3101 734 3179 ούκ
767 3099 879 3191 είδάις,
908 3100 1154 3203 παραβληθείς
1182 3136 1221 3180 τε
1248 3108 1323 3184 τοῖς
1349 3098 1497 3201 κτήνεσι

293 3230 368 3305 τοῖς
396 3222 572 3322 ἀνοήτοις,
605 3219 766 3325 καθάπερ
796 3224 859 3303 οὖν
886 3227 944 3302 καὶ
978 3225 997 3303 5
1026 3229 1118 3308 θεῖος
1151 3224 1289 3330 ἔφασκε
1316 3224 1494 3333 μελῳδὸς,

295 3345 386 3426 ὅπου
410 3348 469 3425 καὶ
495 3344 601 3429 αὐτὸς
627 3346 647 3424 ὁ
672 3343 870 3449 προσήκειν
898 3347 992 3430 ίδίως
1016 3348 1112 3455 αύτῷ
1139 3346 1239 3452 παρά
1267 3355 1381 3429 πᾶσιν
1404 3351 1493 3428 ὑπο·

266 3471 434 3568 ονοηθεὶς
465 3465 556 3553 λαὸς
588 3470 810 3549 ἀπεσείσατο
846 3467 1009 3574 παρόντα
1040 3469 1130 3568 μετά
1166 3471 1314 3576 σαρκὸς,
1344 3476 1403 3552 καὶ
1438 3474 1497 3552 ἐπὶ

295 3592 459 3698 σωτηρίᾳ
482 3596 529 3695 τῇ
554 3594 611 3671 ε’πὶ
636 3591 782 3672 πάντων
800 3592 1072 3693 ἐπιδημήσαντα
1090 3601 1219 3690 λαβεῖν
1237 3597 1301 3676 οὐκ
1318 3593 1493 3696 ήθέλησε,

295 3713 362 3815 τὴν
380 3721 453 3794 τῶν
472 3716 632 3816 οὐρανῶν
649 3717 844 3809 βασιλείαν
866 3721 930 3816 τῆς
957 3717 1113 3803 πίστεως
1138 3720 1374 3801 ἀντιδιδόντα.
1414 3723 1493 3800 ε’πι-

296 3836 394 3944 τήρει
417 3837 456 3918 δὲ
480 3838 578 3921 ὅπως
601 3837 748 3941 γε’γονεν
766 3841 941 3945 ἀσφαλὴς
967 3844 987 3921 ὁ
1011 3846 1093 3946 περὶ
1115 3841 1251 3924 τούτων
1268 3841 1391 3945 λόγος.
1431 3851 1498 3924 τοῦ

296 3963 361 4059 μὲν
398 3960 470 4067 γάρ
507 3959 648 4061 κόσμου
684 3960 727 4043 τὸ
763 3962 931 4064 μηδόλως
968 3965 1156 4066 ἐγνωκέναι
1198 3966 1262 4048 τὸν
1299 3969 1499 4075 φωτίζοντα

335 4232 359 4269 2.
378 4214 457 4271 ὅντως
470 4233 525 4269 om.
540 4215 572 4269 B.
692 4233 718 4287 3.
739 4217 913 4288 Μονογενοῦς]
926 4222 1006 4288 μόνου
1020 4219 1054 4275 Β.
1181 4238 1222 4292 13.
1240 4222 1317 4277 παντὶ
1328 4230 1499 4292 assumptum

297 4303 331 4340 ex
345 4285 377 4339 Β.
502 4303 543 4352 14.
562 4286 727 4341 ἐπιδεικνύειν
739 4287 804 4343 ὅσον
816 4289 969 4360 εύαφόρμως
982 4290 1016 4344 Β.
1144 4292 1185 4346 16.
1204 4294 1302 4362 σαρκὸς
1316 4292 1419 4347 Β.Ι).Ε.
1432 4315 1499 4362 σαρ-

298 4359 401 4411 κῶσεως
414 4355 466 4411 Ed.
571 4357 610 4411 18.
629 4357 770 4427 ἀνθρώπων
783 4358 816 4413 Β.
919 4377 962 4414 22.
981 4361 1130 4430 ὑπονοηθεὶς
1143 4362 1176 4417 Β.
1189 4363 1288 4434 νοηθεὶς
1300 4363 1352 4418 Ed.
1389 4363 1500 4419 Lacuna

297 4425 366 4481 inter
377 4428 447 4496 παρὰ
459 4436 484 4479 et
496 4428 560 4481 λαός
573 4427 609 4481 D.
741 4446 784 4497 24.
802 4433 833 4500 τῇ
846 4429 888 4487 ἐπὶ
900 4441 1070 4502 assumptum
1082 4450 1114 4486 ex
1128 4432 1162 4489 B.
1288 4450 1331 4502 25.
1350 4435 1397 4503 τὴν
1407 4435 1499 4490 πίστιν

297 4496 439 4552 ἀντιδιδοὺς
452 4497 486 4550 Β.
534 4497 709 4553 ἀντιδιδοῦντα
723 4500 756 4556 Ε.
