3038 5018
86 297 127 360 vi.
142 297 193 380 58.
255 300 311 362 IN
343 300 375 363 S.
400 300 656 366 JOANNEM.
703 301 797 364 LIB.
823 301 881 364 IV.
928 301 1120 364 CARIII.
1225 302 1287 361 515

1301 475 1319 536 d

88 556 191 628 Οὗτός
219 563 304 628 ἐστιν
328 564 346 628 ὁ
374 564 472 651 ἄρτοι
500 568 518 633 ὁ
546 565 580 633 ἐξ
608 565 748 653 οὺρανού
778 565 930 644 καταβάα,
956 566 992 628 οὐ
1023 563 1131 628 καθὼς
1158 563 1283 648 ἔφατον
1301 569 1339 638 58

139 683 168 750 οἰ
201 688 341 776 πατέρες
374 690 463 766 ὑμῶν
495 691 531 756 τὸ
563 692 668 766 μάννα
706 691 757 755 καί
787 692 961 757 ἀπέθανον·
1008 692 1025 755 ὃ
1057 688 1192 777 τρώτων
1223 710 1284 765 μου

139 818 253 877 τοῦτον
281 813 336 879 τὸν
363 815 462 903 ἄρτον
490 816 577 906 ζείοει
604 813 651 881 εἷα
679 818 734 883 τόν
762 815 877 880 αἰῶνα.

145 1003 314 1103 Μεγάλα,
335 1007 460 1112 φησὶν,
480 1002 568 1084 εἰναι
595 1009 650 1084 δεῖ
670 1004 716 1084 τά
740 1008 778 1084 έκ
802 1005 973 1107 μεγάλων
992 1004 1286 1102 ἀποτελέσματα,

55 1128 144 1203 5καί
182 1124 228 1204 τά
271 1126 329 1207 διά
369 1133 433 1227 τῆς
478 1128 615 1209 ἀνωθεν
651 1129 901 1234 χορηγούμενα
938 1127 1093 1232 χαίριτος,
1133 1129 1289 1224 ὁρᾶσθαι

87 1249 262 1349 προσῆκει
290 1257 481 1355 θεοπρεπῆ,
511 1256 569 1332 καὶ
597 1257 660 1352 τῆς
690 1253 785 1336 θείας
813 1257 1089 1355 μεγαλοδωρειῖς
1117 1250 1212 1356 ἀξια.
1259 1255 1288 1328 εἰ

87 1370 160 1473 γάρ
179 1372 273 1457 ὅλως
293 1375 452 1474 ἐποιήσω
470 1376 695 1478 παραδεκτὸν
713 1378 751 1455 έν
767 1377 887 1455 πίστει
906 1374 948 1454 τὸ
968 1375 1003 1482 ἐξ
1024 1377 1150 1479 αῦριινιῦ
1176 1408 1288 1453 καται-

87 1496 225 1588 βαίνειν
252 1497 316 1576 τὸν
345 1498 459 1604 ἄρτον,
491 1499 678 1596 ε’μποιείτω
711 1506 784 1583 τοῖς
818 1499 1013 1604 ἐφιεμένοις
1047 1501 1187 1597 διηνεκῆ
1222 1497 1319 1595 τῆνο

88 1618 190 1721 ζωῆν,
211 1624 268 1699 καί
290 1622 541 1723 ἀκατάληκτον
559 1624 668 1729 ε’χέτω
694 1628 757 1722 τῆς
783 1623 984 1706 ἀθανασίας
1010 1619 1076 1721 τὴν
1095 1620 1284 1723 ἐνέργειαν.

36 1743 140 1842 ιοείῆ
168 1743 240 1846 γάρ
269 1743 314 1823 ἀν
337 1745 516 1854 ἀπόδειξις
545 1750 635 1846 αῦτη
664 1746 789 1849 σαφὴς
817 1756 881 1827 τοῦ
909 1743 995 1826 εἰναι
1024 1743 1088 1825 τὸν
1113 1747 1223 1847 ἄρτον
1247 1743 1292 1849 ἐξ

89 1868 249 1968 ούρανοῦ,
279 1870 455 1968 τουτέστι,
485 1870 585 1973 παρὰ
617 1877 724 1951 Θεοῦ·
767 1874 840 1950 ἐπεὶ
874 1873 932 1949 καί
964 1869 1111 1972 πρέπειν
1142 1870 1289 1970 ἐροῦμεν

89 1990 212 2070 αἰώνια
243 1999 294 2101 τῷ
325 1994 453 2102 αἰωνίῳ
483 1994 704 2099 χαρίζεσθαι,
735 1996 793 2073 καὶ
821 1991 871 2092 μῆ
898 1993 1123 2095 προσκαίρου
1150 1996 1289 2095 τρυφῆς

89 2111 306 2214 ἀπόλαυσιν,
340 2123 388 2201 εἰς
425 2116 625 2219 ὀλιγοστὸν
660 2121 787 2216 κομιδῆ
825 2114 889 2196 τὸν
926 2112 1050 2218 καιρὸν
1087 2119 1146 2194 καὶ
1183 2116 1290 2211 μόλις

90 2238 248 2343 ἀντέχειν
285 2241 500 2345 ἰσχύουσαν.
549 2249 723 2343 λογιεῖται
760 2239 832 2342 γάρ
868 2275 921 2324 τις
962 2241 1025 2319 οῦκ
1069 2240 1119 2318 έτι
1161 2245 1290 2343 σοφῶς

40 2386 75 2445 ¹5
91 2360 200 2464 ἀρτον
225 2361 311 2443 εἰναι
338 2363 402 2445 τὸν
425 2363 524 2468 παρὰ
553 2371 649 2445 Θεοῦ
677 2369 733 2445 καὶ
763 2364 910 2461 ἀνωθεν,
935 2363 977 2443 ὃν
1004 2362 1229 2465 βεβρωκότες
1257 2368 1290 2442 οῖ

89 2485 261 2588 πρόγονοι
288 2488 432 2597 θανάτῳ
461 2490 667 2589 νενίκηνται,
688 2492 745 2568 καί
774 2485 840 2587 τῆν
864 2486 936 2568 ἀπὸ
964 2491 1027 2585 τῆς
1056 2495 1195 2594 φθορᾶς
1225 2488 1290 2568 οῦκ

90 2611 360 2713 ἀπεκρούσαντο
393 2611 553 2711 βλάβην,
586 2616 644 2691 καί
675 2610 889 2710 θαυμαστὸν
921 2612 1034 2691 οὐδέν·
1077 2612 1184 2713 ἄρτος
1217 2611 1319 2713 γάρα
1344 2637 1458 2694 sm.

91 2734 362 2837 ἀπαθανατίζειν
398 2737 545 2840 ἰσχύων,
583 2738 711 2820 ἐκεῖνος
750 2739 813 2815 οῦκ
850 2734 905 2835 ῆν.
966 2737 1093 2815 οῦκοῦν
1130 2735 1209 2814 οῦδὲ
1248 2737 1291 2842 ἐξ

91 2858 242 2960 ούρανοῦ
268 2859 408 2942 δικαίως
435 2857 481 2937 ἀν
500 2858 568 2938 {md
594 2894 657 2939 του
684 2867 799 2940 νοοῖτο
819 2863 876 2939 καί
895 2861 1049 2961 λέγοιτο.
1091 2858 1135 2960 ἦν
1153 2858 1225 2962 γάρ
1243 2859 1288 2958 δῆ

38 3016 77 3056 20
91 2985 149 3061 καὶ
167 2982 274 3085 έργον
290 2987 342 3088 τῷ
366 2985 496 3062 ε’κεῖθεν
515 2982 776 3092 καθικνουμένιρ
798 2985 945 3087 πρέπον,
967 2987 1024 3062 καὶ
1050 2984 1205 3062 θανάτου
1231 2986 1288 3061 καὶ

91 3111 230 3207 φθορᾶς
258 3106 422 3202 ἀμείνους
447 3110 636 3186 ἀποτελεῖν
659 3105 741 3192 τοῦς
765 3108 977 3212 μετέχοντας
1003 3108 1122 3186 αῦτοῦ.
1170 3109 1284 3202 ἀναμ-

91 3230 236 3337 φιλόγιρ
278 3229 316 3308 δέ
356 3228 471 3309 πάλιν
508 3220 688 3337 ἀποδείξεί
732 3228 1033 3329 βεβαιωθῆσεται,
1071 3228 1164 3335 ἀρτιν
1201 3227 1288 3309 εἰναι

90 3362 216 3433 τοῦτον
247 3353 282 3461 ἐξ
315 3356 450 3460 ούρανοῦ,
482 3351 546 3433 τὸν
575 3353 634 3434 διὰ
664 3361 830 3457 Χριστοῦ
860 3353 1010 3454 δηλαδὴ,
1041 3354 1214 3451 τουτέστι,
1245 3353 1287 3434 τὸ

91 3485 200 3576 σῶμα
225 3478 344 3557 αὐτοῦ.
386 3477 453 3580 ζῆν
475 3476 547 3578 γάρ
572 3483 621 3563 εἰς
643 3482 754 3557 αἰῶνα
778 3484 874 3558 ποιεῖ
895 3475 958 3557 τὸν
976 3477 1321 3578 ἀπογευσάμευον.1)

39 3633 76 3693 25
90 3599 186 3681 πολύ
204 3602 241 3683 δέ
260 3602 304 3702 δή
323 3637 358 3680 τι
377 3600 418 3680 τὸ
437 3598 651 3708 ἀξιόπιστον
669 3607 732 3701 τῆς
749 3605 844 3687 θείας
867 3602 1012 3707 φύσεως
1035 3606 1101 3680 κάν
1119 3603 1287 3685 τοιούτοις

91 3726 225 3825 ὁρᾶται,
245 3725 345 3805 οὐδέν
364 3726 539 3832 ἀξιούσης
557 3725 762 3829 χαρίζεσθαι
781 3724 919 3828 μικρὸν,
937 3725 1056 3808 πάντα
1081 3724 1119 3804 δέ
1143 3733 1288 3821 μᾶλλον

92 3850 264 3951 ὑπερφυῆ,
285 3855 314 3928 εἰ
333 3853 390 3928 καί
413 3848 478 3947 τῆν
495 3851 667 3953 ἡμετέραν
685 3849 841 3931 διάνοιαν
861 3850 1138 3952 ύπερτέλλοντα,
1158 3853 1205 3932 ὡς
1230 3849 1288 3927 διὰ

90 3972 132 4051 τὸ
170 3973 318 4074 μέγεθος
351 3974 418 4073 ἤδη
451 3977 514 4074 τῆς
551 3973 695 4078 χάριτος
728 3980 786 4056 καὶ
820 3977 1053 4054 ἀπιστεῖσθαι
1086 3972 1183 4074 παρά
1215 3978 1287 4052 τῶν

130 4257 152 4294 1.
172 4240 202 4307 ἐξ
217 4239 249 4293 Β.
262 4239 288 4292 έκ
301 4242 348 4293 τοῦ
361 4239 412 4293 Ed.
502 4257 527 4295 2.
546 4264 595 4310 μου
608 4249 776 4312 assumptum
789 4259 821 4294 ex
836 4240 868 4295 B.
882 4242 925 4309 (Γ)
1018 4256 1057 4292 12.
1077 4238 1238 4309 χαρίσασθαι
1252 4238 1285 4293 Β.

90 4312 252 4380 προσκαίρου
267 4310 336 4364 BD.
349 4320 375 4363 et
388 4312 425 4364 sic
438 4312 549 4383 conjecit
562 4313 613 4367 Ed.
626 4331 682 4382 mg.
694 4314 746 4383 πρὸ
759 4315 847 4381 καιροῦ
860 4312 911 4366 Ed.
958 4311 1053 4365 Statim
1066 4313 1166 4380 τρυφῆς
1181 4310 1212 4363 B.
1225 4331 1285 4378 τρο-

91 4385 144 4452 φῆς
158 4382 208 4435 Ed.
301 4398 343 4451 13.
362 4381 503 4452 ὀλιγοστὸν
517 4382 547 4436 Β.
561 4383 698 4453 ὀλιγίστὸν
711 4382 762 4435 Ed.
855 4397 895 4449 15.
914 4383 959 4434 τὸν
971 4399 1024 4434 om.
1039 4381 1071 4435 B.
1164 4396 1203 4450 17.
1222 4381 1285 4434 ἀπε·

91 4453 234 4522 κρούσαντα
249 4451 319 4506 B.D.
332 4451 508 4520 ἀπεκρούσατε
522 4452 573 4506 Ed.
676 4455 716 4507 18.
736 4452 927 4517 ἀπαθανατίζειν
942 4452 972 4504 Β.
1080 4466 1121 4523 25.
1140 4451 1170 4520 δῆ
1183 4471 1237 4507 om.
1253 4450 1285 4506 B.

93 4525 187 4576 Statim
201 4545 239 4578 τις
255 4524 357 4592 Migne.
412 4523 535 4578 τοιούτοις
550 4523 581 4576 Β.
594 4523 695 4578 τούτοις
709 4523 759 4576 Ed.
869 4539 910 4593 νγ.
929 4523 951 4575 εἰ
963 4541 1016 4575 om.
1033 4522 1064 4576 B.

134 4625 203 4668 τοι.
221 4625 244 4669 ι.
665 4626 686 4686 4
703 4627 721 4667 ι
