3038 5018
89 307 144 373 vii.
160 327 211 391 24.
264 308 322 373 IN
353 309 386 373 S.
410 306 665 374 JOANNEM.
712 307 805 372 LIB.
829 306 890 374 IV.
935 306 1037 371 CAP.
1054 307 1115 370 VI.
1223 306 1287 369 619

89 471 158 552 ἔδει
177 477 241 572 τῆς
259 480 332 553 τῶν
350 472 613 582 συμφερόντων
631 472 844 572 νομοθεσίας
863 474 1023 552 ε’ντεῦθεν
1041 471 1283 576 ἀπάρχεσθαι,

89 599 148 675 καὶ
184 604 259 681 τοῖς
290 602 338 681 είς
370 599 593 698 θεογυωσίαυ
624 595 815 697 μαθήμασι
848 603 1173 697 προμυσταγωγεῖυ
1204 590 1316 678 τούςι
1338 611 1454 669 «im.

88 715 193 826 ἅπαξ
211 720 522 822 παραστήσαντας
539 718 689 823 ,ἑαυτούς
707 724 755 811 εἷς
780 719 944 800 δουλείαν
970 723 1029 799 καὶ
1055 718 1213 818 ύπακοὴυ
1238 720 1289 825 τῷ

90 847 186 953 θεῷ.
236 844 315 948 ῥίζα
342 845 414 948 γὰρ
445 843 591 945 ἁπάσης
620 847 747 946 άρετής
776 844 798 942 ἡ
830 846 1043 942 θεογυωσία,
1073 847 1130 923 καὶ
1161 845 1288 944 κρηπὶς

57 972 273 1067 5εύσεβείας
300 973 323 1072 ἡ
351 973 487 1058 πίστις.
527 973 704 1077 ἐπιδείξας
730 981 922 1074 τοιγαροῦν
945 970 1081 1069 ἑαυτὸν,
1100 972 1159 1049 καὶ
1184 973 1288 1050 οἱονεὶ

90 1095 247 1197 φανερὸν
265 1097 501 1196 καταστήσας
520 1096 600 1195 ἤδη,
619 1092 679 1173 διά
697 1103 761 1174 τοῦ
779 1100 889 1175 εἰπεῖν
906 1096 1006 1196 Ἐγώ
1026 1101 1095 1191 εἶμι
1116 1093 1248 1194 Κύριος
1267 1095 1288 1172 ὁ

90 1217 184 1302 θεός
211 1253 293 1316 σου,
321 1222 381 1299 καὶ
407 1216 695 1322 προγεωργήσας
723 1218 761 1296 ε’ν
789 1219 907 1301 αὐτοῖς
936 1216 1003 1316 τὴν
1031 1217 1089 1297 διὰ
1118 1217 1288 1318 γνώσεως

89 1344 225 1440 πίστιν,
244 1341 443 1450 ἀποφήσας
461 1376 499 1421 τε
517 1347 705 1426 παντελῶς
722 1341 788 1441 τήν
805 1341 955 1422 εἰδώλου
974 1341 1210 1441 κατασκευήν,
1230 1345 1289 1422 καὶ

1334 1085 1415 1136 Exod.

1333 1168 1376 1202 xx.
1390 1167 1412 1200 ι.

89 1466 339 1569 προσκύνησιν
370 1473 444 1546 τῶν
475 1465 722 1573 ψευδωνύμου
754 1471 856 1564 θεῶν,
889 1465 944 1545 ὅτι
976 1465 1018 1546 τὸ
1054 1466 1289 1568 παραβαίνειν

45 1623 78 1665 ιο
91 1590 209 1674 αὐτοῖς
234 1591 297 1669 οὐκ
323 1587 480 1691 ἀζήμιον,
500 1592 559 1668 καὶ
584 1588 649 1688 τὴν
666 1591 705 1668 εἰς
725 1597 788 1669 τοῦ
806 1590 1049 1688 μεθίστασθαι
1069 1589 1223 1668 κόλασιν
1241 1596 1323 1672 eleb

91 1712 179 1819 ὄψιν
198 1713 276 1814 ἄγει
295 1721 394 1810 βοῶν
412 1725 434 1761 “
449 1716 508 1793 Ού
532 1711 639 1820 λήψη
664 1710 707 1792 τὸ
731 1711 845 1810 ὄνομα
866 1714 1001 1816 Κυρίου
1021 1722 1086 1792 τοῦ
1106 1719 1200 1793 Θεοῦ
1218 1734 1289 1791 σου
1335 1738 1413 1802 11η.

92 1849 113 1884 “
130 1840 189 1916 ἐπὶ
212 1839 383 1944 ματαίῳ,”
404 1838 602 1934 τουτέστιν,
626 1838 669 1916 ού
691 1837 895 1940 περιθήσεις
922 1836 1058 1945 εἰδώλῳ
1083 1839 1221 1944 ματαίῳ
1247 1835 1289 1917 τὸ

63 2063 64 2066 ¹
91 1959 184 2041 θεῖόν
200 1995 239 2041 τε
259 1967 316 2042 καὶ
336 1962 630 2066 φρικωδέστατον
649 1960 772 2059 ὄνομα,
788 1972 809 2008 “
826 1963 867 2041 ού
886 1961 957 2064 γὰρ
975 1961 1036 2060 μή,
1052 1965 1158 2065 φησὶ,
1172 1966 1287 2040 καθα-

92 2097 113 2133 “
130 2087 218 2192 ρίση
239 2085 372 2189 Κύριος
390 2084 454 2164 τόν
472 2082 708 2182 λαμβάνοντα
725 2084 768 2164 τὸ
787 2084 900 2183 ὄνομα
918 2087 1025 2165 αὐτοῦ
1044 2088 1100 2164 ἐπὶ
1119 2083 1289 2191 ματαίῳ.”

45 2236 79 2296 15
93 2210 217 2314 ἔνοχον
246 2209 364 2290 τοίνυν
393 2207 543 2288 ἔσεσθαι
577 2205 720 2287 διειπών
748 2208 790 2286 ού
818 2207 950 2315 μετρίῳ
978 2210 1179 2304 πταίσματι
1208 2208 1287 2303 τὸν,

92 2331 189 2439 ᾧπερ
217 2331 261 2412 δυ
285 2332 424 2434 γένοιτο
453 2332 566 2438 φίλου
590 2338 807 2433 προσκυνεῖν
833 2331 948 2438 ἑτέρῳ,
972 2336 1032 2410 καὶ
1056 2334 1291 2438 ψευδώνυμον

92 2455 361 2562 ἐπιγράφεσθαι
379 2453 472 2552 θεὸν,
492 2458 550 2535 καὶ
568 2455 772 2554 ἀπειλήσας
790 2454 1015 2558 συμμέτρως,
1034 2454 1095 2536 άτε
1114 2455 1157 2555 δὴ
1177 2458 1234 2534 καὶ
1254 2459 1291 2534 έυ

93 2582 186 2685 ἀρχῇ
211 2580 302 2682 πρὸς
326 2578 369 2658 τὸ
392 2578 575 2661 πιστεύειν
593 2578 772 2679 ἡγμέυοις,
791 2580 850 2658 καὶ
874 2579 1147 2685 τρυφερωτέραυ
1166 2580 1291 2684 έχουσι

92 2699 159 2799 τήν
183 2702 352 2800 διάνοιαν,
370 2704 514 2802 τίθησιν
538 2701 680 2806 ε’φεξὴς,
700 2705 757 2779 καὶ
783 2700 946 2804 δεύτερον
972 2699 1097 2804 ώσπερ
1126 2703 1321 2787 διετόπουα

45 2861 80 2902 ιο
94 2822 202 2926 νόμον
222 2837 244 2873 “
260 2823 467 2925 Μυήσθητι,
487 2822 616 2926 λέγων,
634 2822 701 2922 τὴν
719 2824 853 2927 ἡμέραν
871 2833 942 2905 τῶν
961 2827 1163 2922 σαββάτων
1181 2827 1286 2928 ἁγιά·
1336 2850 1376 2901 lb.
1389 2851 1461 2900 εἰσ.

93 2960 115 2995 “
133 2949 203 3052 ζειν
226 2948 349 3049 αύτήν·
381 2949 425 3055 ἓξ
449 2949 579 3051 ἡμέρας
604 2950 693 3053 ε’ργᾷ
718 2953 777 3027 καὶ
803 2948 964 3049 ποιήσεις
989 2950 1107 3031 πάντα
1133 2951 1179 3032 τὰ
1203 2951 1291 3055 ἔργα

93 3085 115 3121 “
132 3108 214 3170 σου,
243 3078 289 3179 τῇ
318 3072 356 3152 δέ
383 3071 497 3179 ἡμέρῳ
528 3077 574 3178 τῇ
605 3071 743 3176 ἑβδόμη
771 3071 947 3167 σάββατα
978 3076 1101 3182 Κυρίῳ
1129 3081 1180 3183 τῷ
1209 3077 1292 3185 Θεῷ

93 3209 115 3245 “
132 3224 215 3276 σου·
246 3197 287 3275 ού
304 3198 466 3297 ποιήσεις
489 3198 526 3276 έν
545 3197 635 3300 αὐτῇ
657 3202 731 3275 πᾶν
751 3195 891 3298 έργου·”
921 3193 995 3275 εἶτα
1012 3202 1071 3277 καὶ
1088 3203 1166 3278 τίνα
1185 3209 1291 3280 τοῦτο

92 3324 244 3425 δρῶντες
272 3319 563 3420 άπομιμήσονται
591 3319 780 3422 χρησίμως
807 3321 999 3404 ἐπιδεικνύς
1018 3334 1039 3368 “
1057 3323 1124 3402 Ἐν
1151 3323 1220 3427 γὰρ
1249 3323 1293 3430 ἓξ
1335 3355 1425 3406 nm.

45 3473 78 3533 ³5
93 3455 115 3491 “
132 3445 277 3547 ἡμέρως
295 3446 453 3544 ἐποίησε,
473 3445 577 3548 φησὶ,
600 3442 733 3544 Κύριος
752 3441 815 3522 τόν
832 3478 870 3523 τε
889 3444 1040 3547 οὐρανὸν
1059 3451 1116 3526 καὶ
1135 3446 1202 3548 τὴυ
1220 3453 1290 3550 γὴυ

94 3578 115 3616 “
131 3571 190 3647 καὶ
208 3564 274 3666 τήν
293 3565 492 3647 θάλασσαν
511 3570 568 3645 καὶ
593 3567 713 3646 πάντα
737 3565 783 3645 τὰ
807 3569 844 3646 ἐν
863 3570 992 3666 αὐτοῖς,
1011 3574 1069 3649 καὶ
1090 3572 1291 3651 κατέπαυσε

94 3703 115 3739 “
132 3697 177 3795 τῇ
209 3691 323 3797 ἡμέρᾳ
355 3692 401 3793 τῇ
431 3689 579 3795 ἑβδόμη·
627 3689 685 3767 διὰ
712 3699 818 3770 τοῦτο
847 3690 1031 3793 ηύλόγησε
1063 3694 1194 3797 Κύριος
1226 3693 1292 3793 τὴν

93 3825 115 3861 “
134 3815 267 3915 ἡμέραν
285 3812 351 3912 τὴυ
370 3810 528 3912 ἑβδόμην
546 3815 605 3892 καὶ
624 3813 776 3916 ἡγίασεν
796 3814 942 3915 αύτήν.”
1305 3839 1327 3903 d

149 3939 200 4015 Τι’
215 3937 277 4016 οὖν
295 3936 364 4038 ἄρα
382 3933 505 4034 πάλιν,
525 3940 596 4039 ἐρεῖ
617 3972 684 4036 τις,
708 3939 727 4017 ὁ
753 3941 810 4017 ἐπὶ
834 3944 885 4045 τῷ
904 3940 1084 4046 σαββάτῳ
1104 3940 1293 4040 παρεδίδου

45 4096 80 4153 30
94 4057 253 4158 θεσμός,
294 4060 454 4162 δεύτερος
483 4059 520 4139 δέ
548 4064 606 4140 καὶ
635 4060 765 4162 γείτων
792 4060 894 4146 εὐθὺς
922 4061 1011 4159 μετὰ
1038 4062 1103 4162 τήν
1131 4066 1188 4143 ε’πὶ
1216 4071 1293 4149 ταῖς

133 4230 156 4263 1.
174 4211 220 4277 τῆς
231 4225 284 4262 om.
300 4207 402 4278 Migne.
523 4225 547 4261 2.
566 4212 820 4281 προσμυσταγωγεῐυ
833 4209 866 4263 Β.
985 4228 1011 4281 3.
1028 4210 1245 4279 παραστήσοντας
1260 4212 1292 4268 Β.

95 4281 120 4335 6.
139 4283 253 4351 φανερὸν
266 4278 431 4346 καταστήσας
442 4277 494 4332 hoc
506 4279 599 4334 ordine
613 4281 684 4335 BD.
890 4295 913 4350 7.
932 4284 1053 4351 γνώσεως
1063 4280 1165 4352 πίστιν]
1180 4282 1293 4339 πίστεως

94 4356 191 4423 γνῶσιν
206 4352 236 4403 Β.
287 4350 382 4403 Statim
396 4349 578 4420 ἀποφυσήσας
592 4351 624 4405 Β.
800 4368 841 4404 12.
859 4351 1008 4420 περιθήσεις
1023 4353 1054 4406 Β.
1067 4351 1229 4423 προσθήσεις
1242 4353 1291 4407 Ed.

98 4436 139 4491 15.
157 4422 266 4489 μετρίως
278 4420 310 4472 Β.
358 4417 416 4490 τδυ]
430 4422 461 4474 τὸ
475 4420 507 4475 Β.
622 4438 664 4475 22.
684 4443 734 4474 σου
746 4433 915 4493 assumptum
929 4441 961 4476 ex
977 4422 1045 4477 Β.Ι).
1153 4437 1194 4493 25.
1214 4425 1293 4492 φησί,

96 4491 203 4562 Κύριος]
217 4495 231 4544 ὀ
244 4492 318 4553 θεὸς,
331 4491 410 4559 φησὶ,
424 4490 456 4545 Β.
467 4493 535 4562 (53.)
572 4514 600 4547 τε
613 4501 782 4562 assumptum
795 4511 826 4546 ex
842 4494 874 4546 B.
889 4494 978 4562 (Alex.
988 4493 1053 4548 v11.
1065 4493 1112 4561 X.)
1186 4511 1229 4564 29.
1243 4516 1293 4549 πα-

94 4564 197 4632 ρεδίδου
211 4563 244 4617 Β.
257 4561 404 4634 παρεδήλου
418 4562 467 4617 Ed.

567 4704 573 4714 Ι
648 4651 741 4713 4K2
