3038 5018
106 293 193 374 i.14.
290 293 346 357 IN
378 292 693 358 S.JOANNEM.
740 292 835 357 LIB.
860 293 888 357 1.
933 291 1122 356 CARIX.
1245 291 1308 354 143

105 454 262 565 δόξαιτε
285 462 343 538 καὶ
368 458 484 563 χάριν,
503 461 545 538 ού
570 465 647 544 ταῖς
670 465 743 538 τῶν
761 457 888 537 ἄλλων
906 454 1164 555 άμιλλωμένην
1181 459 1303 533 τεθεᾶ·

105 585 198 662 σθαί
227 591 344 688 φασιν
377 587 409 662 οἱ
444 581 609 683 θεόλογοι
646 585 704 661 καὶ
736 578 922 684 μάρτυρες,
955 578 1056 660 ἀλλὰ
1092 577 1190 660 πολὺ
1225 579 1308 657 λίαν

107 709 289 811 ύπερτενῆ,
305 711 363 786 καὶ
381 708 613 808 άσυγκρίτοις
632 709 822 809 ὑπεροχαῖς
839 705 1122 802 ἀναβαίνουσαν,
1136 705 1177 783 ού
1196 736 1305 799 μεμε·

106 831 285 932 τρημένην
302 831 470 934 ἔχουσαν,
488 835 537 914 ὡς
555 831 674 930 ἑτέρου
694 829 863 925 διδόντος,
882 827 948 927 τήν
968 834 1080 933 χάριν,
1099 828 1183 905 ἀλλ’
1206 829 1253 909 ὡς
1272 829 1309 904 έν

72 955 232 1061 5τελείῳ
260 955 400 1034 τελείαν
426 957 484 1032 καὶ
511 956 640 1053 άληθή,
666 955 863 1049 τουτέστιν,
890 954 954 1032 ούκ
982 952 1204 1045 ἐπείσακτον,
1229 949 1310 1029 οὐδὲ

108 1076 241 1183 ἔξωθεν
279 1080 327 1160 ὡς
364 1081 402 1156 ἐν
434 1076 644 1179 προσθήκης
681 1075 778 1178 μέρει
814 1077 1189 1178 προσπεπορισμένην,
1222 1075 1308 1152 ἀλλ’

109 1202 292 1283 ούσιωδῶς
329 1200 615 1305 ἐνυπάρχουσαν,
649 1204 706 1279 καὶ
744 1201 914 1307 πατρῴου
949 1196 1088 1303 καρπδν
1123 1198 1309 1294 ἰδιώματος
1322 1210 1478 1267 ΝΟΜ·

110 1331 273 1431 φυσικῶς
292 1327 349 1405 ἐπὶ
367 1322 431 1404 τὸν
449 1325 493 1431 ἐξ
508 1326 617 1404 αὐτοῦ
636 1323 819 1423 διήκοντος
836 1324 937 1404 Υίόν.

167 1454 212 1528 Εἰ
245 1449 288 1527 δέ
315 1483 366 1555 τῳ
401 1453 499 1528 δοκεῖ
526 1446 761 1549 πλατυτέροις
794 1446 1002 1549 θεωρήμασι
1033 1444 1239 1545 βασανίζειν
1269 1443 1310 1524 τὸ

56 1607 97 1647 10
111 1572 301 1672 εἰρημένον,
318 1575 572 1653 άποσκοπείτω
596 1575 678 1652 καθ’
699 1570 825 1651 ἑαυτὸν
844 1576 901 1650 καὶ
927 1571 972 1650 τὰ
998 1572 1040 1650 δι’
1059 1568 1214 1649 ἑκάστου
1238 1576 1311 1648 τῶν

112 1697 223 1796 ἁγίων
240 1694 455 1801 παραδόξως
475 1695 693 1797 γεγενημένα
712 1700 769 1774 καὶ
791 1693 837 1773 τά
861 1694 919 1773 διὰ
943 1703 1005 1773 τοῦ
1026 1698 1191 1794 Σωτῆρος
1211 1693 1312 1792 ἡμῶν

112 1825 290 1920 Χριστοῦ,
318 1822 375 1897 καὶ
404 1819 586 1919 τοσαύτην
611 1821 725 1898 οὖσαν
749 1819 890 1922 εὑρήσει
917 1816 983 1918 τήν
1008 1817 1195 1923 διαφοράν,
1219 1816 1312 1916 ὅσην

112 1943 180 2042 ήδη
202 1941 451 2044 προλαβόντες
477 1943 674 2044 εἰρήκαμεν·
709 1940 800 2044 πρὸς
825 1943 868 2021 δέ
888 1978 929 2045 γε
954 1945 1068 2049 τούτῳ
1094 1944 1244 2021 κάκεῖνο·
1279 1946 1311 2020 οἱ

112 2064 267 2166 μὲνγὰρ
295 2069 343 2148 ὡς
369 2069 499 2145 οἰκέται
525 2065 669 2167 γνήσιοι
693 2070 772 2169 περὶ
798 2066 863 2145 τὸν
885 2064 981 2146 οἶκόν
1006 2067 1146 2162 εἰσιν,ό
1172 2065 1209 2144 δέ
1228 2075 1250 2111 “
1264 2068 1311 2147 ὡς
1357 2059 1425 2175 {⁰¹²
1438 2060 1474 2110 ἥδ

62 2208 99 2269 ¹5
113 2201 136 2237 “
155 2188 227 2272 υἱὸς
247 2192 302 2269 ἐπὶ
323 2190 387 2268 τὸν
406 2187 502 2268 οἷκον
520 2192 658 2270 αύτού·”
689 2193 846 2293 καὶπερὶ
869 2189 933 2288 μέν
950 2198 1013 2269 τοῦ
1034 2195 1262 2289 Μονογενοῦς
1289 2189 1345 2286 ἠδ

113 2310 189 2392 θεία
220 2314 319 2413 λέγει
350 2313 475 2416 γραφή
504 2325 525 2360 “
545 2316 798 2415 Εὐλογημένος
829 2316 848 2394 5
881 2312 1067 2418 ἐρχόμενος
1100 2315 1137 2390 ἐν
1165 2311 1312 2410 ὀνόματι
1358 2304 1481 2418 ξ’,Μ

115 2446 136 2482 “
157 2438 322 2536 Κυρίου·”
365 2440 444 2540 περὶ
477 2435 515 2515 δέ
545 2444 617 2515 τῶν
647 2440 760 2537 άγίων
788 2440 807 2517 5
838 2435 932 2521 Θεδς
961 2439 1018 2516 καὶ
1050 2433 1178 2536 Πατήρ
1205 2446 1226 2483 “
1240 2437 1312 2515 Καὶ
1358 2448 1481 2561 {nomia

114 2571 137 2607 “
156 2561 353 2641 ἀπέστειλα
370 2561 461 2660 πρὸς
479 2564 568 2656 ὑμᾶς
586 2561 723 2644 πάντας
741 2561 822 2643 τούς
842 2560 992 2644 δούλους
1019 2595 1088 2655 μου
1110 2554 1192 2643 τούς
1217 2594 1308 2660 προ·
1375 2527 1399 2575 ⁵⁰

114 2694 137 2729 “
156 2682 309 2786 φήτας.”
347 2687 404 2763 καὶ
430 2690 462 2763 οί
487 2683 552 2779 μὲν
571 2682 637 2782 τήν
656 2683 792 2763 ιίνωθεν
810 2685 1023 2786 ἐδανείζοντο
1049 2683 1209 2780 δύναμιν,
1230 2685 1250 2762 5
1275 2682 1313 2762 δέ

61 2837 101 2876 20
116 2809 164 2889 ὡς
181 2813 254 2885 τῶν
272 2807 454 2903 δυνάμεων
475 2806 606 2910 Κύριος
627 2819 648 2855 “
664 2813 707 2886 Εἰ
728 2809 769 2885 ού
786 2815 877 2887 ποιῶ
900 2807 945 2886 τά
971 2809 1059 2909 ἔργα
1085 2815 1149 2885 τοῦ
1169 2804 1313 2910 Πατρός
1359 2809 1466 2939 223¹·

115 2941 138 2977 “
153 2964 235 3028 μου,
262 2933 368 3036 φησὶ,
396 2930 445 3030 μὴ
475 2930 663 3011 πιστεύετέ
691 2958 764 3028 μοι·
803 2937 832 3008 εἰ
863 2931 899 3009 δὲ
929 2936 1031 3024 ποιῶ,
1061 2929 1128 3009 κᾶν
1156 2932 1232 3028 ἐμοὶ
1263 2928 1313 3030 μή
1392 2912 1398 2934 ’

115 3063 139 3099 “
156 3054 358 3154 πιστεύητε,
375 3061 448 3136 τοῖς
467 3054 582 3155 ἐργοις
601 3089 671 3149 μου
689 3052 908 3133 πιστεύετε.”
948 3054 1075 3132 οὐκοῦν
1094 3059 1122 3131 εί
1142 3061 1315 3135 τοσοῦτος

116 3183 164 3260 είς
190 3177 340 3275 δύναμιν
367 3180 386 3257 5
414 3177 633 3277 Μονογενής,
652 3178 817 3279 ὅσασπερ
843 3176 888 3256 ἂν
907 3177 958 3276 ε’ίη
984 3181 1042 3256 καὶ
1066 3179 1085 3256 5
1107 3173 1249 3281 Πατὴρ,
1271 3174 1345 3255 διό
1379 3204 1381 3206 ·

118 3302 235 3380 αὐτῶν
257 3304 382 3402 ὁρᾶται
407 3309 480 3380 τῶν
503 3302 627 3404 έργων,
653 3299 890 3400 ἱσοστάθμοις
916 3299 1105 3402 ἀναλόγως
1130 3311 1313 3401 μεγαλυν-

63 3442 102 3503 25
118 3423 267 3523 θήσεται
292 3425 424 3532 δόξαις,
443 3423 505 3504 άτε
531 3423 574 3523 δή
601 3429 659 3504 καὶ
684 3432 755 3505 τῶν
782 3426 874 3506 ἴσων
896 3425 1057 3527 ἐργάτης·
1095 3425 1252 3531 ὑπερέξει
1280 3422 1317 3503 δέ

118 3546 260 3632 πάντως
277 3557 467 3646 τοσοῦτον,
481 3551 537 3628 καί
557 3552 595 3627 ἐν
613 3553 722 3650 σαρκὶ
741 3549 909 3651 γεγονὼς,
923 3548 1004 3632 τούς
1022 3555 1067 3632 εἰς
1088 3546 1318 3654 ἀδελφότητα

120 3669 365 3771 κεκλημένους,
385 3671 474 3750 ὅσον
493 3672 702 3773 ἀνθρώπους
727 3675 747 3752 ὁ
774 3671 865 3753 κατὰ
889 3674 1002 3777 φύσιν
1021 3671 1125 3762 Θεὸς,
1146 3674 1204 3749 καὶ
1225 3674 1317 3753 υἱούς

119 3795 202 3878 τοὺς
233 3795 325 3874 κατὰ
357 3797 459 3875 θέσιν
491 3797 511 3874 5
545 3794 635 3874 κατὰ
668 3797 841 3895 ἀλήθειαν
871 3795 1074 3902 ἐξάλλεται.
1128 3792 1246 3892 ἐπειδή
1279 3793 1317 3872 δέ

119 3917 317 4021 γέγραπται
336 3919 434 4022 παρὰ
453 3925 503 4026 τῷ
521 3921 682 4027 μακαρίῳ
703 3926 826 4026 Λουκᾷ
844 3932 865 3967 “
883 3922 1025 4017 Ἰησοῦς
1044 3917 1081 3996 δέ
1100 3917 1317 4018 προέκοπτεν

65 4075 105 4131 30
120 4055 142 4091 “
160 4046 198 4121 ἐν
225 4046 342 4151 σοφίᾳ
369 4046 427 4123 καὶ
455 4041 607 4147 χάριτι·”
642 4044 859 4142 σημειωτέον
887 4046 924 4121 ἐν
950 4041 1097 4137 τούτοις,
1127 4040 1181 4120 ὅτι
1208 4044 1317 4146 πλήρη

160 4258 284 4311 μᾶλλον
298 4256 357 4310 Βω.
371 4255 452 4310 Cord.
466 4261 567 4310 πάντων
579 4254 631 4310 Ed.
697 4252 1114 4324 4.ίτέρουθοτθ.ῐ·)δ.ἅλλονπ.
1176 4265 1202 4320 5.
1232 4271 1258 4319 ρ.
1271 4251 1318 4304 οὐκ

122 4327 270 4381 ἐπακτὸνΙ)
284 4345 362 4409 mg.¹
458 4338 489 4449 ιη).
505 4325 626 4413 ποτρηίορ
638 4328 736 4395 καρπὸν
748 4324 799 4379 hoc
812 4324 905 4411 ordine
921 4323 951 4376 Β.
966 4322 1047 4377 Cord.
1096 4344 1195 4409 καρηου
1208 4273 1244 4374 ὅ
1258 4320 1319 4391 (sed

121 4400 219 4465 κορπδν
231 4406 442 4469 suprascrlptum
487 4397 506 4464 .)
520 4418 619 4463 καρπον
634 4396 664 4452 E.
785 4396 810 4449 8.
829 4396 961 4464 διηκοντος
976 4393 1007 4446 Β.
1021 4391 1102 4446 cord.
1116 4393 1255 4460 διήκουσαν
1268 4391 1320 4447 Ed.

123 4485 166 4523 21.
184 4467 220 4539 εί]
234 4469 258 4522 οἱ
270 4469 333 4536 (sic)
346 4469 378 4522 E.
509 4482 552 4520 22.
571 4470 697 4521 τοσοῦτον
711 4466 743 4519 Β.
875 4478 918 4537 27.
937 4461 1107 4535 κατὰφύσιν]
1122 4465 1186 4519 κατὰ
1197 4461 1320 4533 ἀλήθειαν

121 4537 206 4610 φύσιν
218 4538 250 4593 Ε.
357 4554 402 4609 30.
418 4534 506 4608 πλήρη
521 4537 553 4592 Β.
565 4536 672 4607 πλήρεις
685 4536 718 4591 Ε.
730 4535 830 4606 πλήρης
843 4534 895 4591 Ed.
