3038 5018
75 317 116 383 vi.
130 317 183 384 68.
233 315 288 383 IN
320 318 354 385 S.
377 318 634 385 JOANNEM.
680 317 776 383 LIB.
799 317 861 383 IV.
905 317 1007 383 CAP.
1032 315 1092 381 IV.
1209 312 1273 378 565

75 482 186 562 ἐκεῖνο
220 481 263 562 τὸ
299 482 479 587 είρημένον
514 482 614 587 παρὰ
651 488 817 588 Χριστοῦ
853 492 875 532 “
892 483 942 563 ‘O
980 483 1058 582 ἐμοὶ
1098 483 1272 562 διακονῶν
1318 484 1441 603 ξὲξῡῑῑῑ·

76 616 98 655 “
117 608 355 688 ἀκολουθείτω
377 635 449 707 μοι·
477 611 536 689 καὶ
563 606 654 689 ὅπου
680 610 750 707 είμὶ
777 607 860 710 ἐγὼ,
882 609 955 687 ἐκεῖ
978 609 1037 687 καὶ
1063 608 1083 687 ό
1110 603 1303 689 διάκονοςο

76 740 99 776 “
118 732 138 809 ό
156 730 239 829 ἐμὸς
257 730 396 811 ἐσται.”
432 731 474 813 τὸ
493 729 564 834 γάρ
581 730 743 834 πεπηγὸς
761 734 842 835 περὶ
860 728 926 832 τὴν
944 729 1199 830 ἀκολούθησιν,
1213 730 1273 807 καῖ

69 853 119 934 τὸ
144 858 208 954 τῆς
231 856 464 960 προσεδρείας
490 852 633 951 ἐκτενές,
652 855 712 934 διὰ
732 864 797 936 τοῦ
814 853 1046 957 συμβαδίζειν
1063 850 1271 957 ἀπερισπά-

44 997 176 1064 5στως
211 980 309 1085 αι’πιγῖ
344 981 566 1080 σημαίνεται·
618 978 661 1060 τὸ
702 976 740 1058 δέ
776 977 1007 1081 συμβαδίζειν
1042 982 1095 1084 τῷ
1131 980 1273 1079 Σαπῆρι

78 1108 241 1211 Χριστῷ,
264 1105 323 1183 καῖ
349 1105 568 1202 ἀκολουθεῖν,
594 1103 673 1208 ούχὶ
700 1102 844 1188 ποίντως
871 1100 963 1184 κατὰ
988 1109 1099 1202 σῶμα
1127 1108 1270 1199 νοεῖται,

77 1236 279 1329 πληροῦται
307 1226 345 1307 δέ
372 1234 518 1326 μᾶλλον
541 1225 599 1307 διὰ
623 1231 688 1328 τῆς
714 1229 752 1307 ἐν
775 1227 891 1331 ἔργοις
918 1230 1056 1330 ἀρετῆς,
1078 1227 1133 1331 ἐφ’
1157 1221 1181 1330 ᾖ
1208 1222 1274 1306 τόν

79 1356 204 1430 οίκεῖον
232 1349 499 1459 καταπήξαντες
531 1359 615 1432 νοῦν
643 1354 676 1432 οἱ
707 1349 917 1459 σοφώτατοι
948 1351 1113 1450 μαθηταὶ,
1141 1350 1200 1428 καὶ
1230 1346 1274 1427 τὸ

79 1477 249 1556 ἀπελθεῖν
266 1476 386 1556 ὀπίσω
410 1474 502 1575 μετὰ
525 1481 599 1554 τῶν
621 1475 860 1556 ἀπειθούντων
882 1477 930 1558 ῶς
955 1472 1117 1575 ὀλέθριον
1137 1504 1270 1576 παραι-

20 1626 66 1669 10
79 1598 252 1698 τούμενοι,
270 1597 314 1679 τό
339 1604 419 1679 Ποῦ
444 1598 573 1704 ἔχομεν
597 1600 767 1680 ἀπελθεῖν
784 1601 991 1694 ἀναβοῶσιν
1010 1596 1164 1681 εἰκότως·
1195 1598 1275 1675 ἀντὶ

79 1730 142 1801 τοῦ
180 1728 245 1802 Σοὶ
281 1720 435 1803 ποίντοτε
472 1719 711 1821 συνεσόμεθα,
745 1724 804 1802 καὶ
839 1729 912 1802 τῶν
941 1728 1022 1802 σῶν
1052 1718 1309 1826 ἀνθεξόμεθαᾶ

64 1832 383 1949 προσταγμάτων,
415 1848 474 1925 καὶ
504 1843 587 1930 τοῦς
622 1845 711 1931 σοῦς
747 1845 1022 1953 παραδεξόμεθα
1057 1846 1200 1949 λόγους,
1232 1844 1276 1923 ού

81 1967 172 2050 κατά
189 2004 224 2050 τι
245 1977 335 2072 γοῦν
352 1969 606 2067 ἐπαιτιιύμενοι,
625 1973 683 2050 καὶ
707 1967 797 2069 μετὰ
822 1977 894 2050 τῶν
913 1969 1134 2051 ἀπαιδεύτων
1150 1979 1270 2068 σκλη·

80 2093 146 2196 ρὸν
177 2090 265 2173 εἶναι
300 2091 509 2194 νομίζοντες,
544 2091 633 2196 ὅπερ
669 2091 715 2173 ἀν
746 2094 857 2200 λε’γης
891 2098 1156 2196 μυσταγωγῶν,
1188 2091 1274 2171 ἀλλ’

29 2243 68 2305 15
81 2219 190 2297 ἐκεῖνο
207 2223 354 2317 μᾶλλον
371 2227 393 2264 “
407 2218 473 2301 Ὡς
497 2217 634 2319 γλυκέα
657 2221 710 2324 τῷ
735 2216 897 2321 λάρυγγί
911 2253 980 2317 μου
998 2216 1044 2298 τά
1062 2215 1173 2319 λόγιιί
1190 2246 1274 2314 σου,
1320 2221 1404 2338 {225st

83 2351 104 2389 ‘⁴
123 2339 211 2442 ύπέρ
228 2340 313 2439 μέλι
331 2343 390 2420 καὶ
407 2341 530 2443 κηρίον
546 2345 598 2447 τῷ
616 2339 775 2440 στόματί
787 2339 889 2442 μου.”
1325 2365 1379 2415 ¹03·

138 2470 224 2545 Τῶν
241 2463 307 2563 μέν
325 2465 388 2543 οὖν
405 2463 646 2569 προκειμένων
663 2472 820 2549 τοωῦτος
838 2467 859 2546 ὁ
876 2474 966 2550 νοῦς·
988 2467 1043 2545 ὅτι
1062 2463 1099 2545 δέ
1118 2464 1140 2565 ή
1159 2461 1276 2564 σκηνὴ

82 2594 155 2672 τοῖς
187 2587 429 2692 ἀρχαιοτέροις
459 2594 507 2672 είς
540 2587 654 2670 τύπον
682 2585 728 2687 ἦν
758 2597 822 2668 τοῦ
853 2594 1028 2692 Χριστοῦ,
1061 2587 1278 2691 γνωσόμεθα

81 2710 205 2808 πάλιν,
226 2719 300 2795 τοῖς
323 2713 404 2815 περὶ
428 2713 537 2811 αὐτῆς
564 2712 757 2815 εἰρημένοις
783 2713 875 2816 πρὸς
901 2714 965 2795 τὸν
989 2712 1092 2816 ἀγιον
1112 2711 1308 2794 Μωυσέαο

21 2870 71 2910 wo
83 2833 221 2935 λεπτὴν
246 2834 505 2934 ἐπιστήσαντες
532 2835 599 2935 τὴν
627 2832 794 2919 διάνοιαν.
836 2837 1096 2941 παρεκβατικὸς
1121 2837 1187 2939 μὲν
1215 2838 1279 2917 οῦν

83 2957 218 3067 δόξειεν
254 2956 300 3038 ἀν
331 2955 422 3039 εἶναί
454 2993 505 3066 τερ
542 2956 653 3065 τυχὸν
690 2962 710 3041 ό
744 2966 825 3064 περὶ
862 2962 997 3042 τούτων
1034 2960 1154 3065 λόγος,
1192 2960 1277 3041 ἀλλ’

83 3079 244 3181 ὀνήσειεν
272 3083 314 3163 ού
340 3089 485 3186 μικρῶς·
516 3084 572 3162 δεῖ
595 3080 668 3184 γὰρ
695 3079 792 3182 οἶμαι
818 3086 898 3187 περὶ
925 3082 1061 3166 τούτων
1087 3085 1279 3198 προθύμως

84 3204 128 3305 δὴ
153 3205 257 3305 μάλα
281 3212 536 3310 στενολεσχεῖν
557 3204 623 3290 τὰς
649 3211 723 3287 τῶν
744 3207 809 3287 ούκ
833 3205 992 3309 εύλόγως
1019 3209 1279 3309 ἐπαιτιωμένων

84 3328 310 3434 φιλοψογίας
327 3329 639 3433 παραιτουμένους.
681 3328 755 3434 ἔχει
772 3339 961 3433 τοιγαροῦν
978 3329 1021 3413 τό
1039 3338 1135 3413 θεῖον
1151 3330 1279 3435 λόγιον

27 3476 71 3537 ²5
84 3456 208 3539 οὕτως·
258 3452 486 3553 ἐκθησόμεθα
521 3451 593 3555 γάρ
631 3454 743 3538 οὕτως
783 3452 852 3533 ἀνὰ
892 3454 998 3558 με’ρος
1037 3455 1104 3558 τὴν
1140 3460 1179 3538 ἐκ
1214 3466 1279 3538 τοῦ

83 3576 294 3681 γράμματος
311 3574 420 3657 σκιὰν
439 3579 487 3660 ὡς
505 3577 557 3657 ἕνι
575 3576 913 3664 καταλεπτύνοντες.
952 3591 974 3628 “
991 3586 1062 3661 Καὶ
1079 3579 1278 3682 ἐλαίλησε,”
1325 3593 1417 3709 {¹2¹¹}

84 3704 190 3806 φησὶ,
219 3712 240 3750 “
261 3700 394 3802 Κύριος
424 3696 515 3803 πρὸς
544 3705 713 3801 Μωυσῆν
742 3698 860 3802 λέγων
886 3703 953 3782 Ἐν
979 3704 1093 3811 ἡμέρᾳ
1120 3712 1185 3812 μιᾷ
1214 3714 1279 3785 τοῦ
1384 3694 1427 3721 ”

84 3833 106 3870 “
124 3823 236 3922 μηνὸς
263 3831 327 3904 τοῦ
351 3823 497 3927 πρώτου
518 3826 689 3932 νουμηνίᾳ
712 3824 863 3926 στήσεις
887 3825 952 3927 τὴν
969 3825 1143 3929 σκηνήν.”
1180 3830 1219 3908 τί
1236 3828 1279 3910 τὸ

84 3945 248 4030 πεπεικὸς
273 3945 337 4025 τὸν
361 3946 529 4027 ἁπάντων
549 3948 695 4052 Κύρων,
713 3952 786 4053 ἐρεῖ
807 3984 860 4034 τις
885 3948 1043 4052 εὐλόγως
1067 3957 1141 4031 τῶν
1165 3959 1274 4059 φιλο-

33 4103 73 4160 30
84 4067 324 4172 μαθεστέρων,
342 4071 380 4148 ἐν
397 4074 463 4176 μιᾷ
487 4074 553 4168 μὲν
573 4071 748 4154 ’ίστασθαι
773 4069 840 4172 τήν
859 4073 998 4174 σκηνήν
1015 4075 1128 4183 ἡμέρη
1155 4112 1274 4179 προσ·
1292 4107 1310 4147 α
1331 4092 1447 4149 am.

120 4268 147 4319 3.
166 4251 240 4303 ἔσται
255 4249 286 4303 Β.
300 4249 369 4304 ἔστω
383 4248 434 4304 Ed.
618 4269 645 4318 4.
663 4249 834 4322 προσεδρείας
848 4251 918 4306 B.l).
933 4251 984 4307 Ed.
997 4271 1050 4324 mg.
1063 4253 1214 4324 πρυεδρείας
1228 4255 1280 4312 Ed.

89 4337 129 4374 ιι.
148 4320 258 4374 πάντοτέ
269 4342 312 4375 σοι
325 4321 431 4373 inverso
443 4318 536 4374 ordine
550 4320 582 4375 B.
737 4338 777 4389 14.
795 4323 860 4392 λέγῃ
874 4322 906 4377 Β.
1061 4338 1101 4395 17.
1120 4325 1167 4394 μέν
1179 4343 1233 4379 om.
1247 4324 1280 4379 B.

87 4407 129 4445 22.
149 4390 277 4461 ἀντήσειεν]
291 4391 404 4474 ὀνίνησιν
419 4391 451 4445 Β.
535 4406 578 4461 23.
597 4393 667 4461 μάλα
681 4392 713 4446 Β.
726 4394 842 4462 μάλιστα
855 4393 906 4446 Ed.
990 4409 1033 4464 24.
1049 4388 1280 4466 παραιτουμένους]

86 4479 116 4532 ού
128 4477 343 4546 παραιτουμίνους
359 4478 390 4530 Β.
475 4492 518 4548 ²5·
538 4477 618 4536 οὕτως
630 4480 675 4533 alt.
688 4487 860 4549 assumptum
871 4497 903 4533 ex
919 4479 950 4536 Β.
1036 4495 1080 4552 27.
1098 4482 1167 4553 φησὶ
1179 4499 1233 4537 om.
1247 4481 1281 4538 Β.

85 4552 130 4618 μιᾷ
144 4549 224 4618 ήμὲρᾳ
236 4548 342 4603 inverso
353 4547 446 4602 ordine
461 4546 494 4603 B.
541 4553 588 4604 τοῦ
599 4558 768 4620 assumptum
780 4566 812 4602 ex
827 4548 859 4603 B.
