3038 5018
82 286 105 350 i.
122 306 171 374 15.
271 293 327 358 IN
359 296 672 363 S.JOANNEM.
718 297 863 363 LIB.I.
909 297 1011 362 CAP.
1035 297 1096 361 IX.
1218 296 1279 359 145

85 455 249 563 κέκραγεν
276 460 348 558 οὖν,
377 464 503 568 φησίν,
532 464 726 560 τουτέστιν,
754 466 817 544 οὐκ
844 466 881 543 ἐν
909 462 1136 571 παραβύστῳ
1163 468 1280 559 λαλεῖ,

82 580 147 659 οὐκ
187 583 301 685 ήρέμα
346 589 404 666 καί
443 588 641 694 φιθυρίζων
684 592 849 696 μαρτυρεῖ,
890 587 1099 690 σάλπιγγος·
1141 585 1282 690 ἀκούσῃ

81 710 242 799 βοῶντος
263 708 506 812 εύηχέοτερον.
545 713 586 790 ού
609 711 716 809 μόνος
739 710 897 796 οἰκούσας
925 711 969 792 τὰ
996 709 1142 792 τοιαῦτά
1169 718 1278 815 φημι,

81 827 224 914 πλατύς
242 835 300 911 καί
319 838 368 917 εἶς
385 831 522 917 πάντας
540 835 561 912 ό
583 833 705 935 λόγος,
724 835 891 940 λαμπρὸς
917 836 937 914 ὃ
963 835 1086 942 κήρυξ,
1105 836 1281 933 ἐπίσημος
1301 842 1305 847 ’

49 948 105 1048 5ή
124 951 239 1056 φωνή,
258 955 370 1056 με’γας
387 960 445 1036 καὶ
463 959 526 1036 οὐκ
545 958 735 1058 ἄγνωστος
753 961 773 1037 ὁ
791 957 1006 1061 πρόδρομος.

104 1284 207 1355 Οὗτος
235 1285 274 1357 ιἰν
301 1292 338 1359 ὃν
366 1285 458 1359 εἶπον
480 1291 523 1358 ‘0
550 1292 657 1361 ὀπίσω
683 1317 745 1371 μου
772 1295 957 1382 ἐρχόμενος,
983 1294 1167 1383 ἔμπροσθέν
1193 1316 1255 1371 μου

411 1438 549 1517 τὲτονεν,
577 1440 627 1506 ὅτι
654 1438 786 1527 πρῶτός
812 1460 874 1515 μου
901 1432 950 1507 ἧν.
1284 1452 1307 1505 0

137 1631 349 1730 Ὀνομάσας
375 1632 439 1714 τόν
462 1634 625 1740 μάρτυρα
653 1634 716 1716 τὸν
737 1635 973 1737 ὁμογνώμονα
1003 1636 1062 1714 καὶ
1090 1634 1279 1733 ὁμώνυμον

81 1753 187 1862 αύτῷ,
206 1760 263 1834 καὶ
281 1756 425 1864 μεγάλῃ
448 1759 567 1866 δείξας
588 1758 888 1864 ἀποχρησάμενον
907 1764 951 1866 πή
976 1764 1081 1866 φωνῇ
1104 1759 1195 1861 πρὸς
1212 1757 1279 1858 τὴν
1321 1812 1324 1816 ›

30 1917 68 1958 10
80 1886 145 1958 τοῦ
173 1880 398 1983 κηρύγματος
426 1885 616 1981 διακονίαν,
638 1884 760 1986 ἐπάγει
788 1885 974 1988 χρησίμως
1003 1884 1061 1963 καὶ
1090 1887 1153 1983 τῆς
1180 1917 1274 1986 μαρ-

80 2005 202 2106 πυρίας
230 2002 294 2085 τόν
317 2004 464 2110 τρόπον·
504 2009 678 2116 ἐντούτῳ
706 2005 778 2110 γὰρ
805 2006 970 2107 μάλιστα
997 2008 1147 2105 σύμπαν
1169 2005 1213 2107 ἦν
1235 2006 1278 2087 τό

81 2125 304 2229 ζητούμενον.
340 2132 379 2210 τί
393 2132 456 2211 οὖν
475 2131 546 2235 ἄρα
566 2130 630 2212 τὸν
647 2139 806 2211 τοιοῦτον
823 2130 993 2231 Ἰωάννην
1010 2129 1279 2234 άνακεκραγότα

79 2256 161 2355 περὶ
189 2261 253 2333 τοῦ
282 2259 511 2356 Μονογενοῦς
542 2253 738 2359 εὑρήσομεν
750 2286 761 2353 3
799 2252 845 2334 ‘0
874 2257 982 2335 ὀπίσω
1013 2291 1078 2360 μου
1110 2254 1278 2360 ἐρχόμενος

81 2375 261 2485 ἐμπροσθέν
278 2415 344 2482 μου
361 2378 493 2482 γε’γονεν
511 2379 558 2459 ’ότι
578 2378 705 2479 πρότός
723 2416 788 2485 μου
807 2372 863 2475 ήνς
894 2375 1008 2474 βαθύς
1031 2379 1051 2457 ό
1075 2375 1199 2479 λόγος,
1219 2382 1276 2458 καὶ

26 2528 65 2590 15
80 2500 227 2602 πολλὴν
248 2503 305 2601 ἐφ’
323 2503 436 2610 ἑαυτῷ
460 2502 526 2602 τήν
550 2503 715 2597 βάσανον
739 2506 912 2585 ἀπαιτῶν·
950 2504 972 2603 ή
996 2499 1061 2603 μὲν
1085 2500 1156 2607 γὰρ
1180 2502 1310 2606 πρό-(1

78 2659 196 2730 χειρος
214 2632 287 2709 τοῖς
306 2633 459 2709 πολλοῖς
477 2630 535 2707 καὶ
553 2628 763 2730 τετριμμένη
782 2628 928 2725 διάνοια,
947 2625 1092 2727 τοιαύτη
1111 2661 1164 2711 τις
1183 2626 1277 2709 οὖσα

79 2745 260 2854 τυγχάνει·
293 2749 383 2831 ὅσον
405 2749 478 2854 γὰρ
503 2751 585 2852 ἧκεν
603 2758 650 2838 εἰς
674 2749 737 2831 τὸν
755 2756 818 2851 τῆς
840 2749 1040 2854 γεννήσεως
1064 2747 1195 2855 χρόνον
1212 2755 1276 2850 τῆς
1302 2826 1317 2846 Α

77 2870 169 2968 μετὰ
199 2871 347 2976 σαρκός,
374 2873 582 2978 προεβάδιζε
609 2883 673 2955 τοῦ
701 2879 868 2974 Σωτῆρος
896 2876 916 2953 ό
943 2872 1158 2971 βαπτιστής,
1186 2875 1271 2974 ήκο·
1303 2860 1308 2868 .

78 2996 202 3077 λούθει
230 2998 274 3077 δέ
295 3032 373 3082 πως
400 3001 459 3077 καὶ
486 3003 593 3079 ὀπίσω
617 2999 754 3103 τρέχων
775 3000 938 3103 ἐφαίνετο
965 2999 1078 3098 μησὶν
1100 2994 1145 3103 ἓξ
1171 3000 1274 3076 ύστε-

23 3120 183 3222 συρίζων
200 3119 299 3206 ὅλοις
318 3122 338 3199 ό
355 3121 601 3221 Ἐμμανουήλ,
620 3125 668 3205 ὡς
690 3123 710 3200 ό
733 3119 904 3222 μακάριος
925 3119 1097 3223 ἱστόρησε
1118 3126 1276 3205 Λουκᾶςι

77 3251 185 3322 τοῦτο
210 3243 328 3346 λε’γειν
346 3244 479 3326 οἴονται
504 3243 568 3325 τὸν
586 3244 756 3346 Ἰωάννην
774 3243 876 3340 τινὲς,
893 3244 952 3324 ἵνα
976 3248 1099 3345 νοῆται
1124 3249 1275 3327 τοιοῖσδε

65 3366 122 3464 ,Ὀ
137 3372 245 3449 ὀπίσω
257 3406 323 3476 μου
335 3371 506 3476 ἐρχόμενος
520 3367 611 3448 κατὰ
629 3367 691 3449 τόν
706 3374 768 3470 τῆς
784 3368 922 3468 ἡλικίας
940 3369 1082 3474 χρόνον,
1096 3367 1274 3479 ἔμπροσθεν

75 3529 142 3598 μου
166 3488 308 3595 γε’γινεν.
347 3494 433 3573 ἀλλ’
458 3493 558 3574 ἔστιν
584 3496 669 3574 ἰδεῖν
692 3491 757 3574 τὸν
775 3493 1046 3601 ὀξυωπεστερου
1071 3499 1144 3578 τοῖς
1169 3493 1304 3578 θείοιςο

77 3615 315 3721 ἐναπενίζοντο
345 3618 562 3722 θεωρήμασι,
594 3624 739 3720 πρῶτον
770 3618 846 3717 μὲν,
880 3615 976 3702 ὅπως
1008 3621 1057 3702 εἰς
1087 3614 1274 3723 ἐξιτήλους

21 3757 61 3819 25
76 3740 211 3826 ἐννοίας
246 3741 267 3820 ό
302 3739 414 3844 λόγος
451 3743 534 3842 ἡμῖν
570 3740 783 3846 εἰσφέρεται,
821 3743 879 3821 καὶ
914 3739 1055 3843 μακράν
1093 3774 1163 3822 που
1202 3744 1274 3819 τῶν
1304 3798 1319 3831 v.

75 3865 277 3965 ἀναγκαίως
308 3863 739 3969 ζητουμένωνὶάποδημεῖ.
787 3864 1006 3972 παρελήφθη
1037 3860 1109 3967 γάρ
1137 3861 1273 3966 μάρτυς

75 3987 96 4064 ό
134 3983 235 4088 ἅγιος
272 3987 489 4089 βαπτιστὴς,
526 3990 592 4096 ούχ
628 3991 687 4070 ἵνα
719 3995 769 4098 τῷ
805 3993 868 4089 τῆς
905 3987 1124 4092 γεννήσεως·
1142 3986 1272 4095 χρόνῳ,

74 4109 162 4191 ποτὲ
200 4110 266 4211 μὲν
304 4110 543 4217 ὑστερίζοντα,
579 4112 667 4195 ποτὲ
705 4113 742 4194 δὲ
781 4112 826 4193 αὖ
867 4110 979 4193 πάλιν
1015 4108 1272 4215 προτερεύοντα

112 4341 154 4392 14·
175 4325 251 4379 Haec
263 4323 303 4380 ὅτι
314 4327 415 4394 πρῶτός
425 4347 475 4393 μου
487 4322 518 4397 ἢν
530 4333 669 4395 assumpta
680 4341 712 4378 ex
726 4322 758 4377 B.
770 4341 786 4377 ο
797 4339 848 4378 ουο
859 4321 962 4378 addidit
974 4322 1077 4394 Migne.
1170 4321 1211 4378 16.
1229 4321 1272 4377 εἰ.

72 4395 210 4485 τριμμόνη]
224 4396 361 4467 τετρομένη
374 4396 437 4467 (εἰς)
451 4394 484 4451 Β.
578 4465 585 4478 ⁶
610 4411 652 4449 20.
669 4397 768 4476 Λουκρς
780 4392 923 4462 ίστορήσιιε
936 4393 969 4449 Β.
1089 4409 1132 4448 22.
1151 4395 1215 4448 md
1226 4395 1272 4450 τδτ

71 4489 118 4535 της
130 4467 230 4536 ἡλικίας
241 4469 336 4537 χρόνον
347 4475 408 4521 ante
420 4468 435 4519 d
447 4473 599 4556 transpomt
611 4464 662 4520 Ed.
675 4462 746 4519 0d1d1
757 4482 790 4518 ex
804 4463 837 4521 B.
1027 4479 1069 4534 24.
1087 4463 1157 4521 ὅπως
1168 4480 1223 4522 om.
1236 4463 1270 4523 B.

74 4552 118 4610 25.
136 4534 433 4610 ἐννοίας-είσφόρεπαι]
447 4535 507 4607 ἡμῖν
519 4532 616 4594 εννοίος
627 4537 643 4592 d
653 4537 733 4607 λόγος
745 4535 881 4607 ίκφὸρετοι
895 4533 927 4590 Β.

119 4639 189 4683 VOL.
206 4640 230 4684 l.
663 4637 683 4683 U
