3038 5018
92 297 215 382 σῦλαι.
270 300 327 365 IN
357 300 666 366 S.JOANNEM.
713 300 807 366 LIB.
832 299 892 365 IV.
938 301 1040 367 cAP.
1057 301 1118 368 VI.
1227 303 1290 368 617

94 467 179 562 θητε
197 461 241 545 τῦ
260 466 516 569 διηγγελμένον
536 464 594 560 Μῆ
615 471 730 574 κρίνετε
751 473 826 548 κατ’
848 460 942 572 ῖφιν,
962 468 1066 546 ιἰλλῦι
1084 464 1136 558 τῆν
1155 462 1291 547 δικαίαν

95 591 198 695 κρίσιν
218 595 355 697 κρίνατε.
392 596 421 670 εἰ
439 589 504 690 μέν
522 589 594 694 γάρ
612 590 682 697 ἔξω
704 599 768 670 τοῦ
790 597 1009 692 παρανομεῖν
1027 591 1203 670 τεθείκατε
1227 588 1291 670 τὸν

96 713 269 810 Μωυσέα,
289 718 429 813 καὶτῆς
452 717 510 794 ἐπὶ
535 714 650 822 τούτῳ
676 714 935 815 καταγνώσεως
958 717 1116 816 ἀμοιρεῖν
1133 714 1172 793 εῦ
1189 710 1325 812 μάλαεί

93 845 277 921 ποωῦντες
291 837 493 943 λογίζεσθε,
506 840 620 918 καίτοι
636 837 872 941 παραλάοντα
889 837 953 918 τὸν
966 840 1022 919 ε’πὶ
1041 842 1093 946 τῷ
1110 835 1291 946 σαββάτῳ

49 981 79 1065 Ι5
94 959 233 1060 θεσμὸν
269 961 328 1042 διὰ
364 960 430 1062 τῆν
464 964 504 1041 ἐκ
539 961 704 1067 πατέρων
735 960 940 1066 περιτομὴν,
972 961 1184 1042 άπολάσατε
1220 968 1293 1041 τῶν

94 1082 331 1185 ἐγκλημάτων
350 1090 408 1167 καὶ
426 1085 490 1166 τὸν
508 1083 662 1192 Υῖῖιντῆ
684 1093 748 1165 τοῦ
767 1082 913 1187 Πατρῖις
938 1087 991 1165 ἀεὶ
1018 1083 1293 1191 συμφερόμενον

94 1207 232 1314 γνώμη,
252 1211 309 1289 καὶ
328 1217 403 1295 τοῖς
420 1211 551 1291 ἐκείνου
573 1217 811 1290 συναινοῦντα
836 1206 1030 1308 θελῆμασι,
1048 1210 1106 1288 καὶ
1131 1209 1223 1312 άπερ
1248 1207 1293 1288 ἂν

94 1332 296 1439 ἐργάζηται,
315 1343 428 1416 ταῦτα
452 1339 511 1416 καὶ
535 1332 643 1415 αῦτῦν
661 1335 790 1434 ὁμοίως
815 1343 928 1416 ποιεῖν
948 1338 1159 1435 εἰθισμένον.
1200 1342 1230 1415 εῖ
1255 1336 1293 1415 δέ

94 1455 206 1555 μόνον
231 1458 477 1565 καταδικάζετε
503 1469 568 1540 τοῦ
586 1463 687 1559 Υῖοῦ,
707 1459 872 1539 Μωυσέα
896 1458 947 1558 μῆ
973 1461 1161 1563 κρίνοντες,
1179 1467 1292 1540 καίτοι

45 1608 83 1652 ¹0
95 1587 168 1665 τοῖς
190 1581 293 1681 ἴσοις,
313 1587 438 1689 φησὶν,
458 1583 675 1688 ἐνεχόμενον,
692 1581 820 1687 οἷσπερ
847 1581 893 1662 εῖν
910 1583 1028 1664 οἴεσθε
1053 1583 1142 1682 κάμὲ
1166 1583 1226 1663 διὰ
1248 1582 1321 1662 τδο

95 1705 299 1807 σάββατον,
335 1715 413 1793 πῶς
450 1710 531 1813 οῦχὶ
567 1707 611 1809 δῆ
648 1707 711 1788 τὸν
744 1712 840 1789 θεῖον
870 1716 1066 1793 πατοῦντες
1099 1708 1292 1787 ἁλώσεσθε

96 1828 217 1928 νόμον,
235 1835 294 1911 καὶ
316 1838 389 1917 τοῖς
408 1832 544 1912 ἄνευθεν
562 1831 800 1936 ένυβρίζοντες
825 1831 919 1936 ὅροις
945 1830 1291 1940 καταληφθῆσεσθε,
1318 1924 1320 1927 v

96 1956 251 2060 αίδοῖτῆ
269 1956 467 2058 περίτινας
490 1955 554 2035 τὸν
572 1957 629 2036 ἐπὶ
654 1961 706 2062 τῷ
731 1954 776 2035 τά
802 1956 919 2035 δίκαια
943 1956 1070 2059 κρίνειν
1088 1955 1289 2061 παραφθεί-

95 2111 217 2181 ροντες
242 2079 366 2183 λόγον,
384 2083 442 2160 καὶ
467 2085 540 2160 τῶν
566 2079 670 2160 θείων
693 2077 925 2176 ένταλμάτων
944 2078 1147 2178 ποιούμενοι
1174 2080 1291 2183 κρείτ·

45 2224 83 2285 15
96 2235 193 2300 τονα,
222 2202 285 2284 τῦν
313 2201 342 2313 ᾧ
372 2203 439 2306 τῆν
465 2207 504 2285 ἐκ
533 2203 853 2310 προσωποληφίας
887 2203 974 2284 αῖδὼ
1005 2211 1294 2307 παρανομοῦντες

96 2324 308 2430 χαρίζεσθε;

152 2451 386 2555 Ἐπιτηρείτω
411 2451 450 2533 δὲ
474 2449 586 2534 πάλιν
611 2453 631 2532 ὁ
659 2450 808 2538 συνετὸς
836 2451 1012 2557 ἀκροατῆς
1041 2460 1104 2532 τοῦ
1127 2456 1295 2555 Σωτῆρος

97 2570 198 2672 ἡμῶν
229 2581 395 2677 Χριστοῦ
426 2576 492 2676 τῆν
524 2573 751 2683 άξιάγαστον
782 2578 920 2681 τέχνην.
973 2577 1084 2675 νόμου
1114 2576 1186 2679 γάρ
1219 2576 1295 2660 ἐνὸς

97 2697 359 2798 ἐγκαλούμενος
404 2699 526 2797 λύσιν,
569 2700 627 2779 διὰ
672 2707 826 2782 πολλῶν
866 2701 960 2803 άγαν
1001 2710 1295 2803 παρανομοῦντας

45 2851 85 2891 20
97 2820 246 2927 ἐλέγχει,
278 2825 469 2928 μονονουχὶ
500 2820 542 2902 τῦ
574 2824 807 2926 εῦαγγελικδν
839 2827 948 2905 ἐκεῖνο
981 2832 1108 2904 λαλῶν
1141 2837 1163 2873 “
1179 2826 1230 2906 Τί
1260 2821 1324 2903 δέο
1345 2842 1463 2898 422A.

98 2954 120 2990 “
139 2946 287 3038 βλέπεις
305 2944 347 3027 τῦ
365 2944 503 3052 κάρφος
524 2945 566 3026 τὸ
588 2949 626 3026 έν
643 2951 694 3055 τῷ
721 2950 904 3056 ὀφθαλμῷ
929 2957 993 3028 τοῦ
1020 2951 1182 3054 ἀδελφοῦ
1208 2983 1292 3045 σου,
1340 2918 1463 3045 effitm'

98 3078 120 3115 “
140 3069 207 3168 τῆν
230 3068 268 3149 δέ
292 3072 331 3150 έν
352 3075 403 3178 τῷ
430 3076 488 3179 σῷ
515 3071 697 3179 ὀφθαλμῷ
725 3070 831 3151 δοκὸν
857 3073 900 3150 οῦ
927 3078 1107 3157 κατανοεῖς
1123 3073 1157 3169 ;”
1187 3071 1296 3151 κακὸν

97 3192 162 3271 οῦν
190 3193 260 3296 άρα
287 3191 330 3274 τῦ
358 3196 488 3297 κρίνειν
515 3196 666 3298 ἑτέρους·
711 3205 732 3241 “
749 3196 816 3274 Ἐν
844 3192 873 3302 ᾧ
906 3192 977 3297 γάρ
1009 3229 1062 3279 τις
1092 3196 1201 3298 κρίνει
1233 3194 1296 3275 τὸν
1341 3212 1452 3262 Rom-ii·

98 3326 121 3363 (χ
145 3316 163 3345 U
305 3321 314 3343 ε
383 3315 394 3343 ἱ
590 3320 599 3346 Ι
659 3319 678 3345 25
775 3318 785 3347 λ
1232 3317 1242 3344 Ι
1343 3293 1365 3328 ¹¹

141 3350 271 3419 ετερον,
296 3352 422 3398 εουτον
447 3353 657 3421 κατακρινει,
700 3353 791 3399 κατα
817 3317 860 3398 τὸ
888 3317 1145 3422 γεγραμμένον.
1184 3325 1296 3399 διατοι

45 3465 84 3525 ι5
99 3447 205 3520 τοῦτο
233 3443 292 3520 καὶ
317 3444 401 3545 παρ’
422 3443 530 3521 αὐτοῦ
558 3450 622 3522 τοῦ
652 3447 819 3545 Σωτῆρος
846 3442 990 3544 ἐλέγετο
1015 3455 1036 3491 “
1053 3442 1118 3544 Μῆ
1146 3447 1293 3546 κρίνετε,
1340 3452 1435 3581 {¹320-

100 3572 121 3609 “
139 3566 198 3642 καὶ
223 3565 265 3643 οῦ
289 3563 339 3665 μῆ
365 3570 517 3668 κριθῆτε,
535 3565 586 3665 μῆ
604 3566 860 3672 καταδικάζετε,
880 3570 938 3647 καὶ
963 3567 1004 3645 οῦ
1026 3565 1076 3665 μῆ
1100 3571 1292 3647 καταδικα·
1367 3557 1373 3569 ’
1421 3555 1426 3567 ’

100 3696 121 3732 “
139 3689 282 3786 σθῆτε.”
319 3693 377 3769 καὶ
394 3689 507 3770 ταῦτά
526 3697 645 3795 φαμεν
664 3693 792 3776 ἐντοῖς
811 3692 894 3770 καθ’
915 3692 1017 3791 ῆμῖις·
1048 3691 1296 3793 παρανομήσει

100 3811 171 3913 γάρ
191 3814 353 3911 οὐδαμῶς
372 3816 391 3893 ὁ
410 3815 584 3917 Χριστος,
601 3814 684 3899 τοῦς
703 3819 829 3896 ἑαυτοῦ
847 3819 1043 3915 μετατιθεὶς
1062 3817 1117 3920 ἐφ’
1138 3814 1225 3913 ίιπερ
1252 3815 1296 3893 ἂν

98 3935 275 4037 βούληται
301 3937 440 4036 νόμους,
459 3941 518 4018 καῖ
542 3944 604 4038 τῆς
630 3941 799 4039 ἀληθείας
825 3937 890 4036 τὴν
909 3941 1072 4042 εὔχροιαν
1090 3945 1166 4021 ταῖς
1192 3963 1328 4033 vom-b

45 4081 86 4143 30
99 4065 175 4142 καῖς
199 4060 396 4141 ἐπιτάττων
417 4071 548 4146 σκιαῖς·
589 4064 646 4142 ἵνα
673 4062 716 4162 δὴ
742 4061 873 4142 λοιπὸν
897 4066 954 4141 καὶ
981 4068 1030 4145 εἷς
1056 4062 1296 4162 πνευματικῆν

138 4277 161 4315 ι.
180 4262 281 4330 κρίνατε
296 4262 327 4317 Β.
341 4264 438 4332 κρίνετε
452 4265 503 4321 Ed.
618 4285 643 4333 ⁴·
662 4270 699 4321 τῶ
711 4284 764 4320 om.
780 4266 813 4319 B.
932 4283 972 4320 10.
991 4267 1022 4320 δν
1034 4276 1202 4335 assumptum
1216 4285 1246 4320 ex
1264 4267 1295 4321 B.

103 4349 144 4387 11.
163 4333 507 4455 οιηιηιιιυηιηυο.ἱ
608 4354 649 4408 13.
667 4321 923 4430 αττηιιριιηο.
972 4411 983 4424 .
1028 4338 1068 4390 ιι.
1088 4339 1298 4425 νιμοιμρμις

100 4403 152 4458 hoc
165 4421 204 4457 or(
215 4421 258 4457 me
272 4404 305 4458 Β.
318 4406 375 4461 ἐνδς
386 4409 465 4473 νόμου
477 4429 528 4478 γαρ
542 4406 593 4462 Ed.
683 4423 725 4461 22.
744 4429 821 4461 κακον
833 4404 892 4478 ουν]
906 4430 999 4461 κακουν
1013 4407 1044 4460 Β.
1142 4424 1184 4476 23.
1203 4430 1298 4479 κρινειν

101 4473 305 4597 Βζκὲτακρίνειν
318 4476 369 4530 Ed.
430 4478 688 4548 κρίνεῖ-κατακρίνεῖ
701 4478 762 4547 (sic)
779 4478 811 4531 B.
924 4489 970 4549 '25.
989 4477 1049 4548 παρ’
1064 4479 1142 4531 αὐτοῦ
1155 4477 1214 4550 τοῦ]
1227 4480 1298 4552 παρὰ

98 4568 145 4599 του
186 4584 192 4599 .

142 4647 213 4692 voh.
230 4649 253 4693 1.
677 4651 698 4712 4
714 4651 736 4695 x
