3038 5018
228 301 293 365 316
532 299 571 365 Β.
596 299 808 366 CYRILLI
837 297 1127 365 ALEXANDR.
1328 317 1358 357 v.
1376 291 1426 355 18.

229 461 416 566 ἄνθρωπος
451 463 501 544 ὧν
530 465 793 570 ἀσχόλλοντες.
845 468 887 546 οῦ
924 463 996 567 γάρ
1032 461 1169 570 ᾔδεσοὶν
1201 495 1259 542 πω
1295 456 1358 538 τὸν
1390 461 1428 536 ἐν

230 585 362 666 δούλου
385 592 510 694 μορφῇ
535 589 577 669 δι’
597 590 690 689 ἡμᾶς
713 587 888 693 γεγονότα
911 585 1007 669 θεὸν
1027 585 1160 688 Λόγον,
1179 583 1245 685 τὴν
1268 587 1306 663 ἐκ
1331 588 1427 662 Θεοῦ

232 709 378 812 Πατρός
404 710 659 815 ἀναβρθονσαν
685 711 788 816 ζονῆν,
813 712 977 793 τουτέστι
1004 709 1068 791 τὸν
1094 711 1297 812 Μονογενῆ,
1325 702 1355 814 ᾧ
1383 703 1428 803 δὴ

230 836 289 913 καὶ
316 831 414 942 μόνῳ
442 834 568 937 κυρίως
595 870 635 916 τε
662 839 720 916 καὶ
748 838 893 936 ἀληθῶς
925 838 1009 937 ε’πιγ
1044 833 1056 859 ‘
1124 834 1163 912 αι’
1190 865 1229 912 τε
1260 833 1318 910 καὶ
1348 829 1428 907 ἔστι

195 958 349 1065 Βπατὴρ
368 963 387 1040 ὁ
408 961 510 1061 θεὸς,
529 963 613 1062 ἡμῖν
633 963 671 1043 δὲ
696 964 823 1044 οὐκέτι·
855 965 951 1043 θετοὶ
975 960 1047 1065 γὰρ
1072 960 1180 1060 ἡμεῖς,
1199 962 1247 1043 είς
1272 956 1314 1036 τό
1340 953 1458 1057 ῦπέρ5

231 1085 345 1189 φύσιν
363 1084 505 1193 ἀξίωμα
523 1084 581 1166 διὰ
600 1084 665 1187 τὴν
678 1095 743 1166 τοῦ
761 1087 980 1187 τιμήσαντος
997 1083 1149 1184 θέλησιν
1166 1082 1428 1177 ἀναβαίνοντες,

231 1211 289 1288 καὶ
313 1208 356 1287 τὸ
380 1212 454 1289 θεοὶ
478 1211 536 1289 καὶ
563 1211 629 1290 υἱοὶ
654 1217 846 1291 καλεῖσθαι
870 1210 1109 1314 κερδαίνοντες
1131 1206 1190 1288 διὰ
1207 1203 1271 1286 τὸν
1288 1207 1326 1284 ἐν
1344 1204 1429 1303 ἡμῖν

232 1334 433 1412 ἐνοικοῦντα
465 1332 631 1433 Χριστὸν
662 1332 722 1412 διὰ
757 1342 820 1414 τοῦ
852 1333 978 1436 Ἀγίου
1011 1331 1232 1430 Πνεῦματος.
1282 1332 1330 1412 εἰς
1361 1325 1430 1426 τὴν

230 1455 352 1559 σάρκα
382 1465 571 1560 τοιγαροῦν
603 1458 810 1562 ἀφορῶντες
842 1454 965 1559 μόνην,
997 1455 1061 1536 τόν
1093 1453 1131 1534 δὲ
1168 1456 1206 1534 ἐν
1238 1458 1283 1558 τῇ
1319 1451 1429 1554 σαρκὶ

231 1587 462 1660 κατοικοῦντα
490 1576 587 1660 Θεὸν
611 1581 675 1660 οῦκ
702 1580 1007 1683 ἐπιγινώσκοντες,
1032 1583 1097 1660 οῦκ
1125 1579 1310 1682 ἀνέχοντα
1338 1572 1430 1677 πρὸς
1445 1616 1484 1656 10

231 1700 274 1782 τῦ
302 1702 504 1806 ὑπερέκεινα
531 1705 595 1802 τῆς
618 1703 811 1808 ἀνθρώπιον
836 1703 981 1809 φύσεως
1008 1705 1261 1802 ἀναπηδῶντος
1286 1697 1429 1803 με’τρον,

63 1834 168 1962 {2522
232 1823 292 1904 διὰ
309 1833 374 1904 τοῦ
397 1826 535 1928 πατέρα
552 1824 671 1929 λε’γειν
688 1826 814 1906 ἑαυτοῦ
831 1824 896 1906 τὸν
913 1823 1021 1906 θεόν·
1059 1830 1110 1932 τῷ
1128 1822 1199 1928 γὰρ
1215 1827 1322 1902 εἰπεῖν
1341 1832 1363 1869 “
1380 1822 1429 1901 ‘O

203 1985 220 2027 ο
235 1957 256 1996 “
269 1946 399 2051 Πατήρ
409 1951 509 2048 μον,”
521 1948 655 2050 ταύτην
666 1947 712 2030 ἀν
723 1947 865 2035 εἰκότως
876 1949 1038 2056 εἰσφέροι
1049 1947 1114 2048 τὴν
1125 1947 1275 2029 ἔννοιαν·
1296 1943 1429 2024 οἴονται

233 2071 271 2152 δὲ
298 2077 370 2153 δεῖν
386 2069 450 2153 τόν
469 2069 566 2180 ᾧπερ
590 2073 691 2153 ε’στιν
708 2069 908 2176 ἰδιαζόντως
931 2069 1052 2174 πατὴρ
1076 2072 1097 2150 ό
1120 2069 1223 2167 θεὸς,
1246 2072 1313 2150 ἴσον
1342 2064 1430 2147 εἶναι

236 2194 328 2276 κατὰ
346 2195 460 2304 φύσιν
477 2196 585 2303 αὐτῷ,
603 2203 709 2276 τοῦτο
732 2195 776 2295 δὴ
798 2195 909 2295 μόνον
928 2202 1089 2279 νοοῦντες
1109 2196 1237 2297 ὀρθῶς·
1268 2193 1339 2296 ἔχει
1358 2189 1430 2295 γὰρ
1447 2229 1484 2288 15

232 2323 356 2416 οὕτως,
377 2323 435 2400 καὶ
461 2321 529 2425 οῦχ
556 2319 694 2423 ἑτέρως.
734 2323 783 2404 ὡς
807 2320 870 2399 οῦν
895 2320 954 2400 καὶ
978 2317 1112 2418 ταύτην
1135 2326 1199 2398 τοῦ
1224 2316 1339 2418 λόγον
1364 2314 1431 2413 τὴν

233 2444 369 2525 ἔννοιαν
385 2442 681 2548 παρεισάγοντος,
701 2444 946 2545 ἀγανακτοῦσι
968 2440 1133 2545 μειῷνως
1159 2440 1222 2522 τόν
1240 2437 1349 2545 ὀρθὸν
1366 2443 1431 2539 τῆς

233 2569 401 2669 ἀληθείας
421 2565 667 2670 ἐκτρεπόμενοι
691 2564 818 2669 λόγον.

271 2794 297 2833 2.
315 2777 357 2850 ἐκ]
374 2785 403 2844 -Ι-
417 2781 464 2832 τοῦ
477 2777 529 2834 Ed.
542 2777 627 2834 invito
640 2777 673 2833 Β.
753 2789 780 2845 5.
798 2775 869 2847 ἡμων
880 2775 917 2832 D.
997 2778 1024 2832 8.
1043 2777 1187 2832 ἐνοικοῦντα
1200 2775 1234 2831 Β.
1247 2774 1364 2829 οἰκοῦντα
1378 2773 1432 2830 Ed.

233 2865 260 2919 9.
277 2847 363 2906 τοίνιιν
372 2853 508 2922 τοιγαροῦν
521 2849 554 2905 B.
664 2863 705 2904 ιο.
723 2847 769 2903 οῦκ
781 2845 1003 2919 ἐπιγινώσκοντες]
1018 2846 1102 2902 οὐκέτι
1113 2849 1283 2919 γινώσκοντες
1296 2844 1330 2900 Β.
