3038 5018
263 249 326 311 ⁷26
567 249 605 313 B.
629 247 838 312 CYRILLI
869 249 1156 313 ALEXANDR.
1329 247 1395 310 viii.
1414 266 1463 329 19.

230 410 362 494 δόπως
381 410 470 496 λαὸς
489 411 600 497 ὄντως
617 411 737 516 μωρδς
762 419 821 493 καὶ
847 412 1015 514 ἀκόρδιος
1032 413 1190 515 εὐλόγως
1208 413 1463 509 ἀποκέκληται·

265 533 330 614 τδν
358 535 429 638 γάρ
462 541 526 636 τῆς
559 539 715 622 διανοίας
749 537 943 643 ὀφθαλμόν
971 539 1047 618 οὐδ’
1077 538 1168 616 ὅσον
1198 545 1271 615 τῶν
1301 537 1467 637 ἐπιγείων

267 660 512 767 ἀνακουφίζειν
544 659 741 760 δυνάμενοι,
772 662 991 741 δεικνύουσιν
1021 662 1152 762 ἀληθὲς
1186 659 1228 741 τδ
1261 663 1314 740 ἐπ’
1347 661 1467 742 αὐτοῖς

136 822 222 911 ²⁰⁴4
268 782 448 886 είρημένον
482 796 503 831 “
523 784 831 885 Σκοτισθήτωσαν
867 790 900 864 οί
937 788 1123 890 ὀφθαλμοὶ
1161 787 1278 864 αὐτῶν
1314 792 1379 862 τοῦ
1415 781 1468 880 μὴ

269 918 290 955 “
308 909 466 1005 βλέπειν,
496 913 555 988 καὶ
587 907 652 990 τόν
681 916 796 989 νῶτον
827 910 944 989 αὐτῶν
976 908 1169 993 διαπαντὸς
1206 906 1500 1010 σύγκαμψον·”5

268 1032 366 1139 ζῴων
384 1032 449 1130 μέν
469 1032 539 1136 γάρ
556 1040 630 1112 τῶν
647 1032 794 1135 ἀλόγων
813 1031 1051 1143 συνεκόμφθη
1069 1033 1116 1112 τά
1135 1040 1245 1128 νῶτα,
1266 1040 1371 1111 τοῦτο
1394 1028 1468 1133 γὰρ

268 1154 368 1256 παρὰ
386 1161 449 1256 τῆς
468 1157 614 1265 φύσεως
631 1156 787 1263 ἐχόντων
802 1156 844 1237 τδ
863 1162 1000 1262 σχῆμα,
1016 1161 1074 1238 καί
1093 1156 1275 1258 ὀρθοτενές
1292 1159 1329 1234 έν
1347 1157 1468 1238 αὐτοῖς

269 1282 383 1360 οὐδέν.
423 1280 523 1361 ἀλλὰ
549 1284 608 1360 καὶ
633 1289 706 1361 τῶν
723 1282 942 1362 Ἰουδαίωνό
969 1290 1049 1364 νοῦς
1074 1281 1306 1380 ἀπεκτηνῶθη
1331 1279 1468 1381 τρόπον

271 1404 361 1500 τινὰ,
380 1408 437 1484 καὶ
457 1405 612 1485 νένευκεν
630 1408 683 1484 ἀεὶ
700 1404 792 1508 πρὸς
813 1404 855 1485 τῦ
874 1404 981 1502 κοίτω,
1000 1404 1128 1501 βλέπει
1147 1404 1184 1484 δὲ
1203 1412 1275 1484 τῶν
1294 1403 1469 1506 οὐρανίων

242 1527 385 1606 θούδέν.
424 1526 538 1630 ἣγάρ
556 1529 635 1632 οὐχὶ
659 1532 718 1607 καὶ
744 1527 788 1635 ἐξ
810 1531 1006 1608 αὐτοῦτοῦ
1031 1527 1244 1630 πράγματος
1263 1533 1310 1610 είς
1328 1525 1393 1607 τὸν
1410 1529 1469 1606 ἐπὶ
1487 1559 1517 1598 1·

271 1659 376 1730 τοῦτο
414 1649 527 1753 λόγον
558 1651 698 1753 ’ἄριστα
734 1651 1064 1754 παιδαγωγούμενοι
1100 1652 1303 1757 φρονοῦμέν
1334 1685 1372 1730 τε
1410 1654 1470 1729 καὶ

271 1775 487 1877 λογιζόμεθα
503 1781 583 1879 περὶ
602 1777 720 1856 αὐτῶν
738 1777 881 1875 ἀληθῆ;
911 1782 940 1855 εί
966 1776 1038 1878 γὰρ
1063 1776 1157 1860 ὅλως
1183 1775 1386 1878 ἐλογίζοντο
1405 1776 1471 1855 τὸν

240 1973 241 1976 ,
271 1902 408 1983 ἐντοῖς
436 1902 597 2004 οὐρανοῖς
626 1900 772 2002 Πατέρα
800 1902 859 1979 καὶ
886 1897 996 1995 θεὸν,
1024 1906 1100 1982 πῶς
1128 1897 1173 1978 ἀν
1201 1901 1377 2003 ἐζήτησαν
1405 1900 1472 1979 τὸν

271 2023 467 2121 ἀσώματον
486 2028 523 2104 έν
541 2023 666 2132 τόπῳς
697 2031 775 2107 πῶς
793 2024 827 2103 δ’
848 2021 903 2117 ἀν,
923 2023 1002 2103 είπέ
1016 2058 1086 2122 μοι,
1104 2027 1185 2124 περὶ
1203 2031 1266 2102 τοῦ
1285 2023 1331 2101 τὰ
1348 2024 1472 2103 πάντα

271 2157 495 2248 πληροῦντας
523 2154 629 2244 θεοῦ,
657 2144 699 2227 τό
730 2150 799 2228 Ποῦ
828 2150 914 2227 ἔστιν
941 2146 1172 2242 ἀβουλότατα
1200 2146 1375 2248 λέγοντες,
1402 2151 1473 2254 οὐχ
1490 2178 1519 2217 1·

273 2271 342 2375 ὅλη
371 2273 546 2376 μάχονται
575 2278 620 2377 τῇ
652 2273 730 2377 θείᾳ
761 2277 896 2377 γραφῇ,
926 2272 1039 2350 καίτοι
1071 2270 1134 2350 τὸν
1162 2275 1242 2372 περὶ
1273 2279 1337 2350 τοῦ
1373 2277 1474 2352 Θεοῦ

274 2393 388 2496 λόγον
413 2400 461 2479 ῶς
488 2396 538 2476 ένι
566 2393 704 2503 διεξιὼν
729 2397 749 2474 ό
778 2393 970 2479 θεσπέσιος
996 2394 1168 2502 μελῳδὸς,
1195 2401 1252 2473 καὶ
1280 2395 1321 2474 τὸ
1350 2394 1476 2475 πάντα

106 2495 150 2545 Ρι.
276 2519 318 2596 δι
595 2528 611 2545 0.
664 2523 673 2546 ς
764 2525 773 2549 x
844 2520 906 2545 ‚a
1026 2528 1042 2543 ..
1204 2526 1219 2542 Α
1333 2523 1344 2549 x
1411 2519 1470 2545 ‚x

106 2558 226 2610 cmviii.
298 2527 451 2599 υνασθαι
470 2533 633 2622 πληρουν
652 2525 792 2603 αναθεις
811 2553 907 2626 αντη)
926 2531 948 2566 “
963 2524 1043 2599 Που
1060 2526 1232 2622 πορευθω,
1253 2526 1377 2624 φησιν,
1398 2556 1477 2600 απο

107 2639 226 2753 23ng
246 2654 298 2749 ,“
316 2651 379 2721 τοῦ
395 2643 594 2740 πνεύματός
612 2678 693 2740 σου,
705 2647 763 2723 καὶ
782 2640 854 2723 ἀπὸ
872 2651 936 2723 τοῦ
952 2642 1152 2744 προσώπου
1171 2678 1241 2722 σου
1259 2651 1329 2721 ποῦ
1344 2643 1474 2749 φύγω;

276 2779 297 2815 “
314 2766 375 2846 ἐὰν
393 2770 516 2862 ἀναβῶ
536 2773 583 2851 είς
604 2766 668 2847 τὸν
686 2765 852 2870 οὐρανὸν,
873 2764 923 2846 σῦ
941 2764 974 2846 εἶ
989 2770 1065 2863 ε’κεῖ,
1084 2766 1146 2846 ἐὰν
1162 2773 1308 2861 καταβῶ
1334 2773 1384 2850 είς
1408 2767 1478 2847 τὸν
1493 2803 1519 2842 2·

275 2903 297 2938 “
316 2890 416 2998 ᾅδην,
435 2890 549 2994 τόρει·
589 2891 650 2972 ἐὰν
667 2891 843 2986 ἀναλάβω
861 2890 926 2976 τὰς
948 2890 1125 2994 πτέρυγάς
1149 2927 1219 2990 μου
1243 2889 1319 2971 κατ’
1340 2890 1479 2993 ὄρθρον

274 3027 296 3062 “
314 3019 372 3095 καὶ
389 3021 551 3119 πορευθῶ
571 3021 618 3099 είς
636 3013 682 3096 τὰ
700 3015 840 3120 ἔσχατα
862 3020 926 3113 τῆς
951 3014 1157 3114 θαλάσσης,
1176 3018 1235 3095 καὶ
1260 3013 1331 3117 γὰρ
1357 3017 1434 3094 ἐκεῖ
1455 3017 1478 3114 ἡ

275 3153 296 3188 “
316 3142 392 3244 χείρ
411 3174 481 3219 σου
505 3139 675 3242 ὁδηγήσει
693 3174 749 3239 με,
769 3141 828 3219 καὶ
847 3139 987 3246 καθέξει
1005 3175 1050 3237 με
1068 3141 1090 3238 ἡ
1111 3138 1210 3244 δεξιοί
1226 3137 1331 3218 σου.”
1372 3139 1480 3219 ἀλλὰ

277 3264 333 3341 καὶ
353 3263 458 3347 αὐτὸς
475 3265 560 3364 ἡμῖν
579 3266 598 3342 ό
617 3267 673 3345 ἐπὶ
692 3262 840 3346 πόντων
851 3260 954 3361 Θεδς,
966 3264 1021 3343 ὅτι
1039 3262 1089 3362 μὴ
1106 3260 1207 3369 τόπῳ
1225 3263 1481 3365 περιγραπτὴν

277 3383 391 3491 φύσιν
429 3386 500 3490 ἔχει
537 3392 702 3488 καθαρῶς
738 3387 942 3484 ἐπιδεικνὺς,
969 3387 1062 3490 πρὸς
1099 3384 1227 3469 αὐτοῦς
1262 3385 1346 3470 τοῦς
1379 3390 1511 3468 οῦτωι

107 3498 232 3626 ffffiju,
277 3510 394 3612 φησὶν
419 3511 586 3595 ἀνοσίους
603 3512 795 3595 Ἰουδαίους
814 3521 836 3558 “
853 3509 920 3611 Μὴ
948 3512 1027 3615 οὐχὶ
1055 3507 1119 3589 τὸν
1143 3508 1295 3611 οὐρανὸν
1320 3512 1378 3589 καὶ
1409 3511 1480 3611 τὴν

69 3723 72 3729 ,
107 3650 229 3765 ηολαὲὓ
243 3649 264 3716 b
278 3643 300 3680 ‘⁶
319 3637 388 3735 γῆν
413 3632 484 3735 ἐγὼ
511 3640 652 3736 πληρῶ,
671 3633 770 3735 λέγει
797 3635 942 3739 Κύριος·
974 3642 1079 3715 ποῖον
1101 3631 1197 3713 οἷκον
1220 3633 1487 3735 οίκοδομήσετέ

135 3733 212 3780 p'm'
278 3770 300 3807 ‘⁴
315 3791 402 3855 μοι,
434 3756 456 3859 ἢ
482 3759 535 3841 τίς
559 3755 669 3842 τόπος
693 3762 758 3858 τῆς
784 3757 1043 3841 καταπαύσεώς
1068 3791 1164 3856 μου;
1197 3759 1216 3837 ὁ
1242 3760 1392 3860 οὐρανός
1417 3796 1482 3858 μοι

277 3894 298 3931 “
317 3881 454 3985 θρόνος,
483 3883 505 3983 ἡ
534 3880 571 3962 δέ
599 3886 647 3984 γῆ
664 3882 874 3962 -ῦποπόδιον
898 3889 972 3961 τῶν
996 3886 1117 3963 ποδῶν
1144 3881 1249 3980 μου.”
1295 3883 1374 3963 ἔστι
1406 3920 1484 3966 τοι-

276 4016 411 4110 γαροῦν
454 4005 513 4085 διὰ
553 4004 700 4087 πόντων
741 4007 828 4108 ὁρᾶν
870 4007 1133 4104 ἀμαθαίνοντας
1169 4007 1376 4103 Ἰουδαίους,
1422 4009 1518 4100 ὅτες

276 4130 429 4233 λέγουσι
455 4135 508 4239 τῷ
531 4133 671 4234 Σωτῆρι
693 4132 846 4238 Χριστῷ
869 4133 939 4210 Ποῦ
962 4133 1083 4213 ἐστινὸ
1109 4133 1224 4237 Πατήρ
1251 4168 1332 4226 τους
1368 4139 1402 4212 εἰ
1433 4137 1486 4235 μὴ

458 4338 547 4399 ‚inter
557 4357 642 4396 uncos
655 4341 764 4395 inclusit
776 4340 847 4396 Aub.
862 4351 965 4412 praeter
977 4343 1169 4397 necessitatem.
1251 4357 1274 4413 7.
1292 4342 1438 4413 ὀρθοτουές
1452 4348 1487 4403 B.

458 4410 541 4467 Holst.
630 4429 655 4480 9.
674 4414 715 4464 καὶ
729 4412 762 4465 Β.
777 4412 826 4465 Ht.
838 4415 869 4466 τὸ
881 4412 953 4466 Aub.
1039 4429 1081 4480 24.
1101 4416 1172 4487 τόπῳ
1186 4414 1489 4475 Β.τδπῶςΗῑ.υαδο

438 4488 530 4539 ουσιαι
542 4481 598 4554 ipse
611 4481 760 4536 emendavit
773 4482 845 4538 Aub.
936 4482 978 4537 τό.
997 4484 1081 4553 φησὶν
1093 4483 1212 4542 ἀνοσίους
1224 4485 1275 4540 hoc
1288 4485 1385 4542 ordine
1401 4489 1437 4545 B.
