3038 5018
103 300 223 388 vii.34.
300 304 356 369 IN
387 306 419 370 S.
444 305 702 370 JOANNEM.
748 305 842 371 LIB.
860 305 901 369 V.
947 304 1102 369 CARI.
1235 303 1299 365 683

103 463 300 569 ἀλλότριοι,
324 468 496 570 ἄγευστοι
523 473 714 568 διομενεῖτε
740 474 804 568 τῆς
828 472 865 549 ἐν
889 469 1013 549 ἐλπίσι
1042 472 1184 570 δωρεᾶς,
1204 463 1296 546 ἀπό·

102 624 198 670 σιτοι
216 598 289 670 τῶν
307 595 411 673 θείων
429 593 558 675 έσεσθε
577 593 714 695 γάμων,
733 594 800 694 τήν
818 591 906 693 ε’μήν
925 595 988 672 οὐκ
1012 591 1152 697 ὄψεσθε
1178 589 1297 691 πονή-

102 746 216 816 γυριν,
237 716 300 796 οὐκ
325 715 558 817 ἀναβήσεσθε
583 718 674 821 πρὸς
700 715 763 800 τὰς
788 718 862 797 ἀνω
886 715 1010 817 μονὰς,
1027 718 1112 795 ἀλλ’
1134 712 1212 794 οὐδὲ
1236 719 1299 814 τῆς

102 842 175 916 τῶν
186 840 426 941 πρωτοτόκων
437 839 660 941 Ἐκκλησίος
679 839 721 921 τό
736 840 873 924 κάλλος
887 839 1119 943 ε’παθρήσετε·
1138 840 1300 923 ἀποπτος

70 963 186 1060 5ὑμΐν
209 963 232 1061 ἡ
259 963 333 1043 ἀνω
358 964 549 1065 γενήσεται
573 965 693 1049 πόλις·
732 967 774 1045 ού
802 967 1001 1067 θεωρήσετε
1027 963 1093 1061 τὴν
1116 962 1300 1042 πλουσίαν

102 1086 357 1188 Ἰερουσαλήμ·
399 1091 471 1168 ε’κεῖ
495 1089 566 1191 γάρ
594 1124 638 1189 με
668 1087 709 1170 τὸ
738 1088 824 1188 ε’μὸν
852 1088 1093 1195 δοξολογήσει
1120 1089 1330 1185 ποίμνιον,ο
1350 1104 1469 1160 «tou.

103 1215 197 1315 ὑμεῖς
216 1210 254 1290 δέ
274 1218 307 1292 οἰ
327 1207 461 1293 δύνασθε
479 1213 590 1295 ἐλθεῖν.
629 1215 671 1292 ού
696 1211 768 1314 γάρ
790 1213 1028 1319 παραδέξεται
1055 1211 1301 1313 κυριοκτόνους

103 1336 123 1414 ὁ
162 1333 323 1437 οὐρανὸς,
357 1337 437 1417 οὐδὲ
474 1338 606 1445 ἀνοίξει
642 1345 708 1416 τοῦ
742 1338 963 1438 παραδείσου
999 1333 1062 1419 τάς
1097 1332 1217 1417 πύλας
1254 1331 1301 1412 τά

103 1462 301 1560 Χερουβὶμ,
328 1462 386 1540 ἰνο
416 1461 594 1567 θεομάχοι
622 1460 770 1565 εἰσέλθῃ
800 1458 900 1558 λαὸς,
928 1460 1138 1558 δυσωπήσει
1167 1458 1205 1539 δί
1235 1460 1298 1537 ού·

50 1614 89 1659 ιο
103 1583 225 1679 δαμῶς
250 1581 316 1683 τήν
339 1588 521 1691 φλογίνην
546 1586 729 1691 ῥομφαίαν
753 1583 844 1687 ἀνήρ
870 1592 948 1666 τοῖς
975 1591 1023 1666 εἰς
1046 1582 1143 1663 θεὸν
1161 1586 1297 1662 δυσσε-

102 1705 215 1800 βείαις
234 1708 367 1811 ένοχος·
396 1708 509 1807 μόνον
528 1705 600 1788 οἰδε
619 1708 682 1788 τόν
701 1710 834 1807 εὐσεβῆ
853 1711 911 1786 κοί
929 1711 1016 1814 τιμᾷ
1035 1706 1098 1786 τόν
1117 1704 1300 1812 φιλόθεον,

103 1833 160 1908 καί
180 1831 319 1935 εἰρήνης
337 1831 506 1931 σύνθημα
524 1839 674 1912 ποιεῖται
692 1829 759 1931 τὴν
776 1832 912 1912 πίστιν.

158 1955 339 2055 Τοιαύτην
357 1955 436 2036 τινά
460 1956 610 2058 θεωρίαν
627 1964 700 2039 τοῖς
726 1954 919 2057 εἰρημένοις
943 1955 1135 2053 ε’ποίσομεν
1158 1989 1296 2034 παντο·

102 2075 192 2180 χόσε
206 2078 272 2178 τήν
286 2082 416 2180 ἀληθῆ,
429 2083 486 2160 καί
505 2087 578 2167 τοῖς
597 2083 635 2159 έν
648 2079 794 2159 συνέσει
807 2080 1018 2181 πρέπουσαν
1029 2085 1301 2183 ἰχνηλοτοῦντες

49 2219 88 2281 15
104 2200 270 2283 διάνοιαν.
297 2206 405 2307 ὀλίγα
419 2205 456 2285 δέ
469 2204 606 2289 τούτοις
623 2204 884 2306 προσθήσομεν
895 2203 1161 2286 ἀποδεικνύντες
1181 2200 1240 2281 διά
1259 2202 1334 2284 τὸυ

101 2325 292 2430 χρήσιμον,
322 2328 403 2408 ὅσοι
431 2328 497 2429 μέν
523 2327 614 2434 πρὸς
642 2328 717 2435 ἕξιν
744 2329 996 2421 ἀναβαίνοντες
1025 2327 1091 2425 τήν
1118 2325 1300 2430 φιλόθεον,

101 2452 161 2529 κοί
189 2451 403 2533 σννέσονται
426 2456 484 2533 καί
509 2451 798 2558 συνεορτάσουσι
823 2453 874 2558 τῷ
892 2455 1056 2557 Χριστῷ·
1097 2457 1129 2530 οἰ
1158 2448 1196 2528 δέ
1224 2458 1301 2534 τοῖς

57 2582 63 2595 ’
101 2574 311 2659 Ἰουδαϊκοῖς
339 2578 505 2672 ἀμαθίαις
534 2575 800 2680 συντρεγοντες,
825 2578 888 2656 οὐκ
916 2576 954 2654 έν
976 2574 1114 2659 τούτοις
1142 2575 1298 2653 έσονται·

102 2696 238 2792 πόθεν;
278 2699 409 2799 πικράν
442 2698 481 2778 δέ
511 2703 575 2799 τῆς
609 2699 786 2784 ἀπειθείας
818 2696 1094 2803 προχθήσονται
1131 2696 1298 2778 κόλασιν.

48 2847 88 2886 20
104 2822 231 2900 οὐκοῦν
263 2824 283 2901 ὁ
321 2824 514 2907 θεσπέσιος
553 2825 636 2922 ἡμῖν
669 2825 790 2904 εἰσίτω
825 2829 973 2905 Παῦλος
1009 2820 1100 2925 πρὸς
1136 2819 1219 2905 τούς
1256 2827 1302 2926 τῇ

103 2946 259 3051 ἁμαρτίᾳ
287 2947 561 3047 νενεκρωμένους
593 2951 760 3042 ἀναβοῶν
786 2959 808 2995 “
827 2944 1044 3026 Ἀπεθάνετε
1076 2943 1158 3048 γάρ,
1188 2949 1246 3024 καί
1280 2946 1300 3045 ἡ
1345 2951 1400 3082 ξθή
1411 2969 1448 3002 ¹¹

104 3079 124 3115 “
144 3067 214 3170 ζωὴ
242 3071 338 3166 ύμῶν
361 3071 552 3173 κέκρυπται
578 3070 648 3150 σύν
671 3077 722 3177 τῷ
741 3075 893 3178 Χριστῷ
918 3073 956 3149 έν
978 3075 1030 3176 τῷ
1049 3075 1143 3176 Θεῷ·
1174 3068 1261 3148 ὅταν
1280 3071 1300 3148 ὁ
1363 3057 1371 3078 ’
1400 3053 1407 3068 ’

102 3203 123 3238 “
145 3190 307 3294 Χριστὸς
325 3199 527 3300 φανερωθῇ,
546 3195 568 3292 ἡ
588 3192 658 3296 ζωὴ
678 3196 786 3293 ὑμῶν,
804 3193 885 3274 τότε
911 3197 969 3274 καί
995 3197 1091 3294 ὑμεῖς
1114 3189 1184 3271 σὺν
1204 3193 1330 3298 αύτῷο

101 3325 123 3361 “
146 3317 451 3422 φανερωθήσεσθε
477 3320 515 3395 ἐν
534 3317 653 3423 δόξη.”
690 3322 749 3397 καί
774 3317 888 3397 πάλιν
905 3315 988 3400 τοὺς
1012 3319 1093 3417 περί
1118 3319 1181 3414 τῆς
1208 3317 1297 3393 ἀνο-

48 3452 86 3512 ²5
103 3437 269 3523 στάσεως
289 3437 522 3542 διεκβιβάζων
541 3440 672 3542 λόγους
692 3452 714 3488 “
730 3444 803 3520 Καὶ
826 3441 925 3539 ἡμεῖς
950 3444 983 3519 οἰ
1008 3439 1146 3543 ζΐοντες,
1165 3441 1297 3545 φησὶν,
1345 3439 1455 3568 Q*

103 3574 123 3611 “
143 3568 174 3643 οἰ
198 3563 482 3664 περιλειπόμενοι
509 3560 584 3663 ἀμο
610 3564 680 3643 σιίν
698 3564 817 3647 αὐτοῖς
836 3562 1121 3667 ἁρπαγησόμεθα
1140 3565 1177 3642 έν
1194 3560 1297 3667 νεφέ-

102 3698 124 3734 “
142 3699 232 3783 λαις,
252 3692 299 3770 εἰς
317 3686 522 3786 ἀπάντησιν
540 3696 604 3767 τοῦ
625 3690 758 3790 Κυρίου
776 3693 825 3771 ε’ἰς
843 3689 939 3790 ἀέρα,
959 3690 1016 3767 καί
1036 3690 1129 3767 οὕτω
1147 3682 1301 3765 πάντοτε

102 3821 123 3858 “
141 3807 213 3889 σὺν
240 3812 361 3917 Κυρίῳ
389 3812 576 3908 έσόμεθο.”
622 3816 783 3913 συγγενῆ
817 3812 854 3890 δέ
885 3811 1022 3892 τούτοις
1054 3812 1112 3889 καί
1143 3806 1250 3892 αὐτὸς
1280 3807 1301 3887 ό

103 3933 231 4036 Σωτήρ
249 3933 340 4035 πρὸς
359 3933 441 4017 τοὺς
460 3936 586 4013 ἑαυτοῦ
605 3933 768 4034 μαθητὰς
790 3933 1005 4038 διαγορεύων
1024 3933 1159 4034 ὁρᾶται.
1188 3964 1298 4010 συνε-

46 4085 86 4144 30
101 4058 299 4157 στιιόμενος
316 4056 389 4159 γάρ
408 4059 524 4140 αὐτοῖς
545 4069 566 4105 “
582 4057 687 4159 Λέγω
706 4057 744 4138 δὲ
763 4061 854 4158 ὑμῖν,
874 4061 1001 4164 φησὶν,
1019 4059 1061 4136 ού
1078 4053 1129 4157 μή
1148 4058 1219 4137 πίω
1238 4054 1298 4135 ἀπ’
1345 4122 1413 4172 m
1462 4091 1468 4106 ·

101 4191 124 4228 “
143 4182 223 4285 ἄρτι
254 4185 294 4260 ἐκ
326 4180 453 4260 τούτου
484 4188 548 4260 τοῦ
579 4179 800 4282 γεννήματος
832 4186 896 4281 τῆς
930 4180 1106 4281 ἀμπέλου,
1137 4180 1201 4264 ἕως
1235 4182 1299 4278 τῆς

142 4416 182 4454 12.
200 4398 286 4468 «τοι,
300 4398 332 4456 ο.
379 4364 481 4470 ζίἰὲἷί.
495 4400 528 4455 ο.
610 4416 652 4471 19.
670 4399 1041 4472 napavaeedidmpdm
1056 4399 1196 4471 αποριι
1210 4400 1300 4454 nom.

96 4469 155 4610 ξφ.
166 4469 406 4597 πάνήριςηήιθιήζοντοι
420 4468 789 4596 Β.2ιὲρσγέθίγ;σοτνῖεὖιίίἓέᾶ.
803 4471 972 4529 ἀποτίσαντες
984 4469 1044 4525 Cat.
1058 4469 1135 4524 Harl.
1147 4479 1216 4525 teste
1227 4469 1301 4525 Aub.

658 4642 746 4705 4⁵2
