3038 5018
88 305 141 370 vii
158 325 209 388 27.
389 307 446 371 IN
476 307 511 372 S.
535 309 556 371 J
561 306 791 372 OANNEM.
838 307 934 372 LIB.
950 307 992 371 V.
1224 304 1289 367 653

91 473 325 575 ύπενεχθεῖσα
351 470 441 571 πρὸς
466 474 611 572 ἀληθεῖς
637 472 803 555 ὑπονοίας
820 469 885 555 τάς
902 473 959 551 ἐπὶ
977 475 1130 577 Χριστῷ
1149 467 1207 551 διά
1225 470 1289 568 τῆς

90 595 242 694 ἐνούσης
266 596 362 702 αὐτῷ
388 601 603 698 θεοπρεποῦς
620 596 798 703 ἐξουσίας,
816 596 881 675 οῦκ
905 591 1082 701 ἀκόμψως
1106 592 1174 693 ήδη
1198 588 1324 696 πρδςο

92 717 159 818 τήν
180 722 244 819 τῆς
271 718 452 814 εὐσεβείας
480 717 799 823 παιδαγωγουμένη
827 717 1046 824 κατάληψιν,
1063 719 1127 797 ούιι
1154 715 1286 796 αἰσθά-

93 877 189 922 νεται
220 840 333 923 πάλιν
360 848 408 926 εἰς
440 841 507 943 Ιτὴν
533 843 717 927 Ἰουδαίοις
748 842 957 949 σύντροφον
984 840 1141 940 ἀμαθίαν
1172 840 1290 946 ἐξολι-

61 968 311 1052 5σθαίνουσα.
351 970 498 1047 δοκοῦσι
517 963 581 1065 μέν
600 965 671 1071 γάρ
687 1001 766 1051 πως
783 972 816 1047 οἱ
840 971 962 1049 καλῶς
985 967 1099 1045 ἐκεῖνα
1124 968 1288 1060 διεσκεμ-

93 1091 194 1190 μένοι
221 1090 448 1194 πανταχόθεν
472 1089 608 1171 ἐθέλειν
633 1096 815 1194 θηρᾶσθαι
841 1089 884 1170 τῦ
911 1087 1056 1190 ἀληθὲς,
1076 1090 1135 1168 καὶ
1163 1089 1226 1168 οὐκ
1254 1089 1292 1167 ἐκ

94 1215 206 1314 μόνης
232 1219 297 1312 τῆς
324 1221 397 1293 τῶν
424 1213 610 1319 ἀρχόντων
632 1218 741 1316 σιγῆς
768 1212 827 1294 καὶ
854 1218 917 1314 τῆς
945 1210 1147 1312 ἀσυνήθους
1172 1209 1289 1315 πραό-

93 1374 200 1439 τητος
226 1341 283 1418 ἐπὶ
307 1336 350 1418 τὸ
376 1342 505 1442 χρῆναι
530 1336 711 1419 πιστεύειν
731 1335 948 1441 βαδίζουσιν,
967 1336 1067 1415 ἀλλά
1095 1339 1154 1416 καὶ
1181 1333 1292 1434 αὐτὴν

93 1466 264 1564 ἐρευνῶσι
283 1460 348 1560 τὴν
367 1464 473 1565 ἁγίαν
491 1461 648 1569 γραφὴν,
667 1461 711 1570 ἐξ
734 1462 843 1565 ἀρθῆς
866 1459 932 1561 μέν
950 1465 998 1546 εἱς
1022 1469 1130 1540 τοῦτο
1154 1461 1287 1539 καλού-

45 1620 83 1660 10
95 1620 195 1683 μενοι
224 1586 379 1687 γνώμης,
407 1583 714 1688 ἀπαιδαγωγήτους
746 1586 782 1664 δ’
811 1586 874 1665 οῦν
902 1584 998 1685 ὅμως
1024 1587 1083 1664 καὶ
1111 1582 1321 1667 ἀσυνέτωςο

96 1714 223 1809 κομιδή
248 1709 314 1808 τὴν
331 1711 389 1789 ἐπὶ
413 1714 464 1817 τῷ
489 1710 677 1817 μυστηρίιρ
700 1707 904 1808 ποιούμενοι
927 1709 1108 1804 βάσανον·
1137 1709 1192 1790 ὅτι
1220 1708 1293 1810 γὰρ

95 1832 207 1932 μόνον
243 1833 523 1935 ἐπιγινώσκονσι
559 1830 652 1914 πόθει
684 1833 770 1914 ἐστὶν
801 1835 822 1913 ὁ
858 1837 897 1915 ἐν
927 1835 1112 1941 παρῥησίᾳ
1148 1839 1291 1931 λαλῶν,

96 1955 281 2037 τουτέστιν
313 1958 352 2035 ἐκ
391 1959 495 2041 ποίας
531 1955 597 2055 μέν
629 1955 781 2059 ὁρμᾶται
818 1957 948 2057 κόμης,
978 1960 1085 2037 τίνων
1114 1957 1152 2037 δέ
1183 1957 1295 2064 ἐξέφυ

98 2080 241 2182 γονέων,
261 2081 324 2159 οὐκ
352 2077 442 2160 εἶναι’
466 2086 584 2186 φασιν
605 2080 715 2161 αὐτὸν
737 2079 801 2162 τῦν
822 2079 881 2161 διά
909 2081 1019 2180 νόμου
1045 2115 1292 2184 προκεκηρυγ·

48 2229 85 2290 ¹5
98 2204 217 2303 μένον.
269 2200 344 2283 εἶτα
374 2201 512 2287 τούτοις
543 2203 742 2304 ἐπάγουσα
768 2205 813 2286 ‘0
845 2201 881 2286 δὲ
911 2204 1050 2315 Χριστδς
1081 2206 1158 2285 ’όταν
1184 2201 1292 2309 ἔλθη,

100 2323 202 2410 οὐδεὶς
227 2327 384 2429 γινώσκει
410 2325 503 2407 πόθεν
522 2328 620 2408 ἐστίν.
657 2328 715 2406 καὶ
737 2329 844 2408 παντὶ
865 2327 930 2426 μέν
946 2362 1017 2408 που
1039 2332 1162 2428 δῆλον,
1181 2330 1228 2410 ὡς
1253 2327 1299 2435 ἐξ

98 2452 253 2548 ἀμαθίας
274 2454 392 2534 αὐτοῖς
416 2450 458 2529 τὸ
483 2456 696 2531 πλανᾶσθαι
714 2453 781 2531 κάν
800 2451 915 2561 τούτιρ
933 2451 1174 2552 συμβέβηκεν.
1212 2452 1291 2559 ἐξε-

98 2573 209 2653 τάσαι
235 2574 273 2654 δέ
298 2579 369 2654 δεῖν
388 2573 646 2672 ὑπολαμβάνω,
665 2572 775 2654 πόθεν
793 2579 840 2659 είς
865 2582 971 2656 τοῦτο
995 2575 1160 2678 πρόεισιν
1176 2577 1296 2660 αι’ττοῖς

98 2695 145 2777 τὰ
174 2697 400 2804 φρονήματα·
444 2698 483 2777 τί
512 2698 546 2776 δ’
575 2696 647 2800 ἀρα
678 2697 721 2776 τὸ
749 2697 947 2779 ἀναπεΐσάν
973 2702 1075 2780 ε’στιν
1101 2699 1193 2799 τοῦς,
1220 2701 1295 2803 οἵγε

50 2828 221 2906 2ῦιιαλιῦς
249 2821 295 2901 τά
322 2823 374 2902 ἐπ’
404 2822 500 2930 αύτῷ
527 2822 790 2919 διεσκέπτοντο,
818 2822 877 2902 διὰ
903 2824 1036 2925 ταύτην
1062 2825 1203 2906 οἴεσθαι
1229 2824 1331 2924 τὴνά

100 2945 216 3024 αἰτίαν
240 2946 305 3024 οὐκ
331 2942 418 3025 εἶναι
443 2944 619 3047 Χριστὸν,
637 2946 778 3048 ἐπείπερ
808 2945 889 3026 ὅθεν
912 2950 1012 3027 ἐστὶν
1037 2949 1100 3028 ούιι
1127 2946 1293 3049 ἠγνόουν·

102 3066 160 3146 διά
184 3069 222 3148 τί
244 3067 282 3148 δέ
308 3069 445 3152 τούτοις
470 3067 649 3168 ἐπάγουσι
671 3066 714 3148 τό
733 3072 873 3176 Χριστός
891 3069 967 3152 όταν
984 3068 1076 3177 ἔλθη
1103 3069 1205 3157 οὐδεὶς
1231 3067 1297 3152 οἶδε

101 3189 195 3272 πόθεν
219 3194 325 3287 ἑστίνς
357 3190 430 3271 ἀπὸ
458 3191 528 3294 γάρ
555 3226 612 3271 τοι
638 3191 766 3272 τούτου
793 3192 923 3274 λοιπδν
947 3192 1013 3294 τὴν
1036 3199 1100 3294 τῆς
1128 3195 1296 3295 ἀληθείας

102 3311 304 3415 ζημιοῦνται
331 3315 552 3421 κατάληψιν.
600 3316 728 3395 ούιιοῦν
755 3315 904 3423 φέρεταί
928 3352 982 3403 τις
1013 3321 1052 3399 ἐν
1078 3324 1129 3426 τῷ
1155 3317 1297 3425 Ἡσαΐᾳ

50 3439 214 3540 25λόγος
244 3444 326 3541 περὶ
354 3445 519 3542 Χριστοῦ
548 3448 569 3487 “
583 3437 662 3538 Τήν
689 3435 815 3540 γενεάν
841 3441 950 3521 αύτοῦ
977 3444 1031 3526 τίς
1062 3443 1293 3545 διηγήσεται;
1342 3442 1442 3558 gfflffi

102 3576 124 3611 “
144 3563 199 3642 ότι
236 3563 371 3665 αἴρεται
407 3561 480 3642 ἀπὸ
516 3565 580 3662 τῆς
616 3565 684 3665 γῆς
719 3563 742 3662 ἡ
779 3560 851 3666 ζωή
887 3566 1028 3646 αύτοῦ.”
1078 3571 1137 3646 καὶ
1173 3570 1194 3646 ό
1231 3566 1296 3664 μὲν
1360 3547 1366 3561 ¹

101 3685 273 3788 μακάριος
305 3682 494 3790 προφήτης
522 3686 580 3765 ἐπὶ
608 3692 672 3765 τοῦ
700 3690 796 3767 Θεοῦ
825 3686 948 3790 Λόγου
976 3689 1019 3770 τὸ
1047 3693 1144 3794 ῥῆμα
1171 3693 1292 3787 τιθεὶς,

101 3810 167 3910 τὴν
185 3807 309 3912 γενεάν
327 3811 405 3890 ἀντὶ
432 3811 495 3908 τῆς
522 3806 706 3915 ὑπάρξεως
731 3810 840 3911 λέγει.
882 3815 936 3896 τίς
960 3811 1031 3914 γάρ
1056 3811 1100 3892 ἀν
1119 3813 1214 3897 όλως
1237 3815 1327 3893 καὶο

102 3934 244 4038 φράσαι
270 3930 334 4012 τὸν
361 3929 496 4034 τρόπον
523 3936 586 4032 τῆς
614 3932 800 4040 ὑπάρξεως
826 3943 891 4014 τοῦ
920 3941 1173 4039 Μονογενοῦς;
1211 3940 1298 4018 ποία

47 4084 90 4144 30
102 4054 139 4134 δέ
158 4060 320 4155 γλῶσσα
338 4051 548 4153 διηγήσεται
566 4051 632 4152 τήν
649 4054 688 4132 εἰι
708 4051 855 4155 Πατρδς
874 4055 1028 4158 ἀῤῥητον
1046 4056 1215 4158 γέννησιν
1233 4065 1297 4139 τοῦ

141 4341 181 4394 13.
199 4325 275 4378 τίνων
287 4321 441 4394 δέ-αῦτδν]
457 4324 531 4379 Haec
546 4323 696 4379 emendavit
711 4324 800 4378 Holst.
816 4325 890 4379 τίνων
906 4326 934 4380 δέ
951 4326 1080 4400 ἐξέφυγον
1097 4329 1143 4384 οὐκ
1159 4326 1208 4384 είνε
1225 4330 1297 4393 νέων,

101 4396 186 4463 φασὶν
198 4395 281 4448 αὐτῶν
294 4395 356 4462 (sic)
370 4393 402 4447 Β.
530 4412 571 4462 14.
589 4417 609 4450 π
642 4397 855 4465 κεκηρυττόμενον
869 4396 900 4450 Β.
1030 4417 1069 4470 19.
1090 4401 1148 4458 τοῦς
1162 4400 1194 4455 Β.
1206 4401 1300 4456 αύτούς

104 4465 154 4519 Ed.
168 4484 200 4518 ex
216 4465 263 4518 Ht.
383 4480 426 4530 τι.
444 4464 537 4534 φέρετε
551 4464 589 4523 τίς
603 4417 641 4521 50
756 4465 798 4520 26.
818 4464 872 4537 καὶ]
885 4467 948 4522 ἀλλ“
959 4487 983 4523 a.
1109 4486 1152 4542 27.
1170 4474 1217 4526 τοῦ
1230 4475 1297 4526 θεοῦ

104 4539 188 4606 Ιλόγου
204 4535 259 4589 B.a.
273 4537 309 4607 τῷ
323 4537 390 4589 θεοῦ
403 4537 476 4607 λόγῳ
489 4534 539 4589 Ed.
