3038 5018
91 299 179 368 i.21.
287 301 345 366 IN
367 268 409 368 s,
433 301 686 367 JoANNEM.
733 303 829 368 ατο.
853 304 881 368 1.
927 305 1028 369 αις.
1053 306 1094 369 x.
1230 306 1288 369 161

94 470 153 544 ιάιι
179 473 247 570 εἰμὶ
274 475 290 545 o‘
314 469 465 572 Χριστός.
503 469 631 546 οὐκοῦν
652 466 731 547 ούδὲ
755 467 838 570 ε’γάι,
858 472 984 572 φησὶν,
1004 470 1024 546 ὁ
1052 477 1116 548 τοῦ
1143 469 1292 563 βιβλίου

92 589 327 694 συγγραφεὺς
348 590 566 696 διέφευσμαι
590 590 708 693 λέγων
724 594 806 694 περὶ
829 593 938 672 αὐτοῦ
958 603 980 638 “
994 595 1074 672 Οάκ
1103 591 1146 692 ἦν
1164 596 1292 674 ἐκεῖνος
1337 593 1390 708 {25

93 721 117 761 “
157 710 169 736 ἱ
235 719 251 736 Α
320 717 329 740 2
384 713 429 745 ΠΙ
637 713 649 741 Ι
789 720 800 746 x
866 723 883 740 Λ
994 715 1002 740 ί
1033 716 1053 743 ’D
1401 659 1425 708 8·

132 745 175 791 το
194 719 287 820 φως,
308 724 384 794 αλλ
413 749 471 796 ινα
488 749 702 821 μαρτυρηση
720 750 802 820 περι
819 750 884 796 του
902 724 1032 822 φωτος.
1304 723 1326 787 l>

97 1072 155 1138 Καὶ
185 1072 361 1163 εἰρὼτηοαν
389 1077 487 1143 αὐτίν
514 1076 553 1142 Τί
580 1072 657 1159 οὖν;
686 1076 806 1143 Ἠλίας
838 1071 887 1159 εἶ;
925 1076 977 1141 καὶ
1007 1079 1092 1153 λὲτει
1119 1078 1187 1143 Οὐκ
1216 1077 1290 1156 εἰμί.
1308 1101 1341 1139 21

62 1220 81 1280 5
331 1218 358 1283 Ο
386 1219 561 1307 προφήτης
587 1213 617 1284 εἶ
643 1221 700 1302 σύ;
736 1220 789 1285 καί
817 1219 977 1307 ἀπεκρίθη
1005 1219 1063 1284 Οὔ.

150 1431 217 1516 Ὡς
241 1436 279 1512 έν
300 1433 471 1540 ἐξηγήσει
495 1432 607 1514 πάλιν
630 1434 739 1515 είπάν
759 1446 779 1482 “
794 1432 1033 1536 ὡμολόγησεν
1057 1433 1112 1514 ὅτι
1134 1433 1206 1536 ε’γῶ
1231 1438 1294 1515 οὐκ
1341 1465 1380 1514 lb.
1394 1479 1433 1514 20.

96 1566 118 1603 “
135 1560 205 1655 εἰμὶ
238 1557 258 1635 ὁ
288 1555 482 1661 Χριστός·”
527 1559 693 1639 δεικνύειν
725 1566 888 1662 πειρᾶται
923 1565 1001 1642 πῶς
1036 1556 1059 1659 ἢ
1093 1557 1183 1637 κατά
1215 1559 1295 1639 τίνα

95 1677 231 1781 τρόπον
259 1683 279 1759 ὁ
306 1685 369 1780 τῆς
396 1684 593 1784 ὁμολογίας
619 1683 743 1786 γέγονε
772 1680 894 1785 λόγος·
941 1683 1003 1761 καί
1027 1715 1088 1781 μοι
1116 1684 1213 1762 δοκεῖ
1237 1682 1296 1763 διά

95 1801 233 1883 τούτων
256 1802 323 1903 τήν
345 1812 418 1885 τῶν
434 1806 614 1887 Ἰουδαίων
640 1808 873 1888 ἀπαιδευσίαν
894 1806 1096 1900 βούλεσθαι
1122 1815 1325 1908 γυμνοῦν.ο

45 1958 83 2002 ιο
96 1936 119 1972 “
137 1925 341 2032 φάσκοντες
359 1929 430 2033 γάρ
448 1927 535 2011 εἶναι
553 1934 666 2037 σοφοὶ
684 1929 974 2033 έμωράνθησαν·”
1005 1934 1062 2011 καὶ
1085 1932 1143 2013 ε’πὶ
1164 1935 1209 2036 τῇ
1232 1939 1296 2010 τοῦ
1343 1931 1415 2047 ξξζω·
1426 1929 1443 1980 ³·

97 2048 207 2149 νόμου
242 2052 376 2152 γνώσει
407 2055 716 2160 κατωφρυωμένοι,
746 2055 821 2134 ἀνω
854 2089 893 2134 τε
922 2059 980 2134 καὶ
1015 2053 1110 2134 κάτω
1142 2053 1206 2137 τάς
1238 2054 1296 2132 διά

100 2178 288 2261 Μωυσέως
314 2179 556 2280 προτείνοντες
584 2179 742 2276 ε’ντολάς,
772 2177 947 2283 καὶπρὸς
975 2177 1057 2262 τοὺς
1086 2184 1163 2258 τῶν·
1187 2179 1298 2280 ἁγίων

97 2307 295 2405 προφητῶν
331 2303 608 2405 ἀπηκριβῶσθαι
650 2302 782 2405 λόγους
825 2301 1129 2409 διισχυριζόμενοι,
1166 2303 1210 2380 δι’
1249 2298 1298 2380 ῶν

98 2427 281 2526 ε’ρωτῶσιν
307 2427 536 2524 ἀπαιδεύτως,
559 2425 617 2506 διά
640 2426 776 2507 τούτων
799 2425 896 2508 πολὺ
921 2429 1004 2506 λίαν
1027 2426 1126 2510 ὅντες
1153 2426 1298 2523 ἀμαθεῖς

47 2571 84 2632 1'5
97 2548 357 2654 ἐξελέγχονται·
383 2552 403 2629 ὁ
420 2549 570 2654 μὲνγὰρ
589 2549 799 2657 ἱεροφάντης
813 2554 977 2649 Μωυσῆς
995 2553 1042 2633 ὡς
1056 2554 1094 2629 ἐν
1110 2547 1299 2657 προφήτου

97 2669 199 2775 τάξει
224 2671 287 2753 τὸν
307 2671 441 2776 Κύριον
463 2674 786 2781 ἀναδειχθήσεσθαι
812 2675 940 2777 λέγων,
962 2672 1200 2778 προεκήρνττε
1225 2680 1299 2757 τοῖς

99 2800 185 2880 υἱοῖς
203 2796 367 2899 Ἰσραήλ,
386 2796 440 2878 ότι
461 2809 483 2846 “
499 2798 698 2908 Προφήτην
716 2802 755 2879 ἐκ
782 2806 854 2879 τῶν
872 2801 1043 2904 ἀδελφῶν
1066 2832 1137 2878 σου
1165 2800 1213 2880 ὡς
1238 2796 1297 2895 ε’μέ
1310 2809 1331 2873 d
1344 2813 1417 2888 ΒΨ·

99 2931 121 2968 “
140 2919 339 3021 ἀναστήσει
376 2956 439 3002 σοι
471 2922 604 3027 Κύριος
641 2926 661 3002 ὁ
694 2922 788 3007 Θεός
820 2956 901 3018 σου,
936 2923 1044 3005 αὐτοῦ
1082 2920 1294 3005 ἀκούσεσθε·
1344 2939 1382 2991 ¹⁶·

99 3055 121 3092 “
140 3043 231 3124 κατά
258 3045 377 3126 πάντα
405 3045 477 3125 ὅσα
503 3045 629 3152 ᾐτήσω
656 3044 755 3148 παρά
784 3047 920 3150 Κυρίου
949 3053 1013 3126 τοῦ
1040 3050 1135 3125 θεοῦ
1162 3077 1233 3124 σου
1260 3046 1298 3125 ἐν

47 3200 86 3240 το
100 3179 122 3216 “
140 3169 316 3273 Χωρήβ.”
355 3172 375 3248 ὁ
397 3170 434 3250 δὲ
458 3170 628 3273 μακάριος
645 3171 816 3269 Ἠσαίας,
834 3169 897 3250 τὸν
916 3169 1121 3273 πρόδρομον
1139 3169 1222 3268 ἡμῖν
1239 3173 1298 3248 καὶ

102 3293 333 3396 προάγγελον
351 3292 527 3401 εἰσφέρων
547 3306 568 3342 “
583 3293 691 3394 Φωνή
716 3302 875 3392 βοῶντος
900 3297 938 3376 έν
961 3301 1007 3399 τῇ
1030 3292 1163 3401 ε’ρήμιρ,
1184 3294 1299 3401 φησίν
1343 3311 1455 3372 &xl-3

1265 3414 1276 3442 x
1343 3376 1418 3426 §.Ma
1460 3413 1466 3424 .

102 3427 123 3462 “
140 3417 381 3518 Ἑτοιμάσατε
413 3417 479 3518 τήν
511 3418 594 3500 ὁδὸν
625 3429 689 3499 τοῦ
726 3421 871 3523 Κυρίου,
903 3418 1036 3501 εὐθείας
1070 3424 1200 3498 ποιεῖτε
1236 3451 1299 3499 τας
1343 3442 1377 3492 ια
1393 3455 1415 3504 3·
1455 3455 1457 3460 ·

100 3550 123 3586 “
141 3541 285 3642 τρίβους
303 3543 446 3622 αύτοῦ·”
477 3547 536 3622 καὶ
558 3545 676 3648 τρίτος
700 3546 757 3624 ε’πὶ
779 3545 917 3626 τούτοις
941 3545 961 3621 ὁ
984 3542 1174 3649 προφήτης
1191 3537 1299 3644 Ἰωήλ

101 3667 263 3767 περὶτοῦ
283 3669 467 3761 θεσβίτου
486 3668 613 3772 φησίν·
643 3667 776 3751 Ἠλίας
799 3663 837 3746 δὲ
858 3666 973 3751 οὗτος·
1005 3677 1026 3716 “
1042 3669 1115 3744 Καὶ
1135 3663 1210 3743 ίδοά
1228 3663 1299 3764 ε’γῶ
1344 3665 1405 3794 ἕξ·
1417 3667 1449 3714 5'·

49 3811 87 3871 25
101 3798 123 3834 “
141 3790 360 3871 ἀποστέλλω
387 3791 468 3888 ύμῖν
484 3790 620 3870 Ἠλίαν
642 3788 705 3870 τὸν
725 3791 922 3890 θεοβίτην,
942 3787 981 3873 δς
1005 3786 1299 3887 ἀποκαταστήσει

100 3923 123 3958 “
142 3913 288 4014 καρδίαν
314 3913 450 4015 πατρὸς
476 3912 568 4016 πρὸς
596 3911 681 4012 υίδν,
710 3918 768 3994 καὶ
796 3918 948 3996 ἀπειθεῖς
977 3914 1015 3991 ἐν
1044 3909 1220 4017 φρονήσει
1248 3915 1299 3990 δι-
1343 3923 1445 4053 {32⁰0-

102 4048 124 4084 “
143 4037 260 4132 καίων,
279 4037 336 4116 ἵνα
354 4036 404 4136 μή
422 4033 520 4119 έλθω
539 4040 596 4117 καὶ
614 4037 766 4150 πατάξω
785 4035 850 4136 τὴν
868 4041 937 4139 γῆν
955 4036 1098 4139 ἀρδην.”
1311 4028 1361 4120 α’
1406 4026 1412 4039 ⁸

158 4167 279 4262 Τριῶν
310 4160 422 4241 ὅντων
454 4162 581 4260 τοίνυν,
610 4162 710 4263 οἵπερ
741 4161 839 4268 ἥξειν
871 4161 1107 4262 ἠγγέλλοντο,
1136 4163 1301 4260 Χριστοῦ

140 4425 165 4462 2.
183 4409 277 4471 ἐκεῖνος
292 4408 361 4463 DE.
375 4407 455 4461 έκεῖνο
469 4407 520 4462 Ed.
638 4423 706 4477 43.
725 4405 923 4476 ἀποκριβῶσθαι
937 4405 999 4475 (nie)
1013 4404 1046 4460 E.
1196 4404 1237 4458 18.
1257 4425 1301 4457 σοι
1396 4432 1401 4447 =

102 4490 316 4603 ηςιιραιέηριαεκ
331 4479 435 4534 Β.1).Ε.
478 4547 484 4565 μ
544 4494 586 4532 21.
605 4476 846 4563 ιτροοηγίλλωνΒ.Α
959 4492 1002 4529 22.
1020 4479 1067 4544 τὴν
1078 4475 1139 4529 θδδν
1150 4477 1197 4528 τοῦ
1211 4474 1244 4530 Β.
1256 4475 1302 4535 τὰς

103 4550 179 4605 οδους
237 4590 243 4605 .
335 4563 377 4616 25.
396 4551 535 4618 θεοβητην
548 4549 580 4604 E.
670 4549 711 4602 28.
731 4555 847 4618 Χριστου
858 4547 978 4617 δηλονότι
990 4553 1158 4617 assumptum
1172 4562 1204 4599 ex
1220 4544 1251 4607 B.

149 4650 218 4695 VOL.
236 4652 258 4699 1.
703 4650 723 4699 ἵ

1343 2892 1411 2925 mu.
1426 2888 1463 2936 15,
