<?xml version="1.0" encoding="UTF-8"?>
<!DOCTYPE html PUBLIC "-//W3C//DTD XHTML 1.0 Transitional//EN"
    "http://www.w3.org/TR/xhtml1/DTD/xhtml1-transitional.dtd">
<html xmlns="http://www.w3.org/1999/xhtml" xml:lang="en" lang="en">
 <head>
  <title>
</title>
<meta http-equiv="Content-Type" content="text/html;charset=utf-8" />
  <meta name='ocr-system' content='tesseract 3.04.00' />
  <meta name='ocr-capabilities' content='ocr_page ocr_carea ocr_par ocr_line ocrx_word'/>
</head>
<body>
  <div class='ocr_page' id='page_1' title='image "./sanctipatrisnos00pusegoog_0278.png"; bbox 0 0 3038 5018; ppageno 0'>
   <div class='ocr_carea' id='block_1_1' title="bbox 90 279 1292 369">
    <p class='ocr_par' dir='ltr' id='par_1_1' title="bbox 90 279 1292 369">
     <span class='ocr_line' id='line_1_1' title="bbox 90 279 1292 369; baseline -0.004 -20"><span class='ocrx_word' id='word_1_1' title='bbox 90 283 179 351; x_wconf 87' lang='lat' dir='ltr'><strong>iv.6.</strong></span> <span class='ocrx_word' id='word_1_2' title='bbox 274 283 330 350; x_wconf 92' lang='lat' dir='ltr'>IN</span> <span class='ocrx_word' id='word_1_3' title='bbox 361 284 394 349; x_wconf 86' lang='lat' dir='ltr'>S.</span> <span class='ocrx_word' id='word_1_4' title='bbox 417 282 672 369; x_wconf 83' lang='lat' dir='ltr'><strong>JOANNEM.</strong></span> <span class='ocrx_word' id='word_1_5' title='bbox 719 281 815 346; x_wconf 88' lang='lat' dir='ltr'><strong>LIB.</strong></span> <span class='ocrx_word' id='word_1_6' title='bbox 839 281 886 347; x_wconf 93' lang='lat'>11.</span> <span class='ocrx_word' id='word_1_7' title='bbox 933 280 1035 347; x_wconf 85' lang='lat' dir='ltr'>CAP.</span> <span class='ocrx_word' id='word_1_8' title='bbox 1059 279 1119 345; x_wconf 90' lang='lat' dir='ltr'>1v.</span> <span class='ocrx_word' id='word_1_9' title='bbox 1229 281 1292 344; x_wconf 81' lang='lat'>265</span> 
     </span>
    </p>
   </div>
   <div class='ocr_carea' id='block_1_2' title="bbox 45 445 1463 3994">
    <p class='ocr_par' dir='ltr' id='par_1_2' title="bbox 45 445 1463 3994">
     <span class='ocr_line' id='line_1_2' title="bbox 90 445 1323 556; baseline -0.003 -28"><span class='ocrx_word' id='word_1_10' title='bbox 90 446 193 528; x_wconf 75' lang='grc' dir='ltr'>ἀλλὰ</span> <span class='ocrx_word' id='word_1_11' title='bbox 218 448 332 530; x_wconf 88' lang='grc' dir='ltr'>πάλιν</span> <span class='ocrx_word' id='word_1_12' title='bbox 359 452 478 531; x_wconf 74' lang='grc' dir='ltr'>αὐτῶν</span> <span class='ocrx_word' id='word_1_13' title='bbox 502 448 685 556; x_wconf 83' lang='grc' dir='ltr'>ἀνθέξεται</span> <span class='ocrx_word' id='word_1_14' title='bbox 714 446 889 552; x_wconf 81' lang='grc' dir='ltr'>Χριστὸς,</span> <span class='ocrx_word' id='word_1_15' title='bbox 917 450 976 529; x_wconf 89' lang='grc' dir='ltr'>καί</span> <span class='ocrx_word' id='word_1_16' title='bbox 1003 445 1323 529; x_wconf 80' lang='grc' dir='ltr'>ε’παναπαύσεταιο</span> 
     </span>
     <span class='ocr_line' id='line_1_3' title="bbox 89 566 1293 676; baseline -0.003 -24"><span class='ocrx_word' id='word_1_17' title='bbox 89 573 151 652; x_wconf 77' lang='grc' dir='ltr'>καὶ</span> <span class='ocrx_word' id='word_1_18' title='bbox 172 571 370 654; x_wconf 78' lang='grc' dir='ltr'>καταλύσει</span> <span class='ocrx_word' id='word_1_19' title='bbox 393 572 507 655; x_wconf 85' lang='grc' dir='ltr'>πάλιν</span> <span class='ocrx_word' id='word_1_20' title='bbox 530 575 579 656; x_wconf 81' lang='grc' dir='ltr'>ὡς</span> <span class='ocrx_word' id='word_1_21' title='bbox 604 574 642 652; x_wconf 87' lang='grc' dir='ltr'>έν</span> <span class='ocrx_word' id='word_1_22' title='bbox 660 572 785 675; x_wconf 83' lang='grc' dir='ltr'>ἁγίοις,</span> <span class='ocrx_word' id='word_1_23' title='bbox 804 570 1009 676; x_wconf 82' lang='grc' dir='ltr'>ἀμάραντον</span> <span class='ocrx_word' id='word_1_24' title='bbox 1027 573 1144 656; x_wconf 80' lang='grc' dir='ltr'>αὐτοῖς</span> <span class='ocrx_word' id='word_1_25' title='bbox 1171 566 1237 667; x_wconf 75' lang='grc' dir='ltr'>τὴν</span> <span class='ocrx_word' id='word_1_26' title='bbox 1254 570 1293 649; x_wconf 86' lang='grc' dir='ltr'>έν</span> 
     </span>
     <span class='ocr_line' id='line_1_4' title="bbox 90 692 1292 803; baseline -0.009 -21"><span class='ocrx_word' id='word_1_27' title='bbox 90 694 219 800; x_wconf 70' lang='grc' dir='ltr'>ἀρχαῖς</span> <span class='ocrx_word' id='word_1_28' title='bbox 245 695 445 800; x_wconf 79' lang='grc' dir='ltr'>άποσύζων</span> <span class='ocrx_word' id='word_1_29' title='bbox 472 693 590 801; x_wconf 87' lang='grc' dir='ltr'>χάριν.</span> <span class='ocrx_word' id='word_1_30' title='bbox 639 698 885 803; x_wconf 86' lang='grc' dir='ltr'>ἐμφιλοχωρεῖ</span> <span class='ocrx_word' id='word_1_31' title='bbox 909 693 947 778; x_wconf 77' lang='grc' dir='ltr'>δέ</span> <span class='ocrx_word' id='word_1_32' title='bbox 974 701 1052 779; x_wconf 87' lang='grc' dir='ltr'>ταῖς</span> <span class='ocrx_word' id='word_1_33' title='bbox 1079 699 1153 773; x_wconf 85' lang='grc' dir='ltr'>τῶν</span> <span class='ocrx_word' id='word_1_34' title='bbox 1180 692 1292 794; x_wconf 79' lang='grc' dir='ltr'>ἁγίων</span> 
     </span>
     <span class='ocr_line' id='line_1_5' title="bbox 89 813 1293 927; baseline -0.008 -25"><span class='ocrx_word' id='word_1_35' title='bbox 89 815 256 918; x_wconf 70' lang='grc' dir='ltr'>μιήμαις,</span> <span class='ocrx_word' id='word_1_36' title='bbox 281 818 339 898; x_wconf 77' lang='grc' dir='ltr'>ἵνα</span> <span class='ocrx_word' id='word_1_37' title='bbox 369 818 483 900; x_wconf 88' lang='grc' dir='ltr'>τύπον</span> <span class='ocrx_word' id='word_1_38' title='bbox 509 818 594 918; x_wconf 81' lang='grc' dir='ltr'>ἡμῖν</span> <span class='ocrx_word' id='word_1_39' title='bbox 621 815 747 899; x_wconf 80' lang='grc' dir='ltr'>ἑαυτὸν</span> <span class='ocrx_word' id='word_1_40' title='bbox 775 821 843 897; x_wconf 82' lang='grc' dir='ltr'>κάν</span> <span class='ocrx_word' id='word_1_41' title='bbox 869 816 985 927; x_wconf 75' lang='grc' dir='ltr'>τούτῳ</span> <span class='ocrx_word' id='word_1_42' title='bbox 1011 813 1208 922; x_wconf 81' lang='grc' dir='ltr'>παράσχοι,</span> <span class='ocrx_word' id='word_1_43' title='bbox 1234 817 1293 893; x_wconf 89' lang='grc' dir='ltr'>καί</span> 
     </span>
     <span class='ocr_line' id='line_1_6' title="bbox 55 937 1293 1045; baseline -0.006 -22"><span class='ocrx_word' id='word_1_44' title='bbox 55 959 76 1023; x_wconf 84' lang='grc'>5</span> <span class='ocrx_word' id='word_1_45' title='bbox 91 938 185 1045; x_wconf 77' lang='grc' dir='ltr'>ἀρχὴ</span> <span class='ocrx_word' id='word_1_46' title='bbox 203 943 261 1022; x_wconf 86' lang='grc' dir='ltr'>καί</span> <span class='ocrx_word' id='word_1_47' title='bbox 279 940 372 1045; x_wconf 89' lang='grc' dir='ltr'>θύρα</span> <span class='ocrx_word' id='word_1_48' title='bbox 389 945 454 1041; x_wconf 78' lang='grc' dir='ltr'>τῆς</span> <span class='ocrx_word' id='word_1_49' title='bbox 472 946 520 1026; x_wconf 88' lang='grc' dir='ltr'>εἰς</span> <span class='ocrx_word' id='word_1_50' title='bbox 539 939 621 1025; x_wconf 80' lang='grc' dir='ltr'>τοίς</span> <span class='ocrx_word' id='word_1_51' title='bbox 638 939 793 1044; x_wconf 88' lang='grc' dir='ltr'>πατέρας</span> <span class='ocrx_word' id='word_1_52' title='bbox 809 938 948 1041; x_wconf 89' lang='grc' dir='ltr'>γένοιτο</span> <span class='ocrx_word' id='word_1_53' title='bbox 971 943 1086 1038; x_wconf 79' lang='grc' dir='ltr'>τιμῆς.</span> <span class='ocrx_word' id='word_1_54' title='bbox 1126 937 1293 1018; x_wconf 86' lang='grc' dir='ltr'>καταλύει</span> 
     </span>
     <span class='ocr_line' id='line_1_7' title="bbox 91 1060 1294 1177; baseline -0.004 -33"><span class='ocrx_word' id='word_1_55' title='bbox 91 1062 129 1144; x_wconf 74' lang='grc' dir='ltr'>δέ</span> <span class='ocrx_word' id='word_1_56' title='bbox 164 1063 383 1151; x_wconf 77' lang='grc' dir='ltr'>ιιιιιιπιιιιιιίς</span> <span class='ocrx_word' id='word_1_57' title='bbox 416 1064 457 1145; x_wconf 81' lang='grc' dir='ltr'>ἰκ</span> <span class='ocrx_word' id='word_1_58' title='bbox 489 1063 546 1157; x_wconf 66' lang='grc' dir='ltr'>τῖς</span> <span class='ocrx_word' id='word_1_59' title='bbox 582 1060 779 1171; x_wconf 75' lang='grc' dir='ltr'>ὁδοιπορίας,</span> <span class='ocrx_word' id='word_1_60' title='bbox 812 1067 860 1145; x_wconf 85' lang='grc' dir='ltr'>ὡς</span> <span class='ocrx_word' id='word_1_61' title='bbox 892 1060 1103 1177; x_wconf 82' lang='grc' dir='ltr'>γέγραπται,</span> <span class='ocrx_word' id='word_1_62' title='bbox 1135 1064 1194 1141; x_wconf 84' lang='grc' dir='ltr'>ἵνα</span> <span class='ocrx_word' id='word_1_63' title='bbox 1226 1062 1294 1140; x_wconf 87' lang='grc' dir='ltr'>κοίν</span> 
     </span>
     <span class='ocr_line' id='line_1_8' title="bbox 90 1182 1293 1295; baseline -0.002 -29"><span class='ocrx_word' id='word_1_64' title='bbox 90 1183 206 1295; x_wconf 78' lang='grc' dir='ltr'>τούτῳ</span> <span class='ocrx_word' id='word_1_65' title='bbox 230 1190 294 1287; x_wconf 80' lang='grc' dir='ltr'>τῆς</span> <span class='ocrx_word' id='word_1_66' title='bbox 319 1193 393 1271; x_wconf 79' lang='grc' dir='ltr'>τῶν</span> <span class='ocrx_word' id='word_1_67' title='bbox 410 1183 633 1267; x_wconf 81' lang='grc' dir='ltr'>ἐλαυνόντων</span> <span class='ocrx_word' id='word_1_68' title='bbox 651 1185 758 1265; x_wconf 81' lang='grc' dir='ltr'>αὐτὸν</span> <span class='ocrx_word' id='word_1_69' title='bbox 775 1182 949 1280; x_wconf 64' lang='grc' dir='ltr'>ἀ’σεβείας</span> <span class='ocrx_word' id='word_1_70' title='bbox 976 1191 1173 1291; x_wconf 81' lang='grc' dir='ltr'>κατηγορῇ.</span> <span class='ocrx_word' id='word_1_71' title='bbox 1214 1184 1293 1264; x_wconf 88' lang='grc' dir='ltr'>δέον</span> 
     </span>
     <span class='ocr_line' id='line_1_9' title="bbox 90 1305 1463 1415; baseline -0.003 -26"><span class='ocrx_word' id='word_1_72' title='bbox 90 1305 163 1413; x_wconf 85' lang='grc' dir='ltr'>γιίρ</span> <span class='ocrx_word' id='word_1_73' title='bbox 185 1316 263 1394; x_wconf 88' lang='grc' dir='ltr'>ταῖς</span> <span class='ocrx_word' id='word_1_74' title='bbox 286 1309 510 1413; x_wconf 80' lang='grc' dir='ltr'>εύγνοίμοσιν</span> <span class='ocrx_word' id='word_1_75' title='bbox 528 1311 753 1390; x_wconf 82' lang='grc' dir='ltr'>ἀνακτᾶσθαι</span> <span class='ocrx_word' id='word_1_76' title='bbox 772 1315 898 1408; x_wconf 89' lang='grc' dir='ltr'>τιμαῖς,</span> <span class='ocrx_word' id='word_1_77' title='bbox 919 1311 1014 1388; x_wconf 88' lang='grc' dir='ltr'>αἰδοῖ</span> <span class='ocrx_word' id='word_1_78' title='bbox 1036 1343 1074 1388; x_wconf 89' lang='grc' dir='ltr'>τε</span> <span class='ocrx_word' id='word_1_79' title='bbox 1101 1313 1158 1388; x_wconf 88' lang='grc' dir='ltr'>καί</span> <span class='ocrx_word' id='word_1_80' title='bbox 1184 1307 1323 1415; x_wconf 76' lang='grc' dir='ltr'>φόβῳι</span> <span class='ocrx_word' id='word_1_81' title='bbox 1351 1333 1411 1389; x_wconf 79' lang='lat'>178</span> <span class='ocrx_word' id='word_1_82' title='bbox 1423 1329 1463 1386; x_wconf 82' lang='grc' dir='ltr'><strong>Α.</strong></span> 
     </span>
     <span class='ocr_line' id='line_1_10' title="bbox 90 1429 1292 1537; baseline -0.002 -25"><span class='ocrx_word' id='word_1_83' title='bbox 90 1429 324 1535; x_wconf 85' lang='grc' dir='ltr'>περιθάλπειν</span> <span class='ocrx_word' id='word_1_84' title='bbox 351 1434 400 1517; x_wconf 85' lang='grc' dir='ltr'>ὡς</span> <span class='ocrx_word' id='word_1_85' title='bbox 427 1432 622 1537; x_wconf 62' lang='grc' dir='ltr'>εύεργετην,</span> <span class='ocrx_word' id='word_1_86' title='bbox 651 1437 772 1535; x_wconf 85' lang='grc' dir='ltr'>ἰδρῶτι</span> <span class='ocrx_word' id='word_1_87' title='bbox 800 1431 858 1510; x_wconf 88' lang='grc' dir='ltr'>καί</span> <span class='ocrx_word' id='word_1_88' title='bbox 885 1429 1007 1516; x_wconf 88' lang='grc' dir='ltr'>πόνοις</span> <span class='ocrx_word' id='word_1_89' title='bbox 1035 1432 1292 1535; x_wconf 78' lang='grc' dir='ltr'>καταικίζονται</span> 
     </span>
     <span class='ocr_line' id='line_1_11' title="bbox 45 1549 1292 1663; baseline 0.002 -31"><span class='ocrx_word' id='word_1_90' title='bbox 45 1582 78 1626; x_wconf 79' lang='lat'>10</span> <span class='ocrx_word' id='word_1_91' title='bbox 91 1549 156 1633; x_wconf 78' lang='grc' dir='ltr'>τὸν</span> <span class='ocrx_word' id='word_1_92' title='bbox 175 1554 320 1658; x_wconf 80' lang='grc' dir='ltr'>Κύρων,</span> <span class='ocrx_word' id='word_1_93' title='bbox 343 1555 403 1636; x_wconf 83' lang='grc' dir='ltr'>ἵνα</span> <span class='ocrx_word' id='word_1_94' title='bbox 430 1557 490 1634; x_wconf 89' lang='grc' dir='ltr'>καί</span> <span class='ocrx_word' id='word_1_95' title='bbox 516 1554 684 1656; x_wconf 89' lang='grc' dir='ltr'>άληθεύοι</span> <span class='ocrx_word' id='word_1_96' title='bbox 713 1554 831 1656; x_wconf 90' lang='grc' dir='ltr'>λέγων</span> <span class='ocrx_word' id='word_1_97' title='bbox 856 1556 937 1657; x_wconf 84' lang='grc' dir='ltr'>περὶ</span> <span class='ocrx_word' id='word_1_98' title='bbox 964 1556 1082 1635; x_wconf 82' lang='grc' dir='ltr'>αύτιῖν</span> <span class='ocrx_word' id='word_1_99' title='bbox 1106 1557 1144 1634; x_wconf 83' lang='grc' dir='ltr'>ἐν</span> <span class='ocrx_word' id='word_1_100' title='bbox 1167 1555 1292 1663; x_wconf 76' lang='grc' dir='ltr'>βίβλῳ</span> 
     </span>
     <span class='ocr_line' id='line_1_12' title="bbox 91 1675 1222 1783; baseline 0 -24"><span class='ocrx_word' id='word_1_101' title='bbox 91 1679 255 1783; x_wconf 68' lang='grc' dir='ltr'>ψαλμῶν</span> <span class='ocrx_word' id='word_1_102' title='bbox 273 1689 295 1726; x_wconf 86' lang='grc'><strong>“</strong></span> <span class='ocrx_word' id='word_1_103' title='bbox 310 1682 383 1759; x_wconf 76' lang='grc' dir='ltr'>Καὶ</span> <span class='ocrx_word' id='word_1_104' title='bbox 400 1678 688 1758; x_wconf 86' lang='grc' dir='ltr'>άνταπεδίδοσάν</span> <span class='ocrx_word' id='word_1_105' title='bbox 705 1712 766 1775; x_wconf 90' lang='grc' dir='ltr'>μοι</span> <span class='ocrx_word' id='word_1_106' title='bbox 784 1675 925 1780; x_wconf 90' lang='grc' dir='ltr'>πονηρᾶ</span> <span class='ocrx_word' id='word_1_107' title='bbox 943 1680 1023 1759; x_wconf 85' lang='grc' dir='ltr'>άντί</span> <span class='ocrx_word' id='word_1_108' title='bbox 1041 1681 1222 1782; x_wconf 82' lang='grc' dir='ltr'>άγαθιῖν.”</span> 
     </span>
     <span class='ocr_line' id='line_1_13' title="bbox 147 1797 1294 1905; baseline 0.001 -24"><span class='ocrx_word' id='word_1_109' title='bbox 147 1801 328 1883; x_wconf 85' lang='grc' dir='ltr'>Ἰουδαίων</span> <span class='ocrx_word' id='word_1_110' title='bbox 344 1799 412 1902; x_wconf 77' lang='grc' dir='ltr'>μέν</span> <span class='ocrx_word' id='word_1_111' title='bbox 429 1801 492 1881; x_wconf 81' lang='grc' dir='ltr'>οὖν</span> <span class='ocrx_word' id='word_1_112' title='bbox 511 1803 548 1881; x_wconf 82' lang='grc' dir='ltr'>ἐν</span> <span class='ocrx_word' id='word_1_113' title='bbox 567 1799 704 1885; x_wconf 79' lang='grc' dir='ltr'>τούτοις</span> <span class='ocrx_word' id='word_1_114' title='bbox 722 1801 847 1903; x_wconf 82' lang='grc' dir='ltr'>ὁρᾶται</span> <span class='ocrx_word' id='word_1_115' title='bbox 866 1797 907 1881; x_wconf 86' lang='grc' dir='ltr'>τῖι</span> <span class='ocrx_word' id='word_1_116' title='bbox 927 1801 1075 1905; x_wconf 86' lang='grc' dir='ltr'>θράσος.</span> <span class='ocrx_word' id='word_1_117' title='bbox 1114 1801 1204 1883; x_wconf 79' lang='grc' dir='ltr'>τίδὲ</span> <span class='ocrx_word' id='word_1_118' title='bbox 1223 1803 1294 1905; x_wconf 84' lang='grc' dir='ltr'>οἰρα</span> 
     </span>
     <span class='ocr_line' id='line_1_14' title="bbox 92 1922 1293 2029; baseline 0.002 -24"><span class='ocrx_word' id='word_1_119' title='bbox 92 1922 257 2029; x_wconf 80' lang='grc' dir='ltr'>φήσουσι</span> <span class='ocrx_word' id='word_1_120' title='bbox 277 1923 368 2029; x_wconf 80' lang='grc' dir='ltr'>πρὸς</span> <span class='ocrx_word' id='word_1_121' title='bbox 390 1931 495 2004; x_wconf 82' lang='grc' dir='ltr'>τοῦτο</span> <span class='ocrx_word' id='word_1_122' title='bbox 513 1922 626 2004; x_wconf 85' lang='grc' dir='ltr'>πάλιν</span> <span class='ocrx_word' id='word_1_123' title='bbox 643 1924 727 2024; x_wconf 80' lang='grc' dir='ltr'>ἡμῖν</span> <span class='ocrx_word' id='word_1_124' title='bbox 744 1926 803 2003; x_wconf 88' lang='grc' dir='ltr'>καί</span> <span class='ocrx_word' id='word_1_125' title='bbox 829 1927 862 2003; x_wconf 87' lang='grc' dir='ltr'>οἰ</span> <span class='ocrx_word' id='word_1_126' title='bbox 885 1928 948 2024; x_wconf 75' lang='grc' dir='ltr'>τῆς</span> <span class='ocrx_word' id='word_1_127' title='bbox 966 1927 1106 2005; x_wconf 84' lang='grc' dir='ltr'>ἐκείνων</span> <span class='ocrx_word' id='word_1_128' title='bbox 1123 1927 1293 2009; x_wconf 74' lang='grc' dir='ltr'>ἀπονοίας</span> 
     </span>
     <span class='ocr_line' id='line_1_15' title="bbox 91 2044 1292 2151; baseline 0.005 -26"><span class='ocrx_word' id='word_1_129' title='bbox 91 2045 246 2148; x_wconf 90' lang='grc' dir='ltr'>Ιγείτονες</span> <span class='ocrx_word' id='word_1_130' title='bbox 262 2048 451 2151; x_wconf 83' lang='grc' dir='ltr'>Ἀρειανοί,</span> <span class='ocrx_word' id='word_1_131' title='bbox 473 2053 618 2146; x_wconf 72' lang='grc' dir='ltr'>μᾶλλον</span> <span class='ocrx_word' id='word_1_132' title='bbox 643 2045 681 2127; x_wconf 74' lang='grc' dir='ltr'>δὲ</span> <span class='ocrx_word' id='word_1_133' title='bbox 708 2046 799 2148; x_wconf 82' lang='grc' dir='ltr'>πρὸς</span> <span class='ocrx_word' id='word_1_134' title='bbox 827 2045 887 2131; x_wconf 80' lang='grc' dir='ltr'>οὓς</span> <span class='ocrx_word' id='word_1_135' title='bbox 916 2044 961 2126; x_wconf 83' lang='grc' dir='ltr'>ἂν</span> <span class='ocrx_word' id='word_1_136' title='bbox 981 2047 1126 2149; x_wconf 77' lang='grc' dir='ltr'>λέγοιτο</span> <span class='ocrx_word' id='word_1_137' title='bbox 1150 2050 1292 2132; x_wconf 84' lang='grc' dir='ltr'>δικαίως</span> 
     </span>
     <span class='ocr_line' id='line_1_16' title="bbox 45 2168 1462 2305; baseline 0 -54"><span class='ocrx_word' id='word_1_138' title='bbox 45 2186 79 2251; x_wconf 76' lang='lat'>15</span> <span class='ocrx_word' id='word_1_139' title='bbox 92 2168 305 2272; x_wconf 86' lang='grc' dir='ltr'>Ἐδικαιύθη</span> <span class='ocrx_word' id='word_1_140' title='bbox 325 2171 471 2269; x_wconf 85' lang='grc' dir='ltr'>Σόδομα</span> <span class='ocrx_word' id='word_1_141' title='bbox 488 2171 527 2249; x_wconf 80' lang='grc' dir='ltr'>ἐκ</span> <span class='ocrx_word' id='word_1_142' title='bbox 545 2177 641 2267; x_wconf 85' lang='grc' dir='ltr'>σοῦ;</span> <span class='ocrx_word' id='word_1_143' title='bbox 674 2175 705 2250; x_wconf 88' lang='grc' dir='ltr'>οἰ</span> <span class='ocrx_word' id='word_1_144' title='bbox 730 2169 795 2269; x_wconf 76' lang='grc' dir='ltr'>μὲν</span> <span class='ocrx_word' id='word_1_145' title='bbox 812 2169 885 2273; x_wconf 81' lang='grc' dir='ltr'>γάρ</span> <span class='ocrx_word' id='word_1_146' title='bbox 910 2169 1003 2250; x_wconf 81' lang='grc' dir='ltr'>κατὰ</span> <span class='ocrx_word' id='word_1_147' title='bbox 1028 2170 1150 2274; x_wconf 84' lang='grc' dir='ltr'>σάρκα</span> <span class='ocrx_word' id='word_1_148' title='bbox 1173 2206 1287 2252; x_wconf 87' lang='grc' dir='ltr'>σταυ-</span> <span class='ocrx_word' id='word_1_149' title='bbox 1338 2176 1462 2305; x_wconf 52' lang='grc' dir='ltr'>ξξηῑέξί·</span> 
     </span>
     <span class='ocr_line' id='line_1_17' title="bbox 91 2290 1326 2398; baseline -0.001 -26"><span class='ocrx_word' id='word_1_150' title='bbox 91 2299 197 2394; x_wconf 87' lang='grc' dir='ltr'>ροῦσι</span> <span class='ocrx_word' id='word_1_151' title='bbox 225 2293 399 2398; x_wconf 79' lang='grc' dir='ltr'>Χριστὸν,</span> <span class='ocrx_word' id='word_1_152' title='bbox 424 2298 456 2374; x_wconf 92' lang='grc' dir='ltr'>οἰ</span> <span class='ocrx_word' id='word_1_153' title='bbox 484 2290 522 2372; x_wconf 76' lang='grc' dir='ltr'>δί</span> <span class='ocrx_word' id='word_1_154' title='bbox 550 2297 599 2377; x_wconf 82' lang='grc' dir='ltr'>εἰς</span> <span class='ocrx_word' id='word_1_155' title='bbox 626 2290 737 2394; x_wconf 80' lang='grc' dir='ltr'>αι’πὴν</span> <span class='ocrx_word' id='word_1_156' title='bbox 762 2295 1017 2395; x_wconf 80' lang='grc' dir='ltr'>ἐμπαροινοῦσι</span> <span class='ocrx_word' id='word_1_157' title='bbox 1043 2292 1109 2394; x_wconf 77' lang='grc' dir='ltr'>τὴν</span> <span class='ocrx_word' id='word_1_158' title='bbox 1138 2296 1326 2398; x_wconf 79' lang='grc' dir='ltr'>ἅρῤητονδ</span> 
     </span>
     <span class='ocr_line' id='line_1_18' title="bbox 92 2412 1295 2527; baseline 0.002 -33"><span class='ocrx_word' id='word_1_159' title='bbox 92 2422 157 2494; x_wconf 82' lang='grc' dir='ltr'>τοῦ</span> <span class='ocrx_word' id='word_1_160' title='bbox 175 2415 299 2518; x_wconf 84' lang='grc' dir='ltr'>Λόγου</span> <span class='ocrx_word' id='word_1_161' title='bbox 323 2416 447 2524; x_wconf 83' lang='grc' dir='ltr'>φύσιν.</span> <span class='ocrx_word' id='word_1_162' title='bbox 488 2413 566 2495; x_wconf 76' lang='grc' dir='ltr'>ἰδού</span> <span class='ocrx_word' id='word_1_163' title='bbox 585 2419 799 2497; x_wconf 78' lang='grc' dir='ltr'>κεκοπίακεν</span> <span class='ocrx_word' id='word_1_164' title='bbox 816 2417 856 2497; x_wconf 80' lang='grc' dir='ltr'>εἰς</span> <span class='ocrx_word' id='word_1_165' title='bbox 879 2414 938 2509; x_wconf 72' lang='grc' dir='ltr'>τῖίς</span> <span class='ocrx_word' id='word_1_166' title='bbox 966 2412 1161 2527; x_wconf 76' lang='grc' dir='ltr'>ὁδοιπορίας·</span> <span class='ocrx_word' id='word_1_167' title='bbox 1192 2417 1246 2502; x_wconf 85' lang='grc' dir='ltr'>τίς</span> <span class='ocrx_word' id='word_1_168' title='bbox 1272 2418 1295 2496; x_wconf 78' lang='grc' dir='ltr'><strong>ὁ</strong></span> 
     </span>
     <span class='ocr_line' id='line_1_19' title="bbox 90 2536 1291 2644; baseline 0.002 -29"><span class='ocrx_word' id='word_1_169' title='bbox 90 2545 198 2618; x_wconf 82' lang='grc' dir='ltr'>τοῦτο</span> <span class='ocrx_word' id='word_1_170' title='bbox 222 2539 372 2634; x_wconf 82' lang='grc' dir='ltr'>παθῶν;</span> <span class='ocrx_word' id='word_1_171' title='bbox 392 2536 479 2643; x_wconf 84' lang='grc' dir='ltr'>,ἆρα</span> <span class='ocrx_word' id='word_1_172' title='bbox 507 2541 565 2619; x_wconf 90' lang='grc' dir='ltr'>καί</span> <span class='ocrx_word' id='word_1_173' title='bbox 594 2537 721 2644; x_wconf 88' lang='grc' dir='ltr'>ἰσχύος</span> <span class='ocrx_word' id='word_1_174' title='bbox 748 2539 832 2640; x_wconf 79' lang='grc' dir='ltr'>ἡμῖν</span> <span class='ocrx_word' id='word_1_175' title='bbox 856 2543 978 2620; x_wconf 82' lang='grc' dir='ltr'>ἐπιδεᾶ</span> <span class='ocrx_word' id='word_1_176' title='bbox 1002 2539 1065 2620; x_wconf 81' lang='grc' dir='ltr'>τὸν</span> <span class='ocrx_word' id='word_1_177' title='bbox 1086 2547 1159 2621; x_wconf 82' lang='grc' dir='ltr'>τῶν</span> <span class='ocrx_word' id='word_1_178' title='bbox 1185 2539 1291 2621; x_wconf 90' lang='grc' dir='ltr'>δυνά-</span> 
     </span>
     <span class='ocr_line' id='line_1_20' title="bbox 91 2661 1298 2772; baseline 0.004 -34"><span class='ocrx_word' id='word_1_179' title='bbox 91 2693 186 2756; x_wconf 84' lang='grc' dir='ltr'>μεων</span> <span class='ocrx_word' id='word_1_180' title='bbox 208 2665 382 2743; x_wconf 81' lang='grc' dir='ltr'>εἰσοίσετε</span> <span class='ocrx_word' id='word_1_181' title='bbox 409 2661 553 2764; x_wconf 83' lang='grc' dir='ltr'>Κύριον,</span> <span class='ocrx_word' id='word_1_182' title='bbox 576 2665 634 2741; x_wconf 87' lang='grc' dir='ltr'>καί</span> <span class='ocrx_word' id='word_1_183' title='bbox 660 2664 756 2771; x_wconf 77' lang='grc' dir='ltr'>αὐτῷ</span> <span class='ocrx_word' id='word_1_184' title='bbox 782 2669 834 2772; x_wconf 78' lang='grc' dir='ltr'>τῷ</span> <span class='ocrx_word' id='word_1_185' title='bbox 859 2667 897 2744; x_wconf 87' lang='grc' dir='ltr'>έκ</span> <span class='ocrx_word' id='word_1_186' title='bbox 922 2662 1069 2767; x_wconf 80' lang='grc' dir='ltr'>Πατρός</span> <span class='ocrx_word' id='word_1_187' title='bbox 1095 2669 1298 2765; x_wconf 89' lang='grc' dir='ltr'>Μονογευεῖ</span> 
     </span>
     <span class='ocr_line' id='line_1_21' title="bbox 45 2783 1293 2889; baseline 0.011 -31"><span class='ocrx_word' id='word_1_188' title='bbox 45 2783 156 2863; x_wconf 82' lang='grc' dir='ltr'>ιοτῖιν</span> <span class='ocrx_word' id='word_1_189' title='bbox 183 2787 222 2865; x_wconf 77' lang='grc' dir='ltr'>ἐκ</span> <span class='ocrx_word' id='word_1_190' title='bbox 247 2790 310 2886; x_wconf 78' lang='grc' dir='ltr'>τῆς</span> <span class='ocrx_word' id='word_1_191' title='bbox 338 2787 539 2889; x_wconf 85' lang='grc' dir='ltr'>ὁδοιπορίας</span> <span class='ocrx_word' id='word_1_192' title='bbox 568 2785 766 2885; x_wconf 83' lang='grc' dir='ltr'>οἰναθήσετε</span> <span class='ocrx_word' id='word_1_193' title='bbox 798 2785 922 2882; x_wconf 87' lang='grc' dir='ltr'>πόνον,</span> <span class='ocrx_word' id='word_1_194' title='bbox 950 2787 1008 2865; x_wconf 82' lang='grc' dir='ltr'>ἵνα</span> <span class='ocrx_word' id='word_1_195' title='bbox 1040 2789 1098 2865; x_wconf 90' lang='grc' dir='ltr'>καί</span> <span class='ocrx_word' id='word_1_196' title='bbox 1131 2785 1293 2886; x_wconf 71' lang='grc' dir='ltr'>παθητὸς</span> 
     </span>
     <span class='ocr_line' id='line_1_22' title="bbox 92 2906 1293 3014; baseline 0.003 -28"><span class='ocrx_word' id='word_1_197' title='bbox 92 2911 217 3007; x_wconf 82' lang='grc' dir='ltr'>νοῆται</span> <span class='ocrx_word' id='word_1_198' title='bbox 248 2906 378 2989; x_wconf 86' lang='grc' dir='ltr'>λοιπῖιν</span> <span class='ocrx_word' id='word_1_199' title='bbox 408 2910 428 2988; x_wconf 87' lang='grc' dir='ltr'>ὁ</span> <span class='ocrx_word' id='word_1_200' title='bbox 457 2913 584 2989; x_wconf 87' lang='grc' dir='ltr'>παθεῖν</span> <span class='ocrx_word' id='word_1_201' title='bbox 613 2910 677 2989; x_wconf 82' lang='grc' dir='ltr'>οὐκ</span> <span class='ocrx_word' id='word_1_202' title='bbox 709 2907 809 2992; x_wconf 85' lang='grc' dir='ltr'>εἰδιός</span> <span class='ocrx_word' id='word_1_203' title='bbox 821 2942 831 3005; x_wconf 86' lang='grc'><strong>;</strong></span> <span class='ocrx_word' id='word_1_204' title='bbox 875 2907 897 3009; x_wconf 82' lang='grc' dir='ltr'>ἢ</span> <span class='ocrx_word' id='word_1_205' title='bbox 930 2914 1075 3014; x_wconf 82' lang='grc' dir='ltr'>φρονεῖν</span> <span class='ocrx_word' id='word_1_206' title='bbox 1105 2909 1170 3007; x_wconf 74' lang='grc' dir='ltr'>μὲν</span> <span class='ocrx_word' id='word_1_207' title='bbox 1200 2911 1293 2990; x_wconf 77' lang='grc' dir='ltr'>οὕτω</span> 
     </span>
     <span class='ocr_line' id='line_1_23' title="bbox 92 3028 1293 3136; baseline 0.002 -25"><span class='ocrx_word' id='word_1_208' title='bbox 92 3030 361 3134; x_wconf 80' lang='grc' dir='ltr'>παραιτήσεσθε</span> <span class='ocrx_word' id='word_1_209' title='bbox 391 3040 573 3117; x_wconf 83' lang='grc' dir='ltr'>ποιοῦντες</span> <span class='ocrx_word' id='word_1_210' title='bbox 605 3033 731 3133; x_wconf 84' lang='grc' dir='ltr'>ὀρθῶς,</span> <span class='ocrx_word' id='word_1_211' title='bbox 758 3029 850 3136; x_wconf 81' lang='grc' dir='ltr'>μόνῃ</span> <span class='ocrx_word' id='word_1_212' title='bbox 881 3028 918 3109; x_wconf 71' lang='grc' dir='ltr'>δὲ</span> <span class='ocrx_word' id='word_1_213' title='bbox 949 3037 995 3136; x_wconf 83' lang='grc' dir='ltr'>τῇ</span> <span class='ocrx_word' id='word_1_214' title='bbox 1028 3038 1091 3110; x_wconf 85' lang='grc' dir='ltr'>τοῦ</span> <span class='ocrx_word' id='word_1_215' title='bbox 1124 3030 1293 3128; x_wconf 81' lang='grc' dir='ltr'>σώματος</span> 
     </span>
     <span class='ocr_line' id='line_1_24' title="bbox 93 3150 1291 3260; baseline -0.002 -26"><span class='ocrx_word' id='word_1_216' title='bbox 93 3153 204 3260; x_wconf 79' lang='grc' dir='ltr'>φύσει</span> <span class='ocrx_word' id='word_1_217' title='bbox 229 3153 440 3258; x_wconf 78' lang='grc' dir='ltr'>περιθήσετε</span> <span class='ocrx_word' id='word_1_218' title='bbox 464 3154 511 3233; x_wconf 88' lang='grc' dir='ltr'>τιί</span> <span class='ocrx_word' id='word_1_219' title='bbox 534 3157 592 3235; x_wconf 88' lang='grc' dir='ltr'>ε’πί</span> <span class='ocrx_word' id='word_1_220' title='bbox 616 3155 754 3239; x_wconf 89' lang='grc' dir='ltr'>τούτοις</span> <span class='ocrx_word' id='word_1_221' title='bbox 779 3150 1004 3256; x_wconf 80' lang='grc' dir='ltr'>ἐγκλήματα,</span> <span class='ocrx_word' id='word_1_222' title='bbox 1024 3159 1170 3252; x_wconf 83' lang='grc' dir='ltr'>μᾶλλον</span> <span class='ocrx_word' id='word_1_223' title='bbox 1189 3153 1226 3232; x_wconf 77' lang='grc' dir='ltr'>δὲ</span> <span class='ocrx_word' id='word_1_224' title='bbox 1245 3161 1291 3259; x_wconf 83' lang='grc' dir='ltr'>τῇ</span> 
     </span>
     <span class='ocr_line' id='line_1_25' title="bbox 93 3273 1321 3381; baseline -0.004 -24"><span class='ocrx_word' id='word_1_225' title='bbox 93 3276 341 3380; x_wconf 87' lang='grc' dir='ltr'>άνθρωπάτητι</span> <span class='ocrx_word' id='word_1_226' title='bbox 365 3278 512 3381; x_wconf 85' lang='grc' dir='ltr'>πρέπειν</span> <span class='ocrx_word' id='word_1_227' title='bbox 530 3281 636 3380; x_wconf 82' lang='grc' dir='ltr'>ἐρεῖτε</span> <span class='ocrx_word' id='word_1_228' title='bbox 658 3277 722 3357; x_wconf 83' lang='grc' dir='ltr'>τὸν</span> <span class='ocrx_word' id='word_1_229' title='bbox 743 3273 866 3372; x_wconf 89' lang='grc' dir='ltr'>πόνον,</span> <span class='ocrx_word' id='word_1_230' title='bbox 885 3275 977 3380; x_wconf 78' lang='grc' dir='ltr'>ἤπερ</span> <span class='ocrx_word' id='word_1_231' title='bbox 1004 3275 1079 3355; x_wconf 84' lang='grc' dir='ltr'>ὄντι</span> <span class='ocrx_word' id='word_1_232' title='bbox 1101 3279 1159 3356; x_wconf 87' lang='grc' dir='ltr'>καί</span> <span class='ocrx_word' id='word_1_233' title='bbox 1186 3308 1321 3357; x_wconf 78' lang='grc' dir='ltr'>νων-ο</span> 
     </span>
     <span class='ocr_line' id='line_1_26' title="bbox 45 3397 1293 3510; baseline 0.002 -31"><span class='ocrx_word' id='word_1_234' title='bbox 45 3424 83 3489; x_wconf 77' lang='lat'>25</span> <span class='ocrx_word' id='word_1_235' title='bbox 94 3397 188 3508; x_wconf 84' lang='grc' dir='ltr'>μένιρ</span> <span class='ocrx_word' id='word_1_236' title='bbox 215 3408 340 3510; x_wconf 72' lang='grc' dir='ltr'>γυμνῷ</span> <span class='ocrx_word' id='word_1_237' title='bbox 368 3405 425 3481; x_wconf 85' lang='grc' dir='ltr'>καί</span> <span class='ocrx_word' id='word_1_238' title='bbox 451 3400 533 3481; x_wconf 83' lang='grc' dir='ltr'>καθ’</span> <span class='ocrx_word' id='word_1_239' title='bbox 554 3399 679 3480; x_wconf 79' lang='grc' dir='ltr'>ἑαυτὸν</span> <span class='ocrx_word' id='word_1_240' title='bbox 701 3405 751 3507; x_wconf 73' lang='grc' dir='ltr'>τῷ</span> <span class='ocrx_word' id='word_1_241' title='bbox 771 3398 905 3506; x_wconf 79' lang='grc' dir='ltr'>Λύγῳ;</span> <span class='ocrx_word' id='word_1_242' title='bbox 938 3401 1047 3502; x_wconf 82' lang='grc' dir='ltr'>όνπερ</span> <span class='ocrx_word' id='word_1_243' title='bbox 1074 3401 1137 3479; x_wconf 83' lang='grc' dir='ltr'>οὖν</span> <span class='ocrx_word' id='word_1_244' title='bbox 1159 3401 1293 3505; x_wconf 88' lang='grc' dir='ltr'>τρόπον</span> 
     </span>
     <span class='ocr_line' id='line_1_27' title="bbox 93 3523 1293 3632; baseline 0.005 -30"><span class='ocrx_word' id='word_1_245' title='bbox 93 3525 133 3602; x_wconf 82' lang='grc' dir='ltr'>έν</span> <span class='ocrx_word' id='word_1_246' title='bbox 164 3525 235 3632; x_wconf 78' lang='grc' dir='ltr'>ἰδίᾳ</span> <span class='ocrx_word' id='word_1_247' title='bbox 268 3525 377 3630; x_wconf 87' lang='grc' dir='ltr'>φύσει</span> <span class='ocrx_word' id='word_1_248' title='bbox 410 3524 452 3605; x_wconf 85' lang='grc' dir='ltr'>τδ</span> <span class='ocrx_word' id='word_1_249' title='bbox 485 3523 604 3605; x_wconf 89' lang='grc' dir='ltr'>πάντα</span> <span class='ocrx_word' id='word_1_250' title='bbox 635 3523 813 3604; x_wconf 90' lang='grc' dir='ltr'>δύνασθαι</span> <span class='ocrx_word' id='word_1_251' title='bbox 843 3523 1066 3624; x_wconf 73' lang='grc' dir='ltr'>κεκτημένος,</span> <span class='ocrx_word' id='word_1_252' title='bbox 1094 3527 1153 3603; x_wconf 87' lang='grc' dir='ltr'>καί</span> <span class='ocrx_word' id='word_1_253' title='bbox 1186 3524 1293 3608; x_wconf 79' lang='grc' dir='ltr'>αὐτὸς</span> 
     </span>
     <span class='ocr_line' id='line_1_28' title="bbox 94 3643 1289 3752; baseline 0.001 -26"><span class='ocrx_word' id='word_1_254' title='bbox 94 3643 301 3751; x_wconf 81' lang='grc' dir='ltr'>ύπάρχωνή</span> <span class='ocrx_word' id='word_1_255' title='bbox 319 3645 464 3727; x_wconf 89' lang='grc' dir='ltr'>πάντων</span> <span class='ocrx_word' id='word_1_256' title='bbox 485 3646 589 3752; x_wconf 79' lang='grc' dir='ltr'>ἰσχύς</span> <span class='ocrx_word' id='word_1_257' title='bbox 607 3647 849 3728; x_wconf 86' lang='grc' dir='ltr'>κεκοπιακέναι</span> <span class='ocrx_word' id='word_1_258' title='bbox 870 3647 1025 3750; x_wconf 87' lang='grc' dir='ltr'>λέγεται·</span> <span class='ocrx_word' id='word_1_259' title='bbox 1056 3646 1106 3746; x_wconf 76' lang='grc' dir='ltr'>μὴ</span> <span class='ocrx_word' id='word_1_260' title='bbox 1124 3645 1198 3750; x_wconf 87' lang='grc' dir='ltr'>γάρ</span> <span class='ocrx_word' id='word_1_261' title='bbox 1215 3681 1289 3746; x_wconf 90' lang='grc' dir='ltr'>μοι,</span> 
     </span>
     <span class='ocr_line' id='line_1_29' title="bbox 93 3766 1292 3876; baseline 0.003 -28"><span class='ocrx_word' id='word_1_262' title='bbox 93 3766 145 3868; x_wconf 81' lang='grc' dir='ltr'>μὴ</span> <span class='ocrx_word' id='word_1_263' title='bbox 175 3767 295 3876; x_wconf 86' lang='grc' dir='ltr'>διέλης</span> <span class='ocrx_word' id='word_1_264' title='bbox 327 3775 374 3853; x_wconf 86' lang='grc' dir='ltr'>εἰς</span> <span class='ocrx_word' id='word_1_265' title='bbox 408 3775 492 3850; x_wconf 85' lang='grc' dir='ltr'>υἱῶν</span> <span class='ocrx_word' id='word_1_266' title='bbox 520 3769 632 3850; x_wconf 84' lang='grc' dir='ltr'>δυάδα</span> <span class='ocrx_word' id='word_1_267' title='bbox 664 3769 727 3850; x_wconf 81' lang='grc' dir='ltr'>τὸν</span> <span class='ocrx_word' id='word_1_268' title='bbox 760 3771 822 3849; x_wconf 80' lang='grc' dir='ltr'>ἕνα</span> <span class='ocrx_word' id='word_1_269' title='bbox 855 3771 1031 3871; x_wconf 84' lang='grc' dir='ltr'>Χριστὸν,</span> <span class='ocrx_word' id='word_1_270' title='bbox 1060 3768 1126 3850; x_wconf 82' lang='grc' dir='ltr'>κᾶν</span> <span class='ocrx_word' id='word_1_271' title='bbox 1153 3768 1200 3848; x_wconf 88' lang='grc' dir='ltr'>τιί</span> <span class='ocrx_word' id='word_1_272' title='bbox 1228 3775 1292 3869; x_wconf 77' lang='grc' dir='ltr'>τῆς</span> 
     </span>
     <span class='ocr_line' id='line_1_30' title="bbox 94 3889 1292 3994; baseline 0.002 -24"><span class='ocrx_word' id='word_1_273' title='bbox 94 3889 369 3994; x_wconf 86' lang='grc' dir='ltr'>άνθρωπότητος</span> <span class='ocrx_word' id='word_1_274' title='bbox 405 3898 454 3976; x_wconf 89' lang='grc' dir='ltr'>εἰς</span> <span class='ocrx_word' id='word_1_275' title='bbox 490 3891 616 3973; x_wconf 81' lang='grc' dir='ltr'>ἑαυτὸν</span> <span class='ocrx_word' id='word_1_276' title='bbox 647 3898 832 3973; x_wconf 85' lang='grc' dir='ltr'>οἰκειοῦται</span> <span class='ocrx_word' id='word_1_277' title='bbox 864 3892 976 3993; x_wconf 84' lang='grc' dir='ltr'>πάθη·</span> <span class='ocrx_word' id='word_1_278' title='bbox 1026 3894 1139 3972; x_wconf 88' lang='grc' dir='ltr'>καίτοι</span> <span class='ocrx_word' id='word_1_279' title='bbox 1175 3891 1292 3992; x_wconf 88' lang='grc' dir='ltr'>μένων</span> 
     </span>
    </p>
   </div>
   <div class='ocr_carea' id='block_1_3' title="bbox 1338 1672 1465 1788">
    <p class='ocr_par' dir='ltr' id='par_1_3' title="bbox 1338 1672 1465 1788">
     <span class='ocr_line' id='line_1_31' title="bbox 1339 1672 1382 1722; baseline -0.023 0"><span class='ocrx_word' id='word_1_280' title='bbox 1339 1672 1382 1722; x_wconf 85' lang='grc' dir='ltr'>Ρι.</span> 
     </span>
     <span class='ocr_line' id='line_1_32' title="bbox 1338 1738 1465 1788; baseline -0.008 0"><span class='ocrx_word' id='word_1_281' title='bbox 1338 1738 1465 1788; x_wconf 73' lang='lat' dir='ltr'><strong>mima.</strong></span> 
     </span>
    </p>
   </div>
   <div class='ocr_carea' id='block_1_4' title="bbox 95 4091 1294 4423">
    <p class='ocr_par' dir='ltr' id='par_1_4' title="bbox 95 4091 1294 4423">
     <span class='ocr_line' id='line_1_33' title="bbox 133 4091 1292 4162; baseline 0.001 -16"><span class='ocrx_word' id='word_1_282' title='bbox 133 4107 156 4147; x_wconf 85' lang='lat'>1.</span> <span class='ocrx_word' id='word_1_283' title='bbox 177 4091 387 4162; x_wconf 83' lang='grc' dir='ltr'>ι’πανοπαύσηται</span> <span class='ocrx_word' id='word_1_284' title='bbox 400 4094 436 4149; x_wconf 88' lang='grc' dir='ltr'>Ι).</span> <span class='ocrx_word' id='word_1_285' title='bbox 449 4091 655 4150; x_wconf 81' lang='grc' dir='ltr'>ε’παναπαύσεται</span> <span class='ocrx_word' id='word_1_286' title='bbox 672 4092 772 4147; x_wconf 79' lang='lat' dir='ltr'><strong>habent</strong></span> <span class='ocrx_word' id='word_1_287' title='bbox 789 4110 813 4148; x_wconf 78' lang='lat' dir='ltr'>a.</span> <span class='ocrx_word' id='word_1_288' title='bbox 831 4091 913 4147; x_wconf 86' lang='lat' dir='ltr'>Cord.</span> <span class='ocrx_word' id='word_1_289' title='bbox 926 4092 1111 4148; x_wconf 82' lang='grc' dir='ltr'>ἰπαναπαύεται</span> <span class='ocrx_word' id='word_1_290' title='bbox 1127 4102 1154 4147; x_wconf 81' lang='lat' dir='ltr'>et</span> <span class='ocrx_word' id='word_1_291' title='bbox 1171 4093 1292 4147; x_wconf 80' lang='grc' dir='ltr'>καταλύει</span> 
     </span>
     <span class='ocr_line' id='line_1_34' title="bbox 95 4161 1290 4284; baseline 0 -67"><span class='ocrx_word' id='word_1_292' title='bbox 95 4161 130 4218; x_wconf 89' lang='grc' dir='ltr'>Β.</span> <span class='ocrx_word' id='word_1_293' title='bbox 143 4229 232 4274; x_wconf 49' lang='lat' dir='ltr'>mv</span> <span class='ocrx_word' id='word_1_294' title='bbox 295 4182 321 4230; x_wconf 87' lang='grc'><strong>4.</strong></span> <span class='ocrx_word' id='word_1_295' title='bbox 339 4167 463 4237; x_wconf 78' lang='grc' dir='ltr'>παράσχῃ</span> <span class='ocrx_word' id='word_1_296' title='bbox 476 4183 500 4220; x_wconf 84' lang='lat' dir='ltr'>a.</span> <span class='ocrx_word' id='word_1_297' title='bbox 668 4164 694 4219; x_wconf 92' lang='grc'><strong>6.</strong></span> <span class='ocrx_word' id='word_1_298' title='bbox 711 4163 916 4284; x_wconf 50' lang='grc' dir='ltr'>καὶτοηηηοῃίο)</span> <span class='ocrx_word' id='word_1_299' title='bbox 929 4162 1011 4220; x_wconf 79' lang='lat' dir='ltr'><strong>cord.</strong></span> <span class='ocrx_word' id='word_1_300' title='bbox 1023 4162 1162 4234; x_wconf 76' lang='grc' dir='ltr'>ιιιίντούτφ</span> <span class='ocrx_word' id='word_1_301' title='bbox 1174 4162 1290 4218; x_wconf 76' lang='lat' dir='ltr'><strong>habeta.</strong></span> 
     </span>
     <span class='ocr_line' id='line_1_35' title="bbox 96 4280 1290 4354; baseline -0.001 -16"><span class='ocrx_word' id='word_1_302' title='bbox 96 4295 122 4353; x_wconf 78' lang='lat'>7.</span> <span class='ocrx_word' id='word_1_303' title='bbox 140 4282 297 4354; x_wconf 78' lang='grc' dir='ltr'>όγαπῶισων</span> <span class='ocrx_word' id='word_1_304' title='bbox 310 4283 343 4337; x_wconf 88' lang='grc' dir='ltr'>Β.</span> <span class='ocrx_word' id='word_1_305' title='bbox 390 4305 421 4337; x_wconf 86' lang='grc' dir='ltr'>κα</span> <span class='ocrx_word' id='word_1_306' title='bbox 518 4284 542 4351; x_wconf 87' lang='grc' dir='ltr'>ἰη</span> <span class='ocrx_word' id='word_1_307' title='bbox 555 4300 579 4339; x_wconf 79' lang='grc' dir='ltr'>α.</span> <span class='ocrx_word' id='word_1_308' title='bbox 729 4300 756 4353; x_wconf 83' lang='grc'><strong>9.</strong></span> <span class='ocrx_word' id='word_1_309' title='bbox 774 4283 925 4338; x_wconf 83' lang='grc' dir='ltr'>ε’πιθόλπειν</span> <span class='ocrx_word' id='word_1_310' title='bbox 937 4282 970 4337; x_wconf 92' lang='grc' dir='ltr'><strong>Β.</strong></span> <span class='ocrx_word' id='word_1_311' title='bbox 1123 4298 1165 4338; x_wconf 84' lang='lat'>10.</span> <span class='ocrx_word' id='word_1_312' title='bbox 1183 4280 1290 4352; x_wconf 81' lang='grc' dir='ltr'>Κύρων]</span> 
     </span>
     <span class='ocr_line' id='line_1_36' title="bbox 95 4305 1294 4423; baseline 0 -16"><span class='ocrx_word' id='word_1_313' title='bbox 95 4355 211 4423; x_wconf 79' lang='grc' dir='ltr'>Χριστὸν</span> <span class='ocrx_word' id='word_1_314' title='bbox 224 4352 257 4407; x_wconf 90' lang='grc' dir='ltr'><strong>Β.</strong></span> <span class='ocrx_word' id='word_1_315' title='bbox 305 4305 635 4422; x_wconf 44' lang='grc' dir='ltr'>ιὶληθεύοιγΒΒῖαληθεύη</span> <span class='ocrx_word' id='word_1_316' title='bbox 648 4352 699 4407; x_wconf 81' lang='lat' dir='ltr'>Ed.</span> <span class='ocrx_word' id='word_1_317' title='bbox 796 4366 838 4408; x_wconf 81' lang='lat'>11.</span> <span class='ocrx_word' id='word_1_318' title='bbox 855 4351 911 4407; x_wconf 84' lang='grc' dir='ltr'>α’ντί</span> <span class='ocrx_word' id='word_1_319' title='bbox 924 4352 957 4407; x_wconf 91' lang='grc' dir='ltr'><strong>Β.</strong></span> <span class='ocrx_word' id='word_1_320' title='bbox 970 4351 1022 4407; x_wconf 77' lang='grc' dir='ltr'>ἄντ’</span> <span class='ocrx_word' id='word_1_321' title='bbox 1037 4350 1089 4406; x_wconf 83' lang='lat' dir='ltr'>Ed.</span> <span class='ocrx_word' id='word_1_322' title='bbox 1186 4368 1230 4407; x_wconf 83' lang='lat'>12.</span> <span class='ocrx_word' id='word_1_323' title='bbox 1248 4351 1294 4407; x_wconf 69' lang='grc' dir='ltr'>οὖν</span> 
     </span>
    </p>
   </div>
   <div class='ocr_carea' id='block_1_5' title="bbox 95 4422 1293 4564">
    <p class='ocr_par' dir='ltr' id='par_1_5' title="bbox 95 4422 1293 4564">
     <span class='ocr_line' id='line_1_37' title="bbox 95 4422 1293 4494; baseline 0.002 -17"><span class='ocrx_word' id='word_1_324' title='bbox 95 4439 151 4477; x_wconf 87' lang='lat' dir='ltr'>om.</span> <span class='ocrx_word' id='word_1_325' title='bbox 165 4423 196 4476; x_wconf 93' lang='grc' dir='ltr'><strong>Β.</strong></span> <span class='ocrx_word' id='word_1_326' title='bbox 286 4437 327 4493; x_wconf 90' lang='lat'>15.</span> <span class='ocrx_word' id='word_1_327' title='bbox 345 4422 510 4494; x_wconf 77' lang='grc' dir='ltr'>μίνούνγιίρ</span> <span class='ocrx_word' id='word_1_328' title='bbox 524 4423 556 4478; x_wconf 90' lang='grc' dir='ltr'>Β.</span> <span class='ocrx_word' id='word_1_329' title='bbox 642 4436 684 4493; x_wconf 78' lang='lat'>17.</span> <span class='ocrx_word' id='word_1_330' title='bbox 703 4424 856 4479; x_wconf 74' lang='grc' dir='ltr'>κεκοπιακὼς</span> <span class='ocrx_word' id='word_1_331' title='bbox 870 4423 902 4478; x_wconf 89' lang='grc' dir='ltr'><strong>Β.</strong></span> <span class='ocrx_word' id='word_1_332' title='bbox 949 4422 1001 4478; x_wconf 84' lang='grc' dir='ltr'>άπδ</span> <span class='ocrx_word' id='word_1_333' title='bbox 1014 4422 1047 4478; x_wconf 93' lang='grc' dir='ltr'><strong>Β.</strong></span> <span class='ocrx_word' id='word_1_334' title='bbox 1095 4422 1293 4493; x_wconf 71' lang='grc' dir='ltr'>τοκτούτο(εἰα)</span> 
     </span>
     <span class='ocr_line' id='line_1_38' title="bbox 96 4492 1089 4564; baseline 0.001 -16"><span class='ocrx_word' id='word_1_335' title='bbox 96 4493 311 4564; x_wconf 56' lang='lat' dir='ltr'>prostratam</span> <span class='ocrx_word' id='word_1_336' title='bbox 325 4492 358 4548; x_wconf 91' lang='grc' dir='ltr'><strong>Β.</strong></span> <span class='ocrx_word' id='word_1_337' title='bbox 463 4494 506 4548; x_wconf 81' lang='lat'>28.</span> <span class='ocrx_word' id='word_1_338' title='bbox 524 4494 560 4563; x_wconf 72' lang='grc' dir='ltr'>μὴ</span> <span class='ocrx_word' id='word_1_339' title='bbox 572 4502 740 4563; x_wconf 68' lang='lat' dir='ltr'><strong>assumptum</strong></span> <span class='ocrx_word' id='word_1_340' title='bbox 752 4510 785 4546; x_wconf 82' lang='lat' dir='ltr'>ex</span> <span class='ocrx_word' id='word_1_341' title='bbox 800 4492 832 4548; x_wconf 89' lang='grc' dir='ltr'><strong>Β.</strong></span> <span class='ocrx_word' id='word_1_342' title='bbox 879 4493 926 4547; x_wconf 72' lang='grc' dir='ltr'>κᾶν</span> <span class='ocrx_word' id='word_1_343' title='bbox 939 4492 972 4549; x_wconf 91' lang='grc' dir='ltr'><strong>Β.</strong></span> <span class='ocrx_word' id='word_1_344' title='bbox 984 4496 1025 4548; x_wconf 75' lang='grc' dir='ltr'>καὶ</span> <span class='ocrx_word' id='word_1_345' title='bbox 1040 4493 1089 4550; x_wconf 85' lang='lat' dir='ltr'>Ed.</span> 
     </span>
    </p>
   </div>
   <div class='ocr_carea' id='block_1_6' title="bbox 141 4593 735 4640">
    <p class='ocr_par' dir='ltr' id='par_1_6' title="bbox 141 4593 735 4640">
     <span class='ocr_line' id='line_1_39' title="bbox 141 4593 735 4640; baseline -0.003 0"><span class='ocrx_word' id='word_1_346' title='bbox 141 4593 211 4640; x_wconf 67' lang='lat' dir='ltr'><strong>voh.</strong></span> <span class='ocrx_word' id='word_1_347' title='bbox 229 4595 252 4640; x_wconf 90' lang='lat'>1.</span> <span class='ocrx_word' id='word_1_348' title='bbox 661 4593 685 4639; x_wconf 79' lang='lat' dir='ltr'>u</span> <span class='ocrx_word' id='word_1_349' title='bbox 701 4595 735 4638; x_wconf 82' lang='lat' dir='ltr'><strong>m</strong></span> 
     </span>
    </p>
   </div>
   <div class='ocr_carea' id='block_1_7' title="bbox 0 0 1533 5018">
    <p class='ocr_par' dir='ltr' id='par_1_7' title="bbox 0 0 1533 5018">
     <span class='ocr_line' id='line_1_40' title="bbox 0 0 1533 5018; baseline 0 0"><span class='ocrx_word' id='word_1_350' title='bbox 0 0 1533 5018; x_wconf 95' lang='lat' dir='ltr'> </span> 
     </span>
    </p>
   </div>
  </div>
 </body>
</html>
