3038 5018
256 285 322 349 250
561 289 601 354 Β.
623 289 832 355 CYRILLI
863 286 1151 353 ALEXANDR.
1347 280 1461 367 ἰίἱι33ε

258 449 313 529 ὅτι
330 449 395 536 τὰς
414 451 536 534 θεόθεν
554 457 602 539 ῶς
619 455 712 554 ἡμᾶς
731 452 924 556 διεκόμιζον
941 459 974 534 οἱ
994 457 1179 560 προφῆται
1201 446 1350 556 φωναῖς;
1381 442 1462 525 εἶτα

231 574 298 654 οτί
312 574 355 654 τό
374 574 554 682 ἐξαίρετον
572 581 610 658 ἐν
625 585 702 686 Υίφ
719 588 826 659 τοῦτο
843 577 931 658 αῦτδ
948 586 1147 680 πληροῦντι
1165 572 1299 675 μόνους
1327 577 1405 655 πῶς
1422 568 1464 687 δὲ

260 697 380 779 ε’ποίνω
406 701 553 781 πάντων
570 704 680 800 ἐστὶν,
698 708 727 782 εἰ
745 701 949 808 προφήταις
966 702 1016 782 ἔτι
1035 698 1278 796 συντάττεται,
1295 699 1354 778 καῖ
1373 699 1461 775 δον·

261 831 439 924 λοπρεπεῖ
452 826 710 928 περιβέβληται
734 827 876 934 μέτρερ,
905 832 984 910 πῶς
1007 825 1046 907 δὲ
1071 829 1119 909 ῶς
1144 824 1292 906 ἐκείνους
1315 822 1353 901 ἐν
1372 815 1465 925 δόξῃ

261 956 486 1028 πλεονεκτῶν
514 953 551 1029 ε’ν
579 952 800 1052 εὐαγγελίοις
827 951 944 1057 φησίν
971 960 993 996 “
1009 954 1054 1029 Εἰ
1080 950 1231 1031 ἐκείνους
1257 942 1333 1027 εἶπε
1359 938 1498 1028 θεοῦςὸ

262 1081 284 1119 “
302 1075 393 1175 πρὸς
429 1072 490 1155 οῦς
528 1075 548 1152 ό
587 1073 698 1174 λόγος
735 1082 799 1155 τοῦ
830 1079 927 1155 Θεοῦ
961 1071 1109 1175 ἐγίνετο,
1141 1074 1200 1150 καὶ
1237 1071 1279 1149 οῦ
1316 1067 1466 1148 δύναται

262 1205 285 1243 “
304 1199 453 1295 λυθῆναι
480 1197 502 1296 ῆ
529 1196 664 1304 γραφή,
683 1195 763 1276 δνὸ
786 1197 915 1300 Πατῆρ
939 1197 1071 1298 ῆγίασε
1096 1198 1155 1275 καὶ
1181 1194 1394 1275 ἁπεῖττειλεν
1413 1195 1466 1274 είς

263 1329 285 1367 “
302 1317 367 1398 τὸν
389 1321 529 1419 κόσμον
553 1323 650 1420 ὑμεῖς
676 1321 799 1422 λε’γετε
823 1320 878 1400 ὅτι
904 1327 1151 1425 βλασφημεῖς,
1176 1318 1231 1399 ότι
1258 1313 1358 1396 εἷπον
1376 1313 1468 1397 Υἱός

263 1453 286 1490 “
304 1449 372 1541 εἶμι
390 1453 455 1524 τοῦ
473 1450 569 1525 Θεοῦ
582 1445 616 1541 ;”
646 1443 772 1524 ἑαυτὸν
789 1442 861 1547 γὰρ
880 1445 918 1522 ἐν
935 1443 1073 1527 τούτοις
1097 1441 1309 1544 ἀποδιορίζει
1331 1443 1470 1544 σαφῶς

264 1571 329 1665 τῆς
355 1575 428 1648 τῶν
452 1575 652 1674 προφητῶν
676 1567 820 1671 ἀγέλης,
845 1571 902 1647 καὶ
931 1566 1032 1652 θεοῦς
1058 1565 1124 1668 μὲν
1149 1563 1277 1648 αῦτοῦς
1304 1596 1467 1644 κατωνο·
1487 1594 1517 1646 1.-

266 1687 405 1784 μάσθαι
434 1695 539 1798 φησὶ,
568 1691 626 1772 διὰ
654 1690 696 1771 τὸ
724 1693 891 1794 γενέσθαι
918 1689 1009 1796 πρὸς
1037 1689 1164 1773 αὐτοῦς
1192 1686 1255 1770 τόν
1279 1694 1343 1767 τοῦ
1371 1691 1472 1766 Θεοῦ

234 1811 401 1915 (ἰΛόγον,
417 1815 545 1894 ἑαυτὸν
563 1816 601 1896 δὲ
619 1814 709 1896 Υῖδν
729 1818 909 1919 ὁμολογεῖ.
950 1821 1023 1898 τοῖς
1048 1814 1114 1911 μὲν
1135 1812 1208 1917 γὰρ
1233 1813 1347 1914 ἁγίας
1371 1843 1469 1911 προ.-

268 1936 398 2039 φήταις
415 1938 538 2040 μερικῆ
558 1939 616 2020 διὰ
634 1949 698 2020 τοῦ
719 1939 929 2039 Πνεῦματος
947 1938 1135 2039 διενεμήθη
1154 1937 1267 2042 χάρις·
1295 1937 1334 2015 ε’ν
1352 1933 1391 2014 δὲ
1417 1937 1472 2041 τῷ

99 2061 220 2126 ⁰⁰ffi·⁹·
268 2064 409 2164 Σωτῆρι
437 2066 589 2171 Χριστῷ
619 2071 693 2144 πᾶν
720 2062 762 2145 τό
789 2063 971 2167 πλήρωμα
1003 2068 1067 2162 τῆς
1097 2060 1265 2161 θεότητος
1296 2056 1472 2157 εόδόκησε

99 2176 182 2293 5¹1¹?
267 2189 478 2284 κατοικῆσαι
496 2195 722 2285 σωματικῶς,
743 2191 791 2273 ὡς
809 2188 829 2267 δ
849 2185 998 2272 Παῦλός
1017 2192 1124 2292 φησι·
1155 2185 1290 2265 διὸκαὶ
1308 2185 1380 2262 “εἰι
1404 2189 1472 2261 τοῦ
1487 2217 1519 2258 1·

267 2317 289 2355 ‘⁴
307 2308 549 2408 πληρώματος
568 2311 677 2389 αῦτοῦ
695 2311 827 2394 πάντες
844 2309 1057 2408 ε’λάβομεν,”
1078 2312 1127 2394 ῶς
1143 2307 1311 2407 Ἰωάννης
1329 2307 1473 2410 δασχυ-

266 2431 408 2531 ρίσατο.
448 2439 525 2517 πῶς
543 2435 607 2512 οῦν
624 2435 662 2512 ε’ν
681 2434 861 2540 ίσομίτρερ
879 2441 954 2518 τοῖς
976 2431 1229 2530 λαμβάνουσα
1247 2433 1267 2510 ό
1292 2426 1425 2527 διδοῦς’,
1447 2427 1472 2529 ἢ

268 2561 345 2638 πῶς
376 2557 413 2633 ἐν
440 2562 485 2660 τῆ
517 2565 580 2635 τοῦ
609 2562 855 2642 διακονοῦντος
882 2556 1158 2664 κατατετάξεται
1191 2556 1301 2661 μοίρᾳ
1330 2551 1375 2633 τδ
1406 2557 1474 2654 τῆς

270 2676 436 2778 θεότητος
463 2676 646 2781 πλήρωμα
658 2713 669 2776 ;

242 2822 260 2865 0
329 2804 643 2906 Περιοθρείτωσαν
661 2805 780 2884 τοίνυν
802 2806 969 2900 ἐντεῦθεν,
989 2811 1037 2889 εἷς
1061 2803 1155 2903 ὅσην
1177 2797 1295 2887 αὐτοῖς
1321 2803 1473 2883 ἆποκιν·
1515 2857 1519 2875 ·

273 2927 434 3007 δυνεόσει
453 2928 665 3034 δυσφημίαν
683 2928 703 3007 ό
722 2926 843 3029 λόγος.
882 2932 938 3007 καὶ
964 2930 1044 3008 τίνα
1061 2926 1126 3026 μὲν
1144 2925 1280 3028 τρόπον
1296 2925 1477 3028 προσῆκει

105 3027 216 3154 iffi„
274 3059 433 3134 νοεῖσθαι
462 3052 504 3133 τό
533 3064 556 3100 “
572 3051 656 3133 Ἀπ’
685 3053 840 3151 ε’μαυτοῦ
868 3053 910 3130 οῦ
938 3059 1053 3150 λαλῶ,
1082 3049 1167 3131 ἀλλ’
1196 3052 1216 3130 ό
1247 3051 1398 3156 πέμψας
1430 3086 1478 3149 με

106 3160 150 3209 'fi‘
163 3174 204 3224 ⁴⁹·
275 3188 296 3223 ‘⁶
316 3176 455 3277 Πατὴρ,
475 3175 580 3262 αῦτός
601 3211 663 3275 μοι
680 3174 831 3274 ε’ντολῆν
850 3174 978 3255 δέδωκε
997 3177 1035 3254 τί
1049 3175 1136 3256 εἴπω
1155 3178 1214 3254 καὶ
1231 3176 1269 3254 τί
1284 3174 1477 3274 λαλήσω,”

107 3291 232 3412 haupt,
275 3301 501 3404 πλατύτερον
538 3305 576 3381 ἐν
613 3304 688 3408 ίδίῳ
732 3305 843 3407 καιρῷ
883 3305 941 3379 καὶ
983 3300 1085 3407 τόπερ
1126 3298 1476 3401 διερμηνευθήσεται.

126 3423 166 3471 8·
277 3429 405 3529 χρῆναι
431 3423 467 3504 δὲ
493 3421 590 3522 οἶμαι
615 3422 707 3527 πρὸς
732 3420 774 3503 τδ
802 3422 919 3527 παρόν
938 3423 1109 3503 ὑπόθεσιν
1126 3422 1309 3518 εὐσεβείας
1332 3419 1378 3501 τὰ
1401 3428 1510 3508 τῶν,

109 3577 171 3632 168
182 3574 221 3630 ι
247 3548 443 3628 ιε’ναντίων
460 3553 641 3627 ποιεῖσθαι
658 3545 916 3650 προβλήματα,
935 3551 994 3626 καὶ
1018 3547 1062 3654 ἐξ
1081 3542 1130 3625 ῶν
1148 3547 1272 3626 ἐκεῖνοι
1288 3545 1476 3648 πρεσβεύ-

277 3705 371 3768 ουσι,
390 3677 463 3754 τοῖς
480 3674 543 3769 τῆς
561 3672 783 3770 Ἐκκλησίας
800 3672 1098 3772 ἐπαγωνίσασθαι
1116 3669 1309 3772 δόγμασιν.
1347 3669 1480 3750 οῦκοῦν

276 3793 424 3878 ἐντολὰς
451 3795 517 3893 μὲν
543 3796 727 3902 εἰληφέναι
759 3793 860 3896 παρὰ
890 3801 955 3874 τοῦ
984 3791 1140 3896 Πατρός,
1168 3798 1227 3873 καὶ
1255 3799 1383 3873 λαλεῖν
1410 3793 1478 3900 ἀφ’

277 3923 404 4000 ἑαυτοῦ
427 3917 548 4017 μηδὲν,
566 3915 840 4022 διισχυρίζονται
865 3916 929 3997 τὸν
946 3916 1047 3997 Υῖόν·
1077 3916 1152 3997 ὅσα
1176 3916 1214 3997 δὲ
1237 3918 1408 4016 ἤκουσεν,
1429 3920 1481 4003 ὥς

278 4040 384 4126 αῦτός
407 4075 478 4121 που
504 4044 609 4147 φησὶ,
629 4049 741 4119 ταῦτα
764 4042 822 4119 καὶ
845 4040 928 4139 ἡμῖν
947 4039 1150 4142 ἐπείγεσθαι
1168 4038 1299 4140 λε’γειν.
1339 4047 1478 4140 καλῶς,
1496 4087 1514 4146 3

279 4164 387 4271 ἔχε’τω
406 4168 463 4244 καῖ
482 4169 575 4270 τῆδε·
605 4161 863 4263 συνθησόμεθα
881 4163 962 4267 γὰρ,
977 4160 1076 4245 οῦδὲν
1094 4167 1307 4261 ἀδικοῦντος,
1326 4163 1420 4244 κατοῖ
1439 4199 1482 4268 γε

319 4399 341 4435 1.
361 4381 407 4452 ὡς]
421 4382 457 4438 εἷς
471 4382 502 4436 Β.
611 4401 636 4438 2.
655 4387 731 4438 τοῦτο
745 4384 784 4437 καὶ
796 4384 864 4454 αὐτῷ
879 4383 911 4437 Β.
1019 4398 1043 4454 7.
1062 4383 1143 4451 ἦσαν.
1158 4383 1191 4437 Β.
1296 4400 1338 4438 12.
1356 4385 1485 4457 ὁμολογεῖ

281 4452 411 4575 (Ιφῐὼθῃεεουις
408 4453 478 4576 λέγει
493 4454 543 4508 Ed.
670 4469 712 4524 17.
730 4451 781 4526 ίσῳ
792 4454 878 4526 μέτρῳ
892 4454 927 4508 D.
1045 4471 1088 4509 21.
1108 4454 1222 4509 νοεῖσθαι
1234 4454 1362 4524 προσήκει
1373 4455 1485 4513 inmo
