3038 5018
249 291 312 353 118
550 291 589 354 ο.
612 288 821 354 cmm
850 289 1139 354 ALEXANDR.
1318 289 1338 352 i.
1352 311 1382 374 9,
1396 309 1445 351 10.

247 451 410 555 κάζεται;
440 462 563 555 καιροῦ
587 453 625 533 δέ
650 462 714 533 τοῦ
741 452 939 555 πρέποντος
961 453 1024 532 οὐκ
1043 449 1088 532 ἂν
1106 451 1258 555 ἁμάρτοι
1277 449 1319 530 τὸ
1338 459 1443 546 θεῖον,

247 577 332 654 ἀλλ’
353 576 429 656 οὐδ’
450 574 495 655 ἂν
514 575 681 676 ἀδικήσαι
699 575 786 656 ποτέ
804 575 846 655 τδ
865 579 995 655 ἀδικεῖν
1014 577 1056 655 οὐ
1075 573 1242 683 πεφυκός.
1281 575 1447 675 εὐκαίρως

248 700 319 803 άρα
337 704 395 779 καὶ
414 701 555 785 δικαίως
572 698 663 798 μετὰ
682 696 819 803 σαρκὸς
837 697 878 778 τὸ
896 697 947 799 μὴ
966 697 1181 801 ἁμαρτάνειν
1195 698 1447 796 άπαιτοιίμεθα,

247 821 370 924 μόνον’
386 823 526 928 ἔχοντες
553 831 680 903 τοῦτον
706 829 772 902 τοῦ
804 819 892 901 εἶναι
923 820 987 903 τὸν
1015 821 1147 924 καιρὸν,
1177 824 1260 902 καθ’
1290 820 1332 902 δν
1358 821 1448 920 μετὰ

247 947 417 1046 σώματος
456 955 501 1032 εἰς
533 949 584 1027 τόν
618 947 741 1049 κόσμον
773 947 950 1054 ἐρχόμεθα,
983 946 1025 1025 τὸ
1057 943 1107 1045 μὴ
1140 943 1228 1025 εἶναι
1263 944 1481 1047 πρότερον,5

80 1084 176 1162 ⁸04
218 1069 373 1172 adom
410 1068 490 1148 τινὰ
521 1067 634 1149 τόπον
668 1066 1007 1168 καταλιμπάνοντες,
1040 1072 1099 1149 καὶ
1135 1069 1179 1176 ἐξ
1212 1069 1320 1148 αὑτοῦ
1357 1067 1447 1171 πρὸς

248 1192 435 1299 ὑπάρξεως
452 1190 568 1297 ἀρχὴν
587 1190 851 1291 μεθιστάμενοι.

303 1319 337 1395 δ.
368 1347 469 1394 ΑΛΛο.
500 1322 614 1395 Ποῖον
638 1316 708 1420 ἔχει
736 1314 859 1417 λόγον,
878 1315 1021 1419 ἐροίμην
1046 1315 1090 1394 ἂν
1112 1316 1221 1415 ἡδέως
1249 1314 1385 1412 αὐτοὺς,
1404 1315 1446 1396 τὸ

246 1438 514 1543 ἁμαρτήσασαν
527 1437 599 1541 πρὸ
618 1438 799 1538 σωμάτων
813 1445 861 1524 είς
879 1426 1213 1538 σῶμαπέμπεσθαι
1231 1437 1296 1537 τὴν
1311 1437 1446 1545 ψυχὴν,

245 1563 304 1642 ἵνα
329 1564 372 1663 δὴ
397 1561 505 1662 μάθοι
530 1568 575 1668 τῇ
599 1564 704 1668 πείρᾳ
729 1568 802 1647 τῶν
826 1564 960 1642 οἰκείων
984 1564 1178 1660 ἐπιθυμιῶν
1201 1561 1268 1661 τὴν
1291 1564 1442 1668 αἱσχρό-
1465 1592 1503 1631 10

246 1721 359 1785 τητα;
399 1690 459 1766 καὶ
490 1695 604 1766 ταῦτα
636 1685 707 1789 γάρ
736 1687 800 1765 οὐκ
827 1687 1038 1790 ἐρυθριῶσιν
1065 1684 1305 1792 ἐξηγούμενοι,
1333 1689 1447 1767 καίτοι

246 1817 391 1910 μᾶλλον
409 1812 517 1914 ἐχρὴν
536 1813 594 1888 καὶ
620 1810 728 1907 αὐτῆς
752 1814 816 1909 τῆς
839 1815 913 1888 τῶν
931 1815 1050 1888 κακῶν
1068 1809 1278 1914 ἐξέλκεσθαι
1302 1817 1443 1916 φαντα-

246 1934 329 2017 σίας
362 1932 482 2032 αὖτὴν,
512 1934 570 2013 καὶ
603 1934 667 2012 οὐκ
700 1938 747 2017 είς
780 1930 889 2012 αὐτόν
916 1938 1155 2012 κατωθεῖσθαι
1187 1939 1259 2013 τῶν
1287 1930 1446 2013 ἐκτόπων

245 2057 382 2157 ἡδονῶν
418 2056 483 2136 τὸν
516 2056 692 2155 πυθμένα·
741 2053 875 2159 τρόπος
911 2054 983 2159 γάρ
1015 2053 1072 2155 Ιἦν
1109 2056 1295 2159 θεραπείας
1335 2058 1445 2135 ἐκεῖνο

211 2203 233 2268 b
244 2179 431 2281 μᾶλλσνῆ
457 2188 575 2260 τοῦτο.
616 2185 644 2258 εί
670 2175 736 2276 μέν
756 2180 818 2258 οὖν
836 2179 895 2258 ἵνα
919 2186 996 2264 ταῖς
1020 2187 1085 2258 τοῦ
1110 2180 1280 2278 σώματος
1304 2180 1444 2278 ἡδοναῖς
1462 2208 1500 2268 15

245 2301 455 2410 ἐντρυφὴση
474 2304 687 2405 προσθήκην
707 2303 777 2406 ἔχει
797 2299 1012 2401 νοσημάτων
1025 2300 1091 2402 τὴν
1106 2301 1305 2404 σάρκωσιν,
1319 2304 1382 2383 οὐκ
1400 2305 1445 2383 άν

245 2460 299 2509 τις
324 2425 507 2505 ἐπαινέσαι
531 2425 594 2506 τὸν
617 2422 887 2532 σωφρονιστὴν,
906 2427 948 2504 δι’
970 2422 1020 2505 ῶν
1043 2429 1196 2531 ὠφελεῖν
1220 2427 1445 2525 ὑπετόπησεν

245 2551 434 2629 ἀδικοῦντα
462 2547 503 2629 τὸ
532 2548 733 2648 νενοσηκός·
779 2554 808 2626 εί
839 2548 876 2628 δέ
905 2549 963 2628 ἵνα
989 2548 1173 2648 παύσηται
1201 2556 1273 2627 τῶν
1302 2557 1441 2646 παθῶν,

245 2680 322 2756 πῶς
351 2678 399 2756 είς
423 2671 508 2751 αὐτὸ
534 2681 702 2753 πεσοῦσα
727 2676 791 2771 τῆς
815 2672 999 2770 ἐπιθυμίας
1023 2670 1065 2752 τδ
1093 2670 1207 2768 βάθος
1234 2674 1445 2753 ἀνακύπτειν

245 2797 401 2893 ἐδύνατο,
421 2799 479 2876 καὶ
497 2797 575 2902 οὐχὶ
597 2803 742 2894 μᾶλλον
760 2800 819 2876 καὶ
842 2793 953 2894 αὐτὴν
971 2795 1219 2876 άποπτιίσασα
1242 2805 1305 2876 τοῦ
1330 2796 1440 2897 νοσὴ-
1461 2831 1501 2870 20

243 2954 356 3019 ματος
374 2916 440 3017 τὴν
458 2918 584 3024 ἀρχὴν,
604 2919 663 3000 ὅτε
687 2923 745 2999 καὶ
772 2917 890 3022 γυμνὴ
914 2927 978 2998 τοῦ
1003 2920 1237 3003 καθέλκοντος
1264 2926 1311 3004 είς
1331 2921 1445 3023 ἁμαρ-

244 3043 324 3123 τίαν
343 3044 508 3150 ἐφαίνετο
523 3077 533 3140 ;

216 3213 234 3257 0
301 3201 327 3248 ε.
357 3198 457 3244 ΑΛΛο.
490 3172 534 3246 Ei
567 3175 733 3270 προσῦσα
765 3166 1072 3267 πεπλημμέληκεν
1106 3167 1128 3265 ἡ
1165 3164 1280 3272 ψυχὴ,
1312 3167 1371 3247 διά
1406 3203 1446 3248 τε

245 3300 351 3370 τοῦτο
383 3289 593 3389 συνεπλάκη
629 3293 738 3393 σαρκὶ
774 3298 832 3369 καὶ
868 3291 1000 3391 αἵματι,
1032 3295 1080 3375 είς
1112 3290 1279 3395 τιμωρίας
1311 3291 1446 3394 τρόπον

245 3421 416 3509 λαβοῦσα
446 3413 488 3492 τὸ
518 3420 679 3516 πρᾶγμα,
712 3420 790 3497 πῶς
823 3414 887 3494 οίικ
920 3414 988 3492 ἔδει
1019 3412 1101 3497 τοὺς
1132 3415 1368 3500 πιστεύοντας
1397 3423 1445 3501 εἱς
1462 3453 1502 3514 25

245 3533 421 3638 Χριστὸν,
449 3539 507 3614 καὶ
539 3537 800 3636 κομισαμένους
832 3535 891 3616 διὰ
921 3535 1050 3616 τούτου
1080 3541 1144 3636 τῆς
1176 3538 1350 3641 ἁμαρτίας
1378 3539 1446 3639 τὴν

243 3659 389 3765 ἄφεσιν,
427 3664 648 3763 παραχρῆμα
684 3659 865 3759 σωμάτων
902 3660 1121 3765 ἐξέρχεσθαι,
1158 3665 1216 3740 καὶ
1257 3660 1299 3741 τὸ
1343 3661 1446 3772 λόγῳ

243 3783 412 3886 τιμωρίας
435 3781 615 3885 περιτεθὲν
634 3782 861 3876 ἀποβάλλειν
877 3816 888 3881 ;
919 3787 993 3863 ἐπεὶ
1018 3790 1106 3880 πῶς,
1125 3785 1203 3864 εἰπέ
1217 3820 1287 3884 μοι,
1306 3790 1446 3867 τελείαν

242 3902 313 4009 ἔχει
337 3904 404 4003 τὴν
423 3906 556 4011 άφεσιν
579 3907 601 4007 ἡ
626 3915 690 3986 τοῦ
716 3907 906 4011 ἀνθρώπου
931 3906 1046 4014 ψυχὴ,
1063 3907 1114 3987 έτι
1139 3909 1355 4011 περικειμένη
1380 3908 1446 3991 τὸν

246 4166 308 4273 RB
320 4148 431 4272 ἑχοντες
441 4149 547 4239 [δΒΕ
561 4150 666 4273 igme
679 4148 730 4203 Ed.
778 4151 824 4204 τὸν
836 4158 1004 4239 αεςῑηιορῐοιο
1017 4167 1048 4204 ex
1063 4150 1095 4204 B.
1190 4150 1216 4205 6.
1235 4155 1299 4222 πρὸς
1311 4154 1445 4242 ὑπάρξεως

243 4223 662 4411 ἴημα,
675 4219 1444 4415 ,λος«ἵν’τηοςιυῑιςπ,καις

243 4360 938 4501 -ιιι,ιλιθ,ξέἱθςὲῗιπιῖιςὲθιῒὲι
951 4402 984 4485 ι.
1057 4375 1089 4433 ²⁷
1127 4381 1154 4433 P·
1168 4365 1443 4506 θιῗξξιθῑθιὲῒ

245 4497 287 4551 28.
306 4498 452 4562 ἀποβάλλει
466 4501 498 4555 E.
547 4502 603 4556 εἶπέ
613 4524 657 4571 μοι
669 4510 839 4573 assumptum
851 4519 882 4557 ex
897 4501 1002 4557 B.D.E.
