3038 5018
102 298 167 363 viii.
185 320 233 386 13.
291 301 347 366 IN
379 303 412 365 S.
437 302 694 367 JOANNEM.
741 303 893 367 LIB.V.
938 302 1040 367 CAP.
1065 303 1111 366 11.
1235 305 1297 366 715

105 535 205 609 Εἶπον
224 540 280 610 οὖν
300 543 330 611 οἶ
350 543 524 637 Φαρισαῖοι
547 547 592 611 Σὺ
618 548 691 636 περὶ
716 553 853 614 σεαυτοῦ
879 542 1061 637 μαρτυρεῖς·
1091 547 1109 611 ιλ
1137 545 1297 636 μαρτυρία
1317 563 1353 620 13

491 699 549 742 σου
576 675 635 740 οὐκ
662 675 749 742 ἔστιν
777 675 915 744 danesse.

159 835 291 935 Νωθῦς
306 841 375 917 ,καὶ
397 839 596 941 βραδύνους
621 840 641 918 ὁ
660 844 871 943 Φαρισαῖος,
892 841 949 917 καὶ
976 838 1190 940 δυσάγωγος
1216 835 1299 915 λίαν

103 965 150 1042 εἰς
166 958 208 1040 τὸ
228 959 404 1042 δύνασθαι
423 966 574 1042 κατιδεῖν
593 962 659 1060 τὴν
678 970 741 1042 τοῦ
762 963 896 1064 Κυρίου
915 960 1077 1062 θεύτητα·
1117 967 1299 1041 πλανᾶται

70 1081 140 1163 ὅδὲ
170 1081 283 1164 πάλιν
311 1085 369 1167 διὰ
398 1086 464 1186 τὴν
492 1086 623 1190 σάρκα,
652 1089 709 1165 καὶ
739 1083 851 1166 πλέον
881 1086 982 1166 οῦδὲν
1010 1091 1083 1165 τῶν
1111 1085 1299 1189 δρωμένων

103 1207 329 1313 φαντάζεται.
367 1209 464 1291 πολῦ
490 1207 561 1312 γάρ
586 1217 659 1294 τοῖς
684 1208 772 1312 ῦπέρ
797 1211 989 1312 ἀνθρωπον
1005 1207 1144 1312 ῥήμασι
1166 1218 1333 1314 κεχρη-ῑι

101 1333 207 1430 μένον
230 1333 333 1434 δρῶν,
353 1337 411 1413 καὶ
439 1329 758 1435 θεοπρεπεστάτων
779 1332 982 1416 ἐπακούσας
1009 1330 1141 1435 λύγων,
1161 1331 1299 1432 ἀνθρω-

101 1489 173 1536 πον
200 1457 251 1536 ἔτι
279 1454 397 1536 κοινδν
424 1459 543 1555 ἐννοεῖ,
567 1456 658 1561 πρὸς
685 1454 727 1536 τδ
754 1461 819 1555 τῆς
846 1454 1013 1556 θεότητος
1039 1455 1230 1562 περιφανὲς
1258 1456 1300 1535 οῦ

101 1579 262 1676 βλέπων,
283 1579 362 1661 οὐδὲ
388 1580 452 1661 τὸν
473 1586 537 1681 τῆς
560 1579 716 1665 διανοίας
741 1579 905 1682 ἀνοιγνῦς
930 1578 1125 1686 ὀφθαλμὸν
1142 1577 1232 1681 πρῦς
1256 1577 1300 1658 τδ

52 1739 88 1779 ιο
102 1706 304 1806 ε’παθρῆσαι
336 1702 399 1784 τὸν
425 1704 673 1804 Ἐμμανουήλ.
726 1706 794 1783 τίνι
826 1704 898 1806 γὰρ
930 1702 976 1784 ἀν
1005 1708 1063 1784 καὶ
1093 1704 1223 1807 πρέποι
1257 1699 1298 1783 τὸ

102 1828 220 1929 λε’γειν
237 1836 260 1874 “
272 1827 371 1929 Ἐγιύ
391 1834 460 1925 εἶμι
478 1826 602 1907 τὸτοῦ
620 1825 759 1924 κόσμου
778 1816 938 1935 φῶς,”ἐί
961 1825 1012 1929 μὴ
1040 1830 1090 1907 ἑνὶ
1115 1830 1175 1907 καὶ
1199 1824 1299 1934 μύνφ
1344 1819 1449 1936 {2¹³2

100 1956 152 2058 τῷ
179 1949 271 2031 κατὰ
299 1950 414 2056 φύσιν
436 1956 547 2059 Θεῶ;
587 1952 639 2036 τίς
666 1959 739 2031 τῶν
766 1952 879 2053 ἁγίων
905 1958 1105 2057 προφητῶν
1131 1952 1298 2050 τοιαύτην

101 2080 210 2155 εἰπεῖν
228 2074 460 2175 ἀπετόλμησε
480 2073 623 2180 φωνύν;
644 2082 744 2158 ποῖος
763 2076 846 2175 ἡμῖν
864 2081 937 2154 τῶν
954 2074 1122 2178 ἀγγέλων
1140 2082 1300 2155 τοιοῦτον

102 2198 228 2304 ἕῤῥηξε
260 2196 384 2300 λύγον,
413 2198 504 2298 ὅλην
532 2198 616 2299 ἡμῖν
643 2198 709 2297 τὴν
735 2196 976 2280 θεύπνευστον
1008 2207 1299 2303 περινοστοῦντες

52 2352 88 2412 15
101 2321 259 2429 γραφὴν,
278 2326 337 2401 καὶ
360 2320 424 2402 τδν
441 2320 535 2427 ἱερὸν
553 2325 611 2401 καὶ
631 2328 725 2402 θεῖον
742 2322 1049 2427 περιεργαζύμενοι
1068 2322 1192 2424 λόγον,
1211 2318 1330 2401 affrae

101 2444 146 2544 δὴ
173 2454 280 2526 τοῦτο
308 2445 561 2526 δεικνύτωσαν.
607 2447 691 2524 ἀλλ’
720 2446 843 2526 οὐδένα
871 2453 944 2527 τῶν
972 2447 1174 2550 ἀναγκαίων
1201 2444 1296 2525 τιθέ-

100 2604 200 2668 μενοι
229 2568 353 2671 λόγον,
376 2573 532 2673 ἀντερεῖν
556 2568 611 2649 δτι
639 2569 764 2671 πρέπει
792 2569 1006 2673 λογίζονται,
1032 2574 1090 2650 καὶ
1118 2572 1171 2651 ἐπ’
1192 2572 1301 2649 ἐκεῖνο

102 2702 262 2797 χωροῦσι
280 2700 418 2796 θερμῶς
438 2692 457 2773 δ
475 2691 587 2792 μόνον
605 2693 733 2773 ’ίσασιν
747 2696 913 2795 ἀκριβῶς,
930 2694 973 2774 τὸ
991 2698 1055 2795 τῆς
1075 2694 1301 2799 φιλοψογίας

102 2817 268 2918 ἔγκλημά
293 2825 397 2919 φημι.
436 2817 651 2920 διασύρουσι
676 2816 749 2920 γὰρ
777 2821 824 2901 ὡς
852 2820 916 2897 οῦκ
944 2818 1032 2899 ὄντα
1059 2815 1102 2898 τῦ
1131 2823 1209 2925 φῶς
1236 2826 1302 2898 τοῦ

51 2981 89 3023 20
102 2944 251 3040 κόσμου,
271 2950 550 3044 κατηγοροῦντες
568 2949 642 3021 τῶν
658 2943 743 3045 παρ’
764 2942 874 3021 αὐτοῦ
892 2941 1105 3044 λεγομένων,
1124 2943 1188 3022 οῦκ
1212 2938 1305 3021 εἷναί

101 3099 141 3144 τε
159 3063 264 3160 ἀληθῗι
282 3063 348 3164 τὴν
365 3066 450 3170 παρ’
470 3066 578 3147 αῦτοῦ
596 3069 786 3172 μαρτυρίαν
802 3067 1122 3166 διαβεβαιούμενοι.
1146 3076 1168 3113 “
1184 3068 1299 3173 Σοφοὶ
1345 3058 1416 3174 ᾖδ’
1428 3059 1462 3111 iv.

103 3200 124 3236 “
143 3186 214 3293 γάρ
252 3196 322 3269 είσι
359 3198 422 3269 τοῦ
461 3195 713 3289 κακοποιῆσαι,
746 3187 788 3270 τδ
828 3189 865 3270 δὲ
902 3199 1022 3276 καλῶς
1053 3195 1203 3290 ποιῆσαι
1235 3192 1299 3271 ούκ

102 3323 124 3360 “
143 3313 338 3415 ἕγνωσαν,”
359 3312 573 3419 ἀνατρέψειν
595 3348 634 3393 τε
661 3318 719 3393 καὶ
743 3311 891 3420 σφόδρα
921 3313 1103 3415 κιβδήλως
1128 3317 1334 3415 ῦπολαμ·ι1

102 3434 258 3528 βάνουσι
294 3434 472 3516 δύνασθαι
508 3434 575 3536 τὴν
606 3441 795 3546 μαρτυρίαν
829 3439 946 3536 αὐτοῦ,
979 3437 1052 3518 ἀπὸ
1089 3442 1205 3546 ψιλῆς
1242 3441 1300 3519 καὶ

51 3597 89 3657 25
102 3559 212 3661 μόνης
231 3565 296 3659 τῆς
317 3560 400 3662 παρ’
422 3561 505 3659 ἡμῖν
522 3563 723 3660 συνηθείας,
743 3563 807 3641 οῦκ
831 3564 869 3642 ἐκ
895 3569 1049 3662 νομικῶν
1068 3561 1300 3660 ἐνταλμοίτων

102 3687 254 3786 ἀκυροῦν
273 3687 526 3789 ἐπιχειροῦντες
545 3684 666 3785 αι’πὴν.

223 3816 239 3832 a
302 3806 313 3834 ι
375 3810 383 3833 ι
447 3807 456 3834 κ
704 3807 715 3834 t
903 3808 913 3831 t
1024 3813 1033 3836 ι
1075 3809 1086 3836 t
1229 3805 1245 3839 ἱ
1294 3810 1303 3834 ¹

160 3813 240 3886 Που
268 3842 339 3909 γαρ
368 3843 388 3887 ο
417 3842 535 3905 νυμος,
563 3813 833 3888 διδασκετωσαν
860 3819 984 3906 παλιν,
1012 3816 1185 3904 αβεβαιον
1213 3843 1300 3887 ειναι

103 3937 197 4037 φησι
224 3929 291 4030 τήν
316 3965 410 4016 τινος
437 3933 634 4034 μαρτυρίαν
660 3935 740 4033 περὶ
768 3935 904 4011 ἑαυτοῦ·
941 3931 1112 4036 φορτικὸν
1137 3930 1202 4028 μὲν
1227 3930 1299 4034 γάρ

102 4088 179 4137 πως
204 4056 292 4151 ἐστὶ,
312 4057 369 4133 καὶ
396 4057 458 4135 οῦκ
485 4053 609 4135 οίστδν
628 4054 707 4135 ἔσθ’
727 4055 785 4134 ὅτε
813 4059 888 4135 τισὶ
916 4055 958 4134 τύ
985 4090 1065 4135 τινα
1092 4062 1164 4135 τῶν
1185 4055 1300 4136 ὅντων

139 4268 165 4322 5.
183 4257 275 4310 πλεῖον
288 4255 321 4311 Β.
395 4273 436 4311 12.
455 4255 551 4328 φύσιν]
570 4265 597 4322 †
614 4256 704 4312 ῦντια.
753 4257 804 4329 τίς]
823 4266 850 4322 †
865 4260 953 4330 γὰρα.
1028 4275 1069 4324 14.
1088 4263 1299 4326 περινοστοῦντες

105 4325 164 4379 B.a.
175 4330 361 4392 περινοστοῦσι
376 4326 465 4381 Ηοὶςῑ.
480 4328 531 4383 Ed.
649 4344 688 4394 15.
710 4331 755 4382 τὸν
768 4331 788 4382 ίε
806 4331 838 4383 ὸν
848 4331 888 4382 καὶ
901 4330 971 4384 θεῖον
982 4332 1206 4401 περιεργαζόμενοι
1219 4332 1300 4400 λόγον

105 4395 138 4450 Β.
150 4401 201 4450 τῶν
213 4398 287 4463 ἱερῶν
299 4399 340 4450 καὶ
352 4397 427 4452 θείων
438 4397 675 4470 περιεργαζομένοις
687 4401 773 4469 λόγων
816 4413 835 4453 t.
847 4398 897 4454 Ed.
1007 4418 1048 4454 20.
1069 4400 1300 4469 τῶν-λεγομένων

105 4466 138 4521 Β.
150 4468 355 4538 τδ-λιγόμενον
368 4468 419 4522 Ed.
524 4487 566 4523 21.
584 4468 644 4536 παρ’
658 4470 736 4523 αὐτοῦ
748 4481 916 4540 assumptum
929 4489 961 4524 ex
975 4470 1007 4525 Β.
1111 4471 1153 4524 28.
1172 4475 1300 4539 πομπικὸν

104 4537 150 4606 μίν
161 4540 212 4609 γάρ
223 4560 277 4594 πως
290 4539 347 4594 ι’στι
360 4541 401 4592 καὶ
413 4540 443 4592 οῦ
455 4540 571 4611 φορητὸν
583 4559 607 4593 a.

656 4645 678 4703 4
694 4643 712 4684 ι
730 4643 747 4687 2
