3038 5018
110 297 153 365 iii.
166 317 218 385 35.
284 299 339 363 IN
370 298 683 366 S.JOANNEM.
730 298 896 365 LIB.II.
943 300 1045 364 cAP.
1069 300 1129 364 IV.
1240 302 1304 364 25⁷

108 462 279 568 ἀρχεταις
307 463 427 565 ἢπῶς
445 467 481 544 εὐ
500 471 545 569 τῇ
569 472 633 545 τοῦ
659 463 791 545 δούλου
816 472 979 572 φανεῖται
1003 471 1138 572 μορφῇ,
1157 463 1237 544 τότε
1262 463 1305 563 δὴ

107 589 166 666 καὶ
184 585 292 686 μόλις
309 588 479 669 ἀπάντων
497 589 785 691 ἀναδεδειγμένος
804 588 1021 688 Δεσπότης;
1053 591 1168 691 άπαγε
1187 593 1249 687 τῆς
1268 590 1306 667 ἐν

107 710 244 795 τούτοις
280 714 431 797 ἀτοπίας
466 718 539 792 τῶν
577 718 778 814 λογισμῶν·
822 714 907 790 ἀλλ’
940 715 1082 816 ἐπείπερ
1118 713 1306 815 ἅνθρωπος

107 833 244 936 γέγονε,
266 835 346 915 τότε
374 838 432 915 καὶ
461 837 573 919 οὕτως
600 836 746 941 ἀρχεται
775 843 924 936 κρατεῖν,
946 838 1010 916 οὐκ
1037 832 1238 931 ἀποβαλὼν
1264 834 1306 915 τδ

73 957 300 1060 5θεοπρεπὲς
327 958 469 1067 ἀξίωμα
496 958 555 1038 διά
583 958 650 1058 τὴν
675 958 806 1060 σάρκα,
828 960 1031 1055 ἀναβαίνων
1056 958 1094 1039 δὲ
1121 959 1220 1043 αὖθις
1248 961 1306 1038 καὶ

106 1081 199 1178 μετὰ
224 1079 360 1187 σαρκὸς
385 1084 441 1188 ἐφ’
463 1081 552 1184 ὅπερ
570 1081 614 1182 ἧν
631 1082 675 1189 ἐξ
691 1085 815 1187 ἀρχῆς.
848 1081 902 1161 ὅτι
921 1082 958 1163 δὲ
976 1089 1049 1163 τῶν
1068 1084 1339 1188 ἀρχαιοτέρωνὶ)

107 1205 337 1312 ἐπανάληψις
364 1204 409 1307 ἦν
432 1206 479 1285 τὰ
505 1210 562 1286 ἐπὶ
586 1212 751 1308 Χριστοῦ
774 1206 1008 1309 θρυλούμενα,
1029 1206 1306 1313 πληροφορήσει
1387 1272 1390 1277 .

107 1330 227 1432 λε’γων
245 1328 351 1415 αύτός
369 1341 391 1378 “
407 1329 529 1434 Πάτερ
553 1328 714 1438 δόξασόν
731 1321 777 1428 με
802 1336 846 1434 τῇ
871 1329 960 1437 δόξῃ
984 1326 1006 1435 ᾗ
1032 1327 1128 1435 εἶχον
1144 1328 1215 1432 πρὸ
1242 1337 1307 1409 τοῦ
1351 1331 1447 1450 iffi

107 1463 129 1501 “
147 1452 368 1554 τδνκόσμου
387 1451 591 1558 εἶναιπαρὰ
610 1456 707 1535 σοί.”
746 1457 832 1562 ὁρᾷς
858 1454 955 1538 ὅπως
980 1458 1021 1535 ού
1047 1453 1154 1561 δόξης
1176 1453 1304 1559 ἀρχὴν,
1424 1444 1432 1458 ’

54 1564 93 1652 ιο
107 1579 192 1656 ἀλλ’
212 1578 456 1659 ε’πανανέωσιν
475 1577 606 1678 τὴυείς
629 1577 671 1658 τὸ
689 1566 839 1683 ἀρχαῖον
858 1584 955 1675 αἰτεῖ,
976 1583 1033 1659 καὶ
1058 1588 1163 1658 τοῦτο
1189 1579 1307 1680 λέγων

107 1702 155 1784 ῶς
187 1699 376 1804 ἅνθρωπος
388 1734 400 1800 3
444 1702 498 1782 ὅτι
536 1701 574 1781 δὲ
607 1701 720 1782 πάλιν
751 1701 809 1781 διά
841 1703 907 1801 τὴν
939 1706 1002 1800 τῆς
1035 1701 1307 1803 ἀνθρωπάτητος

106 1825 223 1903 αἰτίαν
239 1825 409 1905 δεδόσθαι
434 1825 575 1927 λέγεται
601 1824 647 1904 τά
674 1824 790 1903 πάντα
816 1831 867 1931 τῶ
885 1830 974 1931 Υίῲ,
993 1824 1219 1929 πανταχόθεν
1241 1825 1307 1923 μὲν

108 1950 129 2027 ὁ
158 1947 366 2053 φιλομαθὴς
393 1946 629 2054 ε’πισιορεύσει
657 1951 794 2052 σοφῶς,
824 1952 881 2025 καὶ
914 1950 1071 2027 συνιέναι
1100 1948 1304 2048 δυνήσεται,

108 2069 273 2169 μάλιστα
291 2071 329 2152 δὲ
348 2076 391 2153 δι’
412 2075 542 2170 ἐκείνης
560 2077 624 2169 τῆς
642 2078 705 2151 τοῦ
723 2069 866 2168 Δανιὴλ
885 2071 1178 2174 φρικῶδεστάτης
1197 2075 1307 2151 ὀπτα-
1353 2082 1465 2195 ὓςχνῑῑ·

55 2217 94 2276 15
109 2197 203 2291 σίας,
229 2197 267 2274 ἐν
292 2193 314 2298 ᾗ
342 2195 405 2276 τὸν
430 2196 496 2294 μὲν
522 2192 680 2274 παλαιὸν
707 2201 780 2273 τῶν
807 2195 947 2295 ἡμερῶν
974 2197 1167 2273 τεθεᾶσθαί
1192 2202 1336 2297 φησινο
1352 2164 1375 2212 9’
1420 2185 1425 2196 ’

110 2318 294 2420 ἱδρυμένον
321 2320 378 2398 ἐπὶ
408 2328 472 2398 τοῦ
506 2318 646 2422 θρόνου,
673 2318 793 2422 χιλίας
823 2319 859 2397 δὲ
892 2317 1067 2423 χιλιάδας,
1096 2321 1154 2397 καὶ
1181 2320 1308 2422 μυρίας

108 2440 293 2547 μυριάδας,
312 2441 377 2526 τάς
400 2442 465 2542 μὲν
489 2449 715 2545 λειτουργεῖν,
734 2440 798 2526 τὰς
824 2441 860 2521 δὲ
884 2443 1103 2545 παριστάναι
1128 2446 1305 2547 διισχυρί·
1354 2443 1358 2449 ’

111 2565 214 2668 ζεται.
252 2568 458 2670 προσετίθει
484 2564 522 2645 δὲ
545 2565 683 2649 τούτοις
707 2563 749 2646 τό
768 2578 789 2613 “
807 2568 878 2645 Καὶ
897 2565 972 2645 ίδού
995 2567 1085 2663 μετὰ
1109 2574 1181 2645 τῶν
1200 2574 1305 2673 νεφε-
1354 2563 1441 2692 {2¹³⁹

110 2697 133 2734 “
152 2696 228 2769 λῶν
246 2697 310 2769 τοῦ
328 2691 480 2791 ούρανοῦ
498 2692 545 2771 ῶς
572 2687 644 2772 υίὸς
667 2689 858 2792 ἀνθρώπου
883 2689 1070 2795 ἐρχόμενος
1094 2688 1149 2789 ἦν,
1168 2693 1226 2769 καὶ
1245 2691 1308 2774 ἕως

55 2839 97 2882 ²0
112 2824 134 2859 “
152 2821 215 2893 τοῦ
251 2821 408 2894 παλαιοῦ
446 2819 518 2893 τῶν
554 2812 692 2915 ἡμερῶν
725 2813 894 2916 ἔφθασεν,
926 2818 982 2893 καὶ
1021 2815 1170 2894 ε’νῶπιον
1202 2814 1310 2895 αὐτοῦ
1384 2914 1394 2924 .

113 2948 134 2985 “
152 2937 392 3041 προσηνέχθη,
421 2940 478 3016 καὶ
507 2938 604 3044 αύτῷ
632 2933 737 3033 ἐδόθη
767 2937 788 3034 ἡ
820 2936 913 3040 ἀρχὴ
942 2941 999 3015 καὶ
1031 2939 1052 3035 ἡ
1085 2940 1169 3037 τιμὴ
1199 2943 1255 3017 καὶ
1288 2939 1308 3035 ἡ

111 3072 135 3107 “
152 3063 334 3157 βασιλεία,
356 3063 414 3140 καὶ
439 3060 571 3145 πάντες
597 3066 630 3139 οὶ
655 3062 736 3139 λαοὶ
761 3063 876 3165 φυλαὶ
902 3066 1076 3159 γλῶσσαι
1102 3064 1197 3167 αὐτῷ
1222 3067 1305 3139 δου-

111 3196 133 3230 “
153 3185 385 3267 λεύσουσιυ.”
434 3187 519 3291 ὁρᾷς
554 3183 650 3267 ὅπως
682 3184 720 3260 ἐν
749 3182 888 3267 τούτοις
921 3181 1009 3260 ὅλον
1042 3184 1125 3281 ἡμῖν
1153 3187 1343 3284 ἀκριβῶςιΙ

111 3305 383 3415 καταγράφεται
399 3313 463 3407 τῆς
481 3303 782 3409 ε’νανθριοπήσεως
802 3304 843 3383 τὸ
862 3305 1073 3408 μυστήριον·
1105 3309 1191 3413 ὁρᾷς
1213 3306 1309 3391 ὅπως

52 3456 96 3517 25
112 3430 313 3529 λαμβάνειν
333 3432 473 3533 λέγεται
498 3429 564 3530 τὴν
590 3430 783 3523 βασιλείαν
806 3428 905 3531 παρὰ
929 3429 1074 3530 Πατρὸς
1100 3433 1119 3509 ὁ
1138 3431 1235 3515 Υἱός·
1269 3434 1309 3511 ού

46 3621 63 3639 .,
111 3552 246 3657 γυμνὸς
262 3561 323 3662 ,τῷ
347 3554 518 3663 προφήτῃ
538 3553 666 3655 Λόγοι,
687 3555 770 3633 ἀλλ’
793 3551 932 3635 ῶςυίὸς
956 3554 1158 3653 ἀνθρώπου,
1179 3555 1306 3660 φαινό-

111 3706 225 3777 μενος·
255 3680 470 3760 ἐταπείνωσε
490 3676 561 3780 γάρ
580 3675 715 3775 ἑαυτὸν,
734 3675 826 3755 καθὰ
851 3677 1061 3777 γέγραπται,
1082 3677 1242 3782 σχήματι
1265 3675 1307 3756 δι’
1356 3694 1477 3756 Phi1.ii.7.

112 3803 204 3900 ἡμᾶς
229 3804 380 3904 εὑρεθείς
404 3804 452 3885 ῶς
477 3802 675 3903 ἅνθρωπος·
707 3801 765 3878 ἵνα
790 3801 846 3877 καὶ
875 3805 1017 3899 πρῶτος
1045 3805 1092 3882 είς
1116 3800 1309 3895 βασιλείαν

111 3928 319 4033 ἀνενεχθεὶς,
331 3922 424 4031 ἀρχὴ
443 3925 555 4003 πάλιν
571 3925 654 4022 ἡμῖν
671 3929 729 4003 καὶ
748 3922 829 4006 ὁδὸς
847 3927 910 4020 τῆς
928 3930 975 4005 είς
994 3924 1187 4016 βασιλείαν
1202 3923 1309 4030 δόξης

150 4239 172 4275 ῐ.
191 4220 310 4293 φαίνεται
327 4219 358 4274 B.
487 4235 511 4274 2.
530 4194 794 4289 ἀπαγε-νλογισμῶν]
809 4217 836 4270 ἀν
848 4216 947 4272 τούτοις
959 4219 1003 4271 τὸν
1015 4219 1145 4288 λογισμὸν
1156 4217 1262 4274 ἀτοπίας
1277 4219 1308 4276 Β,
1410 4225 1414 4241 “

109 4312 138 4360 4.
156 4293 316 4353 ἀποβάλλων
330 4291 361 4348 Β.
482 4306 523 4343 10.
541 4290 586 4356 τῆς
598 4305 647 4359 pro
679 4289 704 4341 ’ν
718 4287 749 4341 B.
873 4306 912 4353 14.
931 4288 1199 4357 φρικωδεστάτηςτοῦ
1213 4291 1309 4357 Δανιὴλ

109 4362 218 4418 ἱηνετυο
230 4362 322 4415 ordine
337 4361 368 4415 B.
483 4359 523 4413 16.
542 4361 589 4413 τοῦ
600 4375 654 4414 om.
694 4398 701 4413 .
816 4373 855 4427 17.
873 4359 1027 4426 παριστάναι
1041 4357 1072 4410 Β.
1086 4359 1245 4426 παρεστάναι
1258 4359 1309 4414 Ed.

112 4456 243 4582 ἔχρη
258 4454 329 4580 m}
343 4455 405 4524 οη
421 4453 471 4508 Ed.
579 4469 621 4522 ιγ.
641 4434 711 4511 am
723 4452 756 4507 υ.
769 4458 824 4510 τις
837 4452 887 4507 Ed.
997 4469 1039 4524 29.
1057 4451 1149 4524 που]
1163 4431 1264 4515 πάλιν
1277 4455 1309 4516 Β.

184 4546 339 4595 mum.

156 4627 226 4675 νου.
244 4629 267 4673 1.
695 4605 739 4672 nl
