3038 5018
260 298 326 362 624
564 299 602 363 B.
627 296 836 362 CYRILLI
865 292 1155 360 ALEXANDR.
1359 285 1411 352 vii
1424 302 1464 363 ²4

261 459 457 556 βλέποντα.
500 461 558 540 διά
582 496 637 541 τοι
663 471 769 542 τοῦτο
795 464 852 541 καί
877 466 951 545 τοῖς
975 460 1090 542 λίθοις
1114 463 1190 540 τοῖς
1216 450 1462 552 ἀναισθήτως,

227 581 324 663 ᾶᾶτε
352 587 396 684 δὴ
424 588 482 664 καὶ
508 585 619 671 ἁλοὺς
644 588 698 666 ἐπ’
718 586 941 691 ἀναισθησίᾳ
965 587 1102 687 πολλῇ,
1123 578 1228 685 παρὰ
1255 585 1336 659 τῶν
1360 587 1461 657 κολα·

262 706 394 810 ζώντων
431 709 620 807 ἐβάλλετο,
654 709 887 818 γραφομένην
924 709 1016 813 ἔχων
1051 709 1089 787 ἐν
1124 711 1171 812 τῇ
1208 704 1377 808 τιμωρίᾳ
1410 699 1466 796 τὴν

261 830 434 933 ποιότητα
470 842 535 913 τοῦ
571 832 718 937 τρόπον.
774 833 829 913 ὅτι
865 832 930 932 μὲν
967 833 1030 913 οὖν
1061 831 1142 912 τότε
1178 829 1252 930 τὴν
1287 824 1467 928 βδελυρόν

259 959 440 1060 ἁμαρτίαν
470 960 534 1038 οὐκ
567 956 808 1062 ἐργασόμεθα,
837 963 960 1058 δῆλον,
990 959 1075 1036 ἀλλ’
1108 955 1187 1036 οὐδὲ
1222 950 1269 1035 τὸ
1303 955 1487 1056 ώφελοῦιὸ

263 1085 384 1184 ἱδρῶτι
410 1082 701 1186 κατορθώσομεν·
733 1086 791 1162 καὶ
816 1079 983 1186 ὀψόμεθα
1010 1078 1124 1161 πάλιν
1142 1082 1190 1162 ὡς
1220 1080 1263 1157 ἐν
1288 1074 1468 1177 αίνίγματι

263 1208 321 1286 καί
347 1215 452 1287 τοῦτο
477 1205 697 1308 δηλούμενον
715 1209 752 1286 ἐν
770 1206 928 1301 βιβλίοις
946 1212 1019 1289 τοῖς
1039 1208 1295 1285 Μωνσαῖκοῖς.
1341 1197 1470 1302 δρόσον

90 1388 97 1402 ·
263 1329 328 1428 μέν
346 1328 417 1434 γὰρ
443 1332 543 1430 δίκην
562 1331 704 1436 ἐπηφίει
723 1329 765 1410 τδ
783 1328 902 1427 μάννα
919 1337 993 1412 τοῖς
1011 1334 1096 1412 υἱοῖς
1114 1324 1277 1429 Ἰσραὴλ
1296 1326 1341 1404 ἐν
1359 1322 1470 1429 ἐρήμφ

93 1449 183 1567 ᾖ,
265 1451 370 1552 Θεὸς,
390 1459 449 1534 καὶ
477 1455 628 1535 δέδωκεν
651 1454 761 1557 ἄρτον
779 1451 948 1556 ἀγγέλων
966 1455 1093 1548 αὐτοῖς,
1113 1449 1207 1530 κατὰ
1233 1447 1278 1530 τὸ
1306 1481 1467 1550 γεγραμ·

97 1591 137 1641 ⁹⁵·
264 1577 385 1677 με’νον·
414 1576 491 1658 εἶτα
510 1582 568 1658 καὶ
587 1576 698 1677 νόμον
716 1579 768 1657 ἐπ’
789 1579 886 1684 αὐτῷ
904 1575 1083 1680 διωρίζετο
1100 1571 1159 1654 διὰ
1179 1582 1249 1654 τοῦ
1273 1571 1502 1677 πανσόφονν

95 1675 203 1803 Exim,
235 1700 470 1786 θΜωυσέως·
499 1701 728 1809 προσεφώνει
756 1700 829 1805 γὰρ
855 1703 967 1783 οὕτως
984 1710 1007 1747 “
1021 1696 1161 1800 Φοίγετε
1179 1695 1370 1799 σήμερον·
1401 1696 1469 1776 ε’ίιτι

99 1806 138 1858 ²⁶·
266 1835 288 1872 ‘⁶
305 1823 376 1928 γὰρ
408 1824 583 1922 σάββατα
616 1825 777 1930 σήμερον
806 1830 857 1931 τῷ
889 1824 1021 1931 Κνρίιρ,
1051 1823 1117 1926 οὐχ
1147 1820 1332 1924 εὑρήσετε
1364 1823 1469 1926 ἐντῷ

264 1960 286 1997 “
305 1951 430 2057 πεδίιρ·
468 1949 513 2057 ἐξ
543 1950 675 2054 ἡμέρας
706 1949 918 2056 σνλλέξετε·
958 1953 1004 2053 τῇ
1035 1946 1074 2027 δὲ
1105 1944 1220 2052 ἡμέρᾳ
1254 1950 1305 2050 τῇ
1342 1943 1469 2048 ἐβδόμῃ

264 2083 287 2120 “
305 2071 492 2171 σάββατα,
512 2075 576 2154 οὐκ
594 2075 752 2153 ἐστινέν
771 2075 896 2178 αότῇ.”
937 2073 1115 2170 ὑποδηλοῖ
1130 2066 1216 2171 γάρ,
1238 2069 1300 2150 ὄτι
1319 2070 1399 2174 πρὸ
1415 2069 1469 2168 μέν

264 2203 328 2297 τῆς
353 2204 426 2277 τῶν
447 2199 585 2278 αἰώνων
607 2202 807 2296 συστολῆς,
825 2194 925 2305 πόνερ
953 2193 995 2276 τὸ
1024 2199 1191 2303 ὠφελοῦν
1216 2196 1279 2274 καὶ
1313 2193 1360 2274 τὸ
1387 2198 1499 2274 ἀπο-15

264 2319 398 2429 τρέφον
421 2320 514 2419 ἡμᾶς
541 2327 588 2405 είς
616 2319 709 2425 ζωὴν
732 2319 798 2419 τὴν
826 2321 967 2401 αἰώνιον
995 2319 1221 2421 συναγείρειν
1250 2318 1467 2412 ἀκόλουθον,

266 2447 455 2546 ώσπεροῦν
473 2448 596 2525 ἐκεῖνοι
614 2443 680 2544 τὴν
697 2452 874 2525 πλατεῖαν
890 2442 1109 2548 περιθέοντες
1134 2441 1285 2544 ἔρημον,
1309 2444 1467 2522 ἅπαντα·

266 2567 373 2671 χόθεν
391 2574 440 2651 είς
458 2566 598 2673 τροφὴν
617 2567 659 2648 τό
678 2568 797 2668 μάννα
815 2567 1101 2670 συνεκομίζοντο·
1132 2568 1169 2645 ἐν
1187 2563 1229 2644 δέ
1245 2570 1296 2669 τῇ
1321 2563 1466 2671 ἑβδόμῃ,

96 2716 211 2774 ’42η
237 2689 462 2788 ιτοντείττιν,
481 2693 539 2771 ἐπὶ
565 2690 661 2771 τέλει
689 2691 830 2789 λοιπδν,
850 2693 870 2771 ὁ
894 2690 960 2790 μέν
979 2695 1043 2790 τῆς
1067 2696 1139 2769 τών
1157 2689 1363 2794 χρησίμων
1380 2700 1467 2770 ουλ-

268 2817 381 2912 λογῆς
399 2813 573 2920 ἐξοίχεται
592 2815 724 2918 καιρὸς,
742 2824 816 2900 τοῖς
834 2814 872 2895 δέ
890 2816 958 2917 ἤδη
976 2813 1336 2918 προπεπορισμένοις
1359 2818 1499 2917 ἐντρν-ιι

95 2932 188 3050 givii.
199 3011 221 3048 2·
268 2934 446 3041 φήσομεν,
478 2937 569 3019 κατὰ
605 2937 647 3018 τὸ
683 2940 864 3042 είρημένον
896 2939 954 3019 διὰ
990 2947 1054 3019 τοῦ
1090 2940 1306 3046 φαλμιρδοῦ
1342 2951 1366 2988 “
1385 2937 1471 3021 Τοῖς

268 3071 290 3107 “
307 3060 464 3162 καρποῖς
492 3069 564 3143 τῶν
587 3061 708 3144 πόνων
731 3098 801 3144 σον
829 3061 1024 3170 φάγεσαι.”

322 3184 532 3264 ”Ο“’
670 3186 714 3266 θέ
846 3185 954 3266 *Oe*
1014 3186 1145 3266 οὖταῖ
1188 3190 1369 3265 σκιαῖ’
1452 3184 1461 3210 ’

398 3222 464 3286 μεν
490 3221 554 3265 ουν
581 3221 669 3287 νομο
709 3222 773 3287 της
801 3222 859 3267 και
940 3221 989 3283 ος,
1142 3220 1160 3269 ς
1298 3222 1320 3272 ς
1350 3190 1476 3296 εφηδο-

266 3343 382 3407 μενος,
400 3308 486 3390 ἀλλ’
508 3316 556 3394 είς
581 3309 692 3410 αὐτὴν
709 3310 778 3412 ἤδη
803 3310 869 3409 τὴν
890 3317 963 3389 τῶν
985 3307 1209 3412 πραγμάτων
1227 3308 1357 3390 εἰκόνα
1384 3346 1474 3415 προ·

267 3432 496 3530 αναβλέπων,
517 3433 754 3535 διηγγέλλετο
779 3434 830 3534 μὴ
856 3439 927 3514 δεῖν
945 3436 983 3513 ἐν
1000 3431 1181 3539 σαββάτῳ
1205 3441 1351 3516 πονεῖν.
1395 3436 1476 3517 ἀλλ’
1486 3466 1511 3523 ¹⁵

268 3553 605 3661 ὑπερφρονήσαντές
635 3592 725 3641 τινες
754 3567 818 3637 τοῦ
847 3557 1088 3663 διορισθέντος
1118 3556 1239 3641 αὐτοῖς
1270 3561 1337 3639 ἐπὶ
1365 3563 1480 3668 τούτῳ

268 3677 388 3776 νόμον,
408 3682 466 3758 καὶ
492 3679 753 3785 ῥιψοκινδύνως
780 3688 831 3788 τῷ
858 3681 1005 3762 πάντων
1024 3680 1200 3786 Δεσπότῃ
1228 3684 1481 3789 προσκρούειν

232 3804 310 3881 bot)
327 3804 612 3906 παραιτούμενοι,
631 3803 673 3884 τὸ
695 3803 760 3904 μὲν
779 3804 834 3885 ὅτι
858 3802 1039 3908 προσήκοι
1062 3803 1219 3906 βαδίζειν
1237 3838 1477 3911 συγκομισο·

308 4047 331 4084 1.
348 4032 490 4102 roicpn‘us
502 4050 556 4087 om.
572 4034 605 4089 Β.
712 4033 738 4088 6.
758 4034 851 4088 ε’νοια.
866 4033 898 4089 Β.
1002 4051 1044 4089 10.
1063 4033 1290 4106 πανσόφουΒ.π
1352 4039 1422 4108 ἦτον
1435 4041 1482 4096 Ed.

272 4117 313 4154 11.
332 4102 407 4155 ἔσται
422 4101 454 4155 B.
558 4121 599 4173 13.
619 4105 765 4171 συλλέξοτε
780 4106 811 4160 Β.
827 4106 882 4176 (15.
897 4119 941 4175 53.
957 4105 1016 4160 106.
1033 4105 1223 4175 134.),sedcf.
1239 4105 1275 4160 de
1289 4109 1318 4162 A
1340 4128 1384 4165 or.
1401 4130 1483 4183 αμα.

272 4185 312 4240 17.
325 4171 516 4242 ἁπανταχόθεν]
531 4176 572 4227 καί
584 4176 746 4245 πανταχόθεν
760 4174 792 4230 Β.
868 4192 908 4245 19.
922 4174 977 4247 ἐπὶ]
992 4179 1067 4248 4τῲ
1082 4175 1132 4228 Ed.
1145 4175 1230 4229 invito
1244 4176 1280 4232 Β.
1363 4199 1444 4238 παπ

269 4242 481 4313 πεπορισμένοις]
495 4245 693 4313 πεπορευμένοις
707 4246 739 4298 Β.
857 4262 899 4300 21.
918 4247 978 4302 τοὺς
989 4246 1102 4315 καρποὺς
1114 4251 1165 4300 τῶν
1176 4249 1262 4300 πόνων
1279 4249 1315 4305 Β.
1331 4253 1369 4306 cf.
1386 4207 1484 4308 defi.

271 4311 349 4380 234d
364 4312 424 4365 cod.
435 4312 519 4367 bonae
531 4324 610 4369 notae
623 4333 764 4386 quemque,
775 4330 827 4384 473
835 4315 861 4378 b,
872 4317 899 4369 in
912 4316 948 4370 xii
962 4316 1060 4388 Proph.
1069 4317 1123 4371 860
1130 4335 1154 4371 ς.
1166 4317 1227 4373 τοὺς
1238 4321 1344 4379 πόνους
1356 4331 1416 4379 τῶν
1428 4348 1485 4395 κιρ·

268 4387 324 4434 πῶν
337 4381 389 4436 Ed.
509 4400 551 4450 24.
570 4391 621 4439 τῶν
631 4387 789 4456 πραγμάτων
803 4387 835 4439 Β.
848 4390 895 4440 τοῦ
906 4389 1056 4459 πράγματος
1070 4387 1120 4442 Ed.
1237 4402 1284 4455 25.
1306 4393 1486 4466 διηγγέλλετο

268 4467 313 4504 οῖ’·
335 4450 357 4464 “
467 4453 510 4508 26.
529 4455 572 4508 ἐπὶ
583 4455 666 4527 τούτῳ
678 4454 770 4525 νόμον]
785 4456 827 4510 ἐπὶ
838 4459 936 4511 τούτων
947 4461 1011 4526 ὁμοῦ
1026 4458 1058 4513 Β.
1152 4458 1194 4512 28.
1214 4461 1356 4532 προσήκω
1368 4470 1487 4536 βαδίζω

474 4521 520 4595 m]
534 4525 649 4592 βαδίζειν
660 4528 691 4580 οὐ
702 4525 830 4597 προσήκοι
844 4528 1077 4598 συγκομιζομένους
1091 4528 1124 4582 Β.
