3038 5018
78 301 188 369 vi.68.
250 305 308 371 IN
338 306 372 372 S.
395 298 650 372 JOANNEM.
696 301 793 370 LIB.
816 302 876 368 IV.
921 299 1108 367 CARIV.
1210 296 1276 360 569

78 472 136 548 καὶ
153 470 191 549 ἐν
207 477 323 552 πᾶσιν
341 469 447 557 αὐτὸς
463 469 644 576 πρωτεύει,
660 467 752 550 κατὰ
768 467 832 548 τὸν
853 473 1015 548 Παῦλον·
1047 471 1096 550 είς
1113 467 1216 563 τιμῆς
1235 455 1273 539 δὲ
1318 492 1395 545 σοις.
1407 492 1445 542 ις.

76 592 190 673 τύπον
211 598 269 675 καὶ
298 597 474 702 ὑπεροχῆς
500 599 565 695 τῆς
591 592 683 675 κατὰ
710 593 855 674 πάντων
879 590 922 672 τὸ
948 590 1101 695 χρυσίον
1127 586 1272 687 λαμβά-

78 751 186 798 νεται.
245 719 558 821 κατεσκευασμένη
597 726 789 821 τοιγαροῦν
824 717 848 816 ἡ
888 711 1040 811 κιβωτὸς
1075 715 1114 793 ἐκ
1150 710 1274 818 ξύλων

77 840 254 941 άσύπτων
271 848 330 924 καὶ
352 844 616 950 κεχρυσωμεῦη,
637 846 696 923 καὶ
714 838 778 922 τὸν
796 846 891 921 θεῖον
909 836 1002 945 εἶχεν
1019 836 1276 918 ἐναποτεθέντα

45 963 198 1064 ὅνόμαν,
227 972 276 1052 είς
303 966 418 1049 τύπον
445 976 508 1049 ταῦ
535 966 788 1067 ἐνοικήσοντας
814 966 872 1042 καὶ
901 960 1089 1044 ἑνωθέντας
1116 965 1162 1065 τῇ
1189 961 1308 1065 άγίηιλ)

78 1093 188 1192 σαρκὶ
207 1096 302 1170 θεοῦ
321 1089 457 1192 Λόγου·
487 1094 584 1196 ῥῆμα
609 1089 682 1194 γὰρ
701 1095 797 1170 θεοῦ
824 1090 882 1168 καὶ
907 1088 927 1167 ὁ
953 1084 1060 1185 νόμος
1088 1082 1143 1184 ἦν,
1161 1091 1191 1163 εὶ
1217 1086 1276 1163 καὶ

77 1211 128 1311 μὴ
155 1212 412 1312 ε’νυπόσταταν,
439 1213 564 1318 ὥσπερ
593 1215 656 1294 οῦν
679 1215 780 1294 ἐστιν
805 1214 826 1291 ὁ
853 1209 952 1295 Υἱός.
992 1209 1210 1289 καλύπτεται
1239 1206 1277 1287 δὲ

77 1341 129 1443 τῷ
155 1337 464 1439 καταπετάσματι.
509 1341 568 1419 καὶ
598 1336 670 1442 γὰρ
697 1336 742 1439 ἦν
768 1370 845 1421 πως
872 1337 931 1415 καὶ
958 1331 1176 1440 άαυμφανὴς
1203 1338 1277 1416 τοῖς

77 1469 231 1548 πολλοῖς
259 1464 540 1569 ε’νανθρωπήσας
567 1464 588 1542 ὁ
613 1461 706 1545 θεὸς
731 1461 862 1562 Λόγος,
881 1463 939 1538 καὶ
963 1457 1164 1562 περιβολὴν
1185 1458 1278 1563 ἔχων

28 1582 119 1664 ῑῡτὸ
143 1586 233 1666 ’ίδιυν
258 1594 379 1689 σῶμα,
406 1590 463 1666 καὶ
491 1584 616 1689 ὥσπερ
643 1589 682 1665 ἐν
705 1582 1000 1684 καταπετάσματι
1029 1582 1277 1663 διαλανθάνων

77 1713 123 1813 τῇ
151 1711 224 1816 ἰδίᾳ
250 1716 370 1813 σαρκὶ,
394 1713 443 1795 ὡς
467 1713 627 1791 ε’ντεῦθεν
649 1707 728 1789 αῦδέ
753 1706 953 1812 ἐγνωκότας
977 1706 1077 1791 τινάς
1100 1708 1209 1788 αῦταῦ
1236 1706 1278 1786 τῦ

79 1833 271 1938 θεοπρεπὲς
293 1835 445 1942 ἀξίωμα,
463 1834 551 1916 ποτέ
575 1835 640 1935 μέν
658 1839 877 1914 καταλιθοῦν
895 1836 1093 1937 ἐπιχειρεῖν,
1113 1831 1278 1934 ἔγκλημα

77 1956 317 2068 ποιουμένους,
337 1958 478 2062 ὅτιπερ
499 1957 687 2062 ἅνθρωπος
709 1957 770 2053 ὧν,
790 1955 915 2037 ἑαυτὸν
932 1953 1021 2036 εἶναι
1045 1955 1147 2058 λέγοι
1165 1955 1273 2036 θεόν·
1288 1982 1307 2027 ⁰
1320 1956 1431 2085 ἐξ*

78 2079 166 2160 ποτέ
203 2081 242 2161 δέ
277 2080 402 2181 πάλιν,
434 2079 537 2162 οὐδέν
567 2081 663 2165 ὅλως
700 2083 984 2184 ῦπερυθριιῦντας
1015 2086 1125 2161 εἰπεῖν
1154 2091 1176 2128 “
1193 2081 1278 2185 Ούχ
1320 2088 1428 2218 ξὲᾞᾍ

28 2217 67 2281 ¹5
81 2215 101 2251 “
120 2203 222 2291 οὗτός
246 2209 348 2287 ἐστιν
368 2208 511 2306 Ἰησοῦς
536 2206 557 2284 ὁ
582 2202 656 2291 υίὸς
677 2203 831 2312 Ἰωσὴφ,
853 2203 895 2284 οὗ
923 2204 1021 2304 ἡμεῖς
1048 2203 1192 2304 οἴδαμεν
1214 2203 1278 2285 τὸν

79 2337 101 2374 “
117 2330 256 2433 πατέρα
283 2332 342 2410 καὶ
369 2328 434 2430 τὴν
459 2327 617 2433 μητέρας
652 2335 730 2413 πῶς
758 2336 823 2407 νῦν
848 2327 947 2430 λέγει
974 2327 1030 2408 ὅτι
1057 2327 1102 2436 ἐξ
1126 2330 1279 2432 ούρανοῦ

78 2463 101 2499 “
118 2454 350 2554 καταβέβηκα
363 2455 394 2549 ;”
424 2455 552 2534 οὐκοῦν
570 2452 612 2533 τὸ
636 2453 846 2558 ε’περῤίφθαι
864 2457 909 2558 τῇ
929 2457 1071 2560 κιβωτῷ
1095 2451 1137 2533 τῦ
1162 2487 1275 2534 κατα·

77 2575 258 2677 πέτασμα,
276 2576 319 2658 τῦ
336 2576 632 2682 ἀγνοηθήσεσθαι
650 2575 750 2681 παρὰ
767 2584 842 2661 ταῖς
863 2584 1018 2662 πολλοῖς
1041 2579 1278 2680 ὑποσημαίνει

78 2697 142 2779 τὸν
162 2700 320 2801 Ἰησοῦν.
365 2701 411 2803 ἦν
435 2702 498 2782 οὖν
522 2701 593 2803 ἄρα
621 2704 679 2781 καὶ
708 2702 731 2801 ἡ
758 2698 910 2796 κιβωτὸς
938 2707 988 2785 είς
1014 2701 1127 2782 τύπον
1152 2704 1274 2784 αῦταῦ.

25 2845 66 2888 ²0
79 2822 137 2903 διὰ
161 2823 233 2928 γάρ
256 2860 311 2906 ται
337 2834 443 2907 τοῦτα
469 2828 527 2905 καὶ
550 2825 761 2928 προεβάδιζε
780 2832 851 2904 τῶν
869 2825 914 2932 ἐξ
927 2823 1083 2927 Ἰσραὴλ
1102 2823 1193 2906 κατά
1210 2825 1277 2927 τὴν

77 2945 207 3049 ἔρημον
227 2949 294 3048 τὴν
314 2957 379 3029 ταῦ
401 2954 498 3029 θεοῦ
523 2947 626 3057 τάξιν
650 2951 918 3052 αἰποπληραῦσα
941 2946 1032 3028 τότε·
1071 2948 1175 3032 αὐτὸς
1203 2949 1312 3056 γάρεί

76 3068 122 3170 ἦν
154 3072 174 3150 ὁ
205 3081 271 3152 τοῦ
302 3081 394 3152 λαοῦ
428 3075 702 3174 καθηγούμενος.
753 3077 812 3153 καὶ
847 3072 984 3175 μάρτυς
1020 3075 1039 3152 ὁ
1072 3071 1276 3182 ψαλμιρδὸς

77 3193 196 3297 λέγων
214 3207 236 3243 “
248 3197 297 3276 ‘0
317 3197 410 3280 θεὸς
429 3199 467 3276 έν
485 3202 536 3304 τῷ
553 3193 843 3300 προπορεύεσθαί
862 3231 907 3276 σε
932 3195 1083 3277 ἐνώπιον
1102 3205 1165 3276 τοῦ
1183 3206 1276 3278 λαοῦ

78 3328 99 3365 “
117 3353 198 3416 σου,
217 3321 255 3399 έν
275 3327 324 3429 τῷ
342 3322 537 3416 διαβαίνειν
555 3327 601 3399 σε
619 3317 685 3420 τὴν
704 3319 846 3424 ἔρημον,
864 3325 913 3422 γῆ
939 3321 1101 3420 ἐσείσθη,
1120 3323 1178 3401 καὶ
1203 3320 1275 3427 γάρ
1338 3307 1346 3332 ’

25 3451 99 3518 25“
118 3447 150 3522 αί
179 3445 321 3548 οὐρανοὶ
348 3442 544 3551 ἕσταξαν.”
588 3443 882 3548 πραελαυναύσης
909 3443 982 3547 γὰρ
1014 3448 1074 3525 καὶ
1100 3450 1276 3547 πραβαδι-

77 3564 208 3667 ῷύσης
244 3570 297 3648 ἀεὶ
334 3572 398 3668 τῆς
435 3575 602 3664 κιβωτοῦ,
637 3564 732 3651 θεὸς
764 3567 955 3672 διαῤῥηδην
986 3567 1274 3671 προπορεύεσθαι

77 3686 229 3789 λέγεται.
277 3693 512 3796 σαφεστέραν
544 3691 579 3772 δ’
614 3689 658 3771 ἂν
689 3690 785 3795 ἔχοις
820 3687 887 3789 τὴν
917 3694 976 3772 ἐπὶ
1011 3692 1127 3799 τούτῳ
1161 3691 1275 3772 πάλιν

76 3810 269 3920 ἀπόδειξιν,
306 3817 415 3894 έκεῖνο
459 3813 761 3913 διενθυμούμενος.
821 3812 965 3893 ἐκέλευέ
1000 3848 1087 3894 ποτε
1122 3822 1196 3898 τοῖς
1233 3816 1278 3923 ἐξ

75 3935 230 4039 Ἰσραὴλ
248 3934 307 4015 διὰ
327 3937 514 4022 Μωυσέως
536 3939 556 4016 ὁ
575 3937 678 4036 θεὸς,
697 3940 901 4033 ἀναβαίνειν
918 3935 985 4035 μέν
1002 3939 1304 4041 τεθαρσηκύτωςς

24 4091 64 4150 30
76 4061 133 4138 ἐπὶ
155 4057 197 4138 τὸ
223 4058 305 4162 ὅρος
330 4058 371 4139 τὸ
392 4064 509 4162 Σηεῖρ,
527 4063 771 4165 ἐκπολιορκεῖν
789 4060 827 4140 δέ
845 4059 910 4140 τὸν
926 4062 1155 4167 Ἀμαῤῥαῖαν·
1186 4064 1271 4143 ἀλλ’
1319 4071 1425 4204 {30¹¹}ss

113 4272 137 4309 π.
157 4255 238 4311 τύπον
251 4256 283 4312 Β.
296 4257 394 4338 τρόπον
406 4255 458 4311 Ed.
544 4275 585 4313 10.
604 4255 707 4344 ὥσπερ]
724 4264 753 4322 -Ι-
767 4258 836 4329 έχων
849 4259 881 4315 B.
975 4275 1017 4314 11.
1037 4260 1088 4330 ίδίᾳ
1102 4260 1134 4315 Β.
1147 4261 1208 4387 ἁγία
1222 4262 1273 4321 Ed.

76 4329 146 4382 τινὰς
158 4327 237 4381 αῦταῦ
248 4327 299 4381 boc
312 4326 406 4382 01·de
418 4326 491 4382 B.D.
609 4344 648 4398 13.
667 4331 741 4399 λεγαι
753 4346 807 4381 om.
819 4328 851 4382 Β.
969 4348 1010 4396 14.
1028 4330 1115 4403 οὐδέν]
1129 4333 1160 4386 αῦ
1176 4331 1183 4351 '
1196 4334 1227 4388 ἂν
1240 4334 1273 4393 Β.

80 4397 121 4451 16.
141 4400 186 4451 νῦν
198 4397 270 4452 BD.
283 4396 329 4452 οῦν
342 4396 393 4452 Ed.
458 4397 563 4524 &SE-D
575 4415 631 4469 mg.
645 4397 672 4451 έκ
684 4401 730 4452 τοῦ
744 4399 779 4452 Ι).
793 4399 845 4454 Ed.
998 4415 1040 4472 17.
1058 4404 1105 4471 τὴν
1117 4405 1227 4468 κιβωτὸν
1241 4405 1274 4460 Β.

79 4468 175 4522 Statim
188 4470 218 4522 τὸ
231 4468 414 4538 καταπέτασμα
427 4467 460 4523 Β.
492 4469 609 4524 .v.l.in
623 4467 786 4541 Ed.mg.r3
799 4471 1015 4541 καταπετάσματα
1028 4470 1079 4528 Ed.
1165 4476 1207 4531 18.
1225 4498 1274 4546 οη·

76 4540 159 4606 μαίνει
173 4539 205 4593 Β.
314 4555 356 4609 ²9·
375 4542 616 4611 ὀαεταωρῑυωει
630 4539 662 4595 Β.
770 4557 814 4611 30.
831 4540 980 4613 μὶνρτολδ
994 4541 1027 4600 Β.

122 4639 191 4683 τοι.
208 4640 230 4684 1.
655 4643 713 4704 41)
