3038 5018
89 309 197 395 vi.67.
254 315 312 379 IN
343 316 375 381 S.
401 316 654 381 JOANNEM.
701 315 881 381 LIB.IV.
928 315 1029 380 cAP.
1054 314 1120 378 111.
1224 313 1288 375 559

90 487 112 525 “
131 476 279 582 φόμεθα
302 478 422 580 αῦτίην,
441 478 560 584 ἀγαθὴ
584 476 745 585 σφόδρα·
782 486 811 560 εἰ
836 479 995 583 αἰρετίζει
1018 479 1110 577 ἡμᾶς
1136 475 1284 579 Κύριος,

90 610 112 647 “
131 599 268 708 εἰσάξει
292 603 384 701 ἡμᾶς
409 609 458 689 εἰς
485 603 630 702 αῦτὴν.”
660 602 762 683 ἀλλὰ
778 610 851 683 τῶν
867 602 1049 683 Ἰουδαίων
1067 606 1099 681 οἰ
1116 597 1288 704 πρόγονοι

91 730 308 805 καταλιθοῦν
329 725 394 824 μέν
418 725 473 808 ὅτι
500 727 629 829 πρέποι
658 725 723 807 τὸν
740 729 885 827 Ἰησοῦν
910 726 1128 806 διετείνοντο·
1157 731 1221 803 τοῦ
1250 720 1288 801 δέ

89 843 208 926 πάντα
227 850 415 953 ἰσχύοντος
434 857 530 931 Θεοῦ
547 848 590 931 τὸ
612 850 723 951 μηδὲν
741 849 917 931 δύνασθαι
940 845 1286 955 καταφπηφιζόμενοι,

58 978 112 1043 5“
131 970 343 1058 καθίσαντες
380 969 553 1072 ἐκλαιον,”
584 973 678 1056 καθά
708 974 917 1078 γέγραπται,
947 975 1006 1051 καί
1042 969 1288 1076 παροξύνουσι
1333 976 1456 1107 {um-¹¹·

89 1089 154 1192 μέν
174 1095 233 1175 ἐπὶ
259 1095 397 1181 τούτοις
419 1094 561 1182 εἰκότως
581 1096 645 1178 τὸν
668 1096 838 1177 ἀπόντων
857 1091 1063 1187 Δεσπότην.
1101 1091 1221 1191 ἐπειδὴ
1250 1089 1323 1170 δέἀ

90 1213 187 1314 ἦσαν
204 1220 358 1303 ἀπειθεῖς
376 1221 469 1300 οὕτω
487 1223 546 1300 καί
565 1222 745 1325 ῦβρισταί,
759 1223 823 1319 τῆς
840 1217 1057 1320 ἐπαγγελίας
1075 1214 1289 1297 ἀποπεπτοί-
1351 1215 1354 1222 ’

91 1369 211 1420 κασιν·
247 1351 269 1389 “
286 1344 352 1427 Ὠς
375 1341 447 1447 γάρ
471 1342 611 1442 ὤμοσα,
630 1348 760 1448 φησὶν,
779 1345 817 1423 ἐν
841 1347 887 1447 τῇ
911 1342 1004 1447 ἀργῇ
1028 1375 1097 1440 μου
1119 1345 1165 1420 Εἰ
1189 1345 1284 1419 εἰσε·

91 1472 113 1511 “
131 1464 324 1546 λεύσονται
360 1471 408 1550 εἰς
444 1464 510 1567 τὴν
547 1464 774 1548 κατάπαυσίν
810 1464 914 1565 μου.”
971 1462 1047 1545 εἰτα
1082 1463 1121 1544 τί
1151 1460 1195 1543 τό
1231 1463 1289 1544 ἐπὶ

41 1585 255 1686 ιοτούτοις,
294 1593 549 1691 παλινδρομεῖν
576 1590 705 1688 αὐτοῖς,
731 1593 789 1669 καί
817 1588 936 1670 ὀπίσω
963 1585 1119 1689 βαδίζειν
1144 1588 1290 1669 ἐσαῦθις

90 1709 264 1791 ἐπιτάττει
278 1708 380 1796 Θεός·
408 1711 506 1815 λε’γει
523 1710 596 1816 γάρ
611 1709 703 1816 πρδς
724 1710 889 1793 Μωυσέα
903 1721 926 1759 “
937 1714 1071 1814 Αὔριον
1088 1707 1290 1812 ἀπάραντες
1333 1710 1437 1840 {2³3⁵

91 1842 114 1881 “
132 1834 378 1940 ἐπιστράφητε
407 1836 503 1932 ὑμεῖς
530 1834 616 1917 ὁδὸν
637 1834 837 1916 θάλασσαν
856 1831 1037 1938 ἐρυθρόν.”
1074 1831 1193 1932 ἐπειδὴ
1216 1830 1290 1935 γάρ

90 1960 267 2036 εἰσελθεῖν
297 1959 362 2038 οῦκ
396 1958 663 2059 ἐβουλήθησαν,
692 1963 741 2043 εἰς
773 1955 819 2057 ἢν
848 1955 1056 2057 ἐκλήθησαν
1086 1960 1167 2057 γῆν,
1198 1955 1289 2052 πέμ

88 2113 217 2160 πονται
247 2079 338 2183 πρὸς
369 2080 619 2188 ἀποστροφὴν,
647 2086 705 2162 καί
733 2079 801 2181 τὴν
826 2078 939 2181 αὐτὴν
965 2081 1065 2163 αὖθις
1094 2080 1318 2159 ἀνελίττεινο

35 2229 78 2303 ι5
91 2200 175 2281 ὁδὸν
206 2200 476 2307 ἀναγκάζοντα·
519 2204 561 2284 οῦ
597 2202 670 2306 γὰρ
705 2200 895 2304 ἠθέλησαν
931 2204 1178 2302 ἀκολουθῆσαι
1213 2209 1289 2286 τοῖς

89 2328 214 2426 Ἰησοῦ
242 2327 377 2428 λόγοις,
403 2324 482 2407 οῦδέ
510 2326 650 2429 ἀγαθὴν
677 2325 865 2410 ἀκούοντες
892 2323 959 2426 τὴν
982 2331 1067 2429 γῆν,
1091 2328 1288 2431 ἐτίμωντῇ

90 2449 292 2530 συναινέσει
309 2448 374 2531 τὸν
390 2451 616 2549 σύμβουλον.
645 2449 734 2552 ὅπερ
751 2450 815 2530 οῦν
833 2451 956 2530 ἐκεῖνοι
973 2448 1054 2530 τότε
1072 2448 1287 2546 πεπόνθασι,

90 2577 273 2654 τοῦτοκαὶ
291 2573 387 2654 οῦτοι
406 2573 492 2654 νυνί.
521 2571 771 2670 διδασκόμενοι
788 2570 860 2675 γάρ
877 2570 944 2674 τὴν
962 2570 1046 2654 ὁδὸν
1064 2577 1128 2673 τῆς
1146 2572 1288 2653 αἰωνίου

91 2694 191 2798 ζωῆς,
211 2700 270 2777 καί
296 2703 345 2781 εἰς
372 2694 531 2798 τὴντῶν
556 2697 716 2800 οὐρανῶν
739 2698 933 2792 βασιλείαν
954 2696 1149 2801 εἰστρέχειν
1171 2730 1289 2798 παρα-

33 2851 78 2892 oo
92 2819 314 2916 καλούμενοι,
343 2826 420 2904 ταῖς
455 2820 646 2903 ἀπειθείαις
683 2820 879 2924 ὑβρίζουσι·
921 2818 979 2900 διοί
1010 2827 1116 2899 τοῦτο
1147 2818 1289 2902 δικαίως

90 2940 240 3036 ἀπῆλθον
260 2949 304 3028 ιίς
329 2941 377 3023 τῖι
401 2944 520 3042 ἰπίσιν,
544 2944 601 3022 καί
629 2941 672 3021 τὸ
699 2941 931 3047 συμβαδίζειν
952 2943 1002 3022 ἐτι
1030 2947 1081 3050 τῷ
1110 2947 1287 3043 καθηγου-

89 3062 184 3173 μένῳ
200 3063 292 3167 πρὸς
309 3066 493 3167 σωτηρίαν
509 3071 586 3150 ταῖς
603 3066 739 3147 ἐαντῶν
757 3065 990 3167 δυστροπίαις
1008 3063 1243 3167 ζημιούμενοι.

1299 3239 1317 3280 a
1338 3227 1406 3283 882
1416 3224 1456 3282 Δ.

164 3323 261 3395 Εἰπεν
288 3326 345 3395 οὗν
372 3325 441 3396 τοῖο
467 3329 597 3397 δώδεκα
624 3331 794 3400 ὁἸιισοῡι
818 3328 875 3396 Ma
904 3328 957 3394 καί
984 3323 1074 3406 ὑμεῖς
1101 3329 1214 3397 θέλετε
1300 3350 1338 3423 ⁶7

1333 1333 1377 1383 Ρι.

1333 1402 1399 1450 xciv.
1411 1412 1449 1450 11.

611 3456 744 3529 ὑπάτειν
756 3485 765 3537 ;

36 3657 75 3716 25
146 3619 204 3697 Οῦ
221 3616 409 3722 προτρέπει
425 3615 516 3720 πρδς
534 3617 744 3699 ἀπόστασιν
761 3613 843 3701 τοῦς
868 3617 992 3719 ἁγίους
1016 3617 1246 3702 ἀποστόλους
1264 3619 1286 3697 ὁ

90 3740 208 3842 κύριος
232 3742 333 3841 ἡμῶν
356 3742 502 3840 Ἰησοῦς
526 3741 546 3818 ὁ
570 3739 743 3844 Χριστός,
765 3740 845 3821 ούδέ
871 3740 1061 3844 ἐλευθέραν
1083 3740 1200 3824 αιίτοῖς
1227 3742 1286 3819 καί

89 3861 357 3965 ἀκατηγόρητον
385 3870 447 3941 τοῦ
473 3860 688 3964 πράγματος
714 3861 916 3943 ἐπιδεικνύει
945 3860 1011 3961 τὴν
1037 3862 1172 3958 ἄδειαν,
1198 3862 1284 3940 ἀλλ’

89 3983 168 4064 οιίδέ
193 3985 389 4088 προχείρως
413 3984 596 4065 ἀπονεύειν
620 3984 775 4092 ἐφίησιν,
794 3988 843 4070 ὡς
868 3983 968 4065 οιίδέν
988 3983 1222 4083 πεισομένους
1248 3986 1287 4065 ἐκ

89 4106 215 4186 τούτου
244 4105 288 4187 τὸ
315 4104 471 4202 βλάβος·
516 4109 657 4188 ἀπειλεῖ
681 4106 719 4187 δέ
746 4114 891 4208 μῦλλον
918 4108 1067 4213 εὐφυῶς,
1095 4109 1144 4190 ὡς
1177 4112 1206 4186 εἰ
1235 4104 1286 4207 μὴ

129 4335 152 4372 1.
171 4318 276 4387 ἐρετίζιι
290 4318 323 4373 Β.
424 4335 450 4374 2.
468 4319 582 4388 εἰσάξειν
596 4318 628 4374 Β.
723 4317 750 4371 8.
770 4317 801 4371 Εἰ
812 4336 867 4372 om.
881 4316 915 4372 Β.
929 4317 1017 4387 (Alex.
1026 4316 1115 4441 grim
1125 4333 1163 4371 m.
1178 4314 1229 4372 106
1241 4316 1287 4404 213)

93 4405 133 4443 10.
152 4388 234 4460 τούτῳ
249 4389 280 4442 Β.
328 4387 587 4444 αῦτυῦςῦοιιςοπ.
680 4386 721 4442 16.
739 4387 786 4478 την
791 4397 967 4476 αοοαωρςυω
980 4404 1012 4441 ex
1052 4427 1072 4478 ‘.
1110 4457 1117 4478 ’
1151 4403 1287 4474 173avn·

90 4481 133 4582 εἴ
146 4458 476 4600 ἰέὶθωτιηίὶηηέἕῑὲιφηίξφω
489 4477 522 4514 ex
537 4461 569 4515 B.
677 4474 720 4513 22.
739 4480 823 4512 αυτων
836 4457 870 4515 Β.
975 4471 1018 4528 25.
1037 4465 1090 4512 Ονιι
1101 4478 1241 4528 οποτρεπει
1253 4457 1287 4512 Β.
