3038 5018
114 297 156 362 vi.
170 314 224 386 53.
293 303 350 368 IN
380 305 414 370 S.
437 305 692 371 JOANNEM.
738 306 834 371 LIB.
859 305 918 370 IV.
964 302 1137 421 1ΟΑΡ.ΙΙ.
1247 302 1311 364 529

114 461 266 566 μότερον
276 469 421 568 πείθων,
431 468 474 549 τὸ
491 469 673 551 πιστεύειν
687 468 848 576 διδάξειε.
874 467 1133 549 πεπιστευκόσι
1151 467 1223 568 γὰρ
1241 465 1344 565 ἧδηιί

113 589 173 666 καὶ
201 586 243 668 τδ
270 590 462 687 μανθάνειν
483 593 659 673 δύνασθαι
683 592 891 695 πρεπόντως
915 595 1113 672 ἀκολουθεῖ.
1153 594 1226 671 ἐπεὶ
1251 594 1310 671 καὶ

114 712 207 790 οὕτω
226 717 341 816 φησὶν
360 717 380 794 ό
399 715 589 822 προφήτης
605 714 765 799 Ἡσαΐας
777 725 798 762 “
810 713 901 794 Ἐδιν
920 714 992 817 γὰρ
1010 713 1061 814 μὴ
1079 715 1309 812 πιστεύσητε,
1354 729 1477 795 Μὶν·

115 843 137 881 “
155 834 232 914 οὐδ’
252 838 293 916 ού
317 838 368 937 μὴ
394 838 556 938 συνητε.”
588 839 717 918 οὐκοῦν
735 838 802 916 ἔδει
818 837 1118 941 προεῤῥιζωμένης
1136 840 1174 917 ἐν
1192 837 1311 920 αὐτοῖς

82 961 179 1056 57ης
202 961 370 1058 πίστεως,
393 961 557 1066 δευτέραν
578 961 864 1067 ἐπεισκρίνεσθαι
892 960 959 1060 τὴν
980 962 1036 1066 ἐφ’
1057 960 1109 1045 οῖς
1136 963 1311 1064 ἀγνοοῦσι

115 1080 278 1174 σύνεσιν,
309 1089 369 1198 καὶ
404 1087 447 1165 οὐ
482 1083 732 1188 πρεσβυτέραν
760 1088 824 1183 τῆς
860 1084 1016 1168 πίστεως
1052 1088 1208 1188 ὁρᾶσθαι
1245 1083 1312 1183 τὴν

115 1201 274 1306 ζήτησιν.

171 1328 245 1408 Διὰ
271 1330 405 1429 ταύτην
422 1328 519 1430 οἶμαι
537 1330 603 1431 τὴν
621 1332 737 1411 αἰτίαν
754 1335 877 1433 παρεὶς
902 1331 1045 1415 εἰκότως
1071 1334 1092 1412 ὁ
1113 1330 1245 1432 Κύρως
1269 1327 1312 1409 τὸ

116 1451 235 1553 λέγειν
273 1454 402 1551 αὐτοῖς,
438 1456 519 1534 τίνα
559 1452 696 1557 τρόπον
731 1455 900 1535 ἐπιδώσει
941 1452 1007 1554 τὴν
1040 1453 1162 1556 σάρκα
1202 1456 1312 1534 αὐτοῦ

62 1600 102 1642 10
116 1578 255 1679 φαγεῖν,
287 1578 345 1656 ἐπὶ
376 1575 419 1656 τὸ
452 1582 580 1681 χρῆναι
610 1577 791 1659 πιστεύειν
821 1578 893 1680 πρὸ
925 1583 989 1678 τῆς
1020 1578 1162 1682 ἐρεύνης
1193 1583 1341 1656 καλεῖο

114 1704 188 1780 τοῖς
218 1697 290 1799 γὰρ
321 1701 390 1799 ἤδη
422 1699 689 1797 πεπιστευκόσι,
719 1700 920 1808 διακλύσας
951 1699 1015 1781 τόν
1043 1701 1153 1803 ἄρτον
1179 1702 1309 1797 ἐδίδου,
1450 1699 1451 1702 “

115 1817 234 1920 λέγων
252 1831 274 1867 “
289 1821 441 1919 Λάβετε,
460 1821 605 1928 φάγετε,
624 1823 730 1902 τοῦτό
752 1827 831 1904 ε’στι
856 1823 899 1904 τὸ
923 1824 1033 1922 σῶμά
1050 1826 1154 1922 μου·”
1183 1823 1312 1922 ὁμοίως
1356 1818 1480 1935 ξδξζδξξζ

116 1939 154 2021 δέ
171 1945 231 2020 καὶ
248 1949 298 2027 εἱς
319 1943 457 2030 πάντας
480 1946 523 2025 τὸ
547 1944 718 2046 ποτήριον
739 1947 973 2047 περιενεγκών
992 1947 1131 2039 Λάβετε
1150 1957 1172 1994 “
1185 1947 1310 2041 πίετε,”
1357 1967 1397 2081 1}-
1413 1977 1451 2031 ²7,

116 2067 243 2168 φησὶν,
264 2077 286 2113 “
299 2067 343 2173 ἐξ
359 2069 467 2147 αὐτοῦ
483 2066 626 2151 πάντες·
656 2075 762 2147 τοῦτο
781 2067 852 2170 γάρ
874 2072 954 2148 ἐστι
978 2067 1019 2148 τὸ
1045 2067 1133 2165 αἷμά
1155 2103 1224 2167 μου
1249 2073 1313 2167 τῆς
1359 2045 1399 2084 π’

62 2204 102 2265 15
116 2197 138 2234 ‘⁴
157 2188 326 2289 διαθήκης
353 2188 395 2270 τδ
424 2189 511 2292 ύπέρ
537 2197 691 2272 πολλῶν
712 2193 946 2295 ἐκχυνόμενον
967 2197 1015 2275 είς
1040 2192 1174 2297 ἄφεσιν
1192 2193 1309 2292 ἁμαρ·

115 2318 138 2357 “
155 2314 276 2390 τιῶν.”
317 2315 403 2420 ὁρᾷς
439 2312 536 2397 ὅπως
571 2321 647 2397 τοῖς
683 2313 749 2411 μὲν
780 2315 1050 2413 άνοηταίνονσιν
1082 2316 1144 2412 ἔτι,
1175 2317 1235 2394 καὶ
1271 2311 1314 2393 τὸ

114 2433 297 2514 πιστεύειν
315 2436 489 2539 ἀζήτητον
511 2435 775 2542 ἐξωθουμένοις,
793 2437 857 2515 οὐκ
881 2438 1057 2544 ἐξηγεῖται
1080 2445 1146 2517 τοῦ
1169 2468 1343 2537 μυστηο
1367 2453 1480 2510 861&

114 2554 194 2656 ρίου
229 2556 293 2637 τὸν
329 2558 474 2660 τρόπον,
511 2565 586 2643 τοῖς
621 2557 659 2639 δέ
695 2559 763 2659 ἤδη
798 2559 1058 2640 πεπιστευκόσι
1093 2561 1313 2664 σαφέστατα

117 2677 260 2761 διειπὼν
285 2682 510 2783 εύρίσκεταις
551 2680 780 2761 ἀκουέτωσαν
803 2684 922 2762 τοίνυν
947 2688 980 2763 οἱ
1007 2684 1073 2784 τὴν
1097 2684 1224 2764 πίστιν
1246 2682 1314 2781 τὴν

62 2825 104 2867 20
116 2805 165 2883 εἰς
183 2801 349 2903 Χριστὸν
366 2805 410 2911 ἐξ
432 2806 553 2889 ἀνοίας
577 2805 677 2884 οὔπω
701 2803 986 2911 παραδεξάμενοι
1003 2805 1083 2886 Ἐλν
1100 2804 1148 2907 μῆ
1173 2805 1313 2913 φύγητε

115 2919 170 3015 την
187 2925 304 3029 σιίρκοι
322 2929 377 3006 rofi
394 2930 460 3007 υἱοῦ
476 2930 532 3008 τού
547 2923 711 3034 ἀνθρύπου
736 2935 796 3007 καί
821 2932 916 3021 πίητε
942 2932 1041 3008 αὐτοῦ
1066 2928 1101 3008 τδ
1128 2928 1230 3034 αἷμα,
1252 2935 1311 3010 οὐκ

116 3045 211 3143 ἐχετε
239 3045 318 3156 ζωὴν
346 3049 469 3130 οιίύνιον
497 3051 527 3130 ἓν
555 3052 695 3136 ἑαυτοῖς·
745 3050 913 3154 άμέτοχοι
941 3049 1012 3152 γὰρ
1038 3058 1224 3135 παντελῶς
1252 3055 1311 3131 καὶ

115 3168 285 3271 ἄγευστοι
304 3170 509 3271 διαμένουσι
526 3177 591 3272 τῆς
612 3174 651 3250 ἐν
668 3174 840 3279 ἁγιασμῷ
863 3175 923 3251 καὶ
946 3173 1179 3274 μακαριότητι
1204 3174 1308 3276 ζωῆς,

115 3295 148 3370 οῖ
167 3289 225 3370 διὰ
242 3297 306 3391 τῆς
322 3298 498 3394 μυστικῆς
516 3295 681 3396 εὐλογίας
699 3295 741 3373 οὐ
762 3292 1047 3400 παραδεξάμενοι
1069 3292 1133 3375 τδν
1150 3297 1307 3395 Ἰησοῦν.

61 3445 102 3506 25
116 3411 185 3514 ζωὴ
203 3414 359 3520 μὲνγὰρ
378 3416 470 3496 κατὰ
488 3416 603 3522 φύσιν
620 3419 710 3515 ἐστὶ,
729 3416 819 3496 καθὸ
841 3420 899 3496 καὶ
923 3419 962 3496 ἐκ
988 3414 1117 3518 ζῶντος
1140 3417 1344 3521 ἐγεννήθηῑ)

116 3536 271 3638 Πατρός·
300 3539 471 3642 ζωοποιὸν
490 3538 529 3619 δέ
546 3539 646 3619 οὐδὲν
663 3539 772 3639 ἦττον
791 3537 908 3619 καὶτὸ
932 3537 1034 3642 ἅγιον
1053 3542 1161 3620 αὑτοῦ
1185 3546 1308 3638 σῶμα,

114 3661 415 3765 συνενηνεγμένον
447 3661 582 3765 τρόπον
612 3661 693 3741 τινὰ
729 3664 788 3741 καὶ
825 3664 985 3764 οἱῤῥήτως
1022 3663 1152 3743 ἐνωθέν
1182 3669 1234 3770 τῷ
1264 3663 1311 3742 τά

114 3780 232 3861 πάντα
254 3785 486 3887 ζωογονοῦντι
507 3783 629 3893 Λόγῳ·
661 3785 717 3863 διὸ
735 3786 843 3864 αὐτοῦ
862 3786 1085 3888 λελόγισται,
1105 3789 1162 3865 καί
1189 3790 1237 3869 ὡς
1262 3783 1311 3869 εἶς

115 3912 244 3985 νοεῖται
268 3906 339 3987 σύν
358 3909 464 4013 αὐτῷ.
506 3909 699 4009 ἀδιαίρετος
727 3906 798 4009 γὰρ
822 3907 913 4004 μετὰ
936 3907 1002 4007 τὴν
1024 3908 1308 4009 ε’νανθριόπησιν,

62 4058 102 4115 30
114 4025 213 4127 πλὴν
232 4028 322 4108 ὅσον
340 4034 389 4112 είς
406 4027 449 4108 τὸ
468 4028 593 4108 είδέναι
614 4026 678 4109 τδν
696 4031 734 4108 ἐκ
754 4035 851 4109 θεοῦ
870 4029 1015 4131 Πατρός
1037 4031 1168 4129 ἥκοντα
1188 4027 1311 4131 Λόγον

153 4304 194 4362 15.
214 4269 368 4360 κρίμνον
381 4291 415 4347 Β.
506 4307 548 4417 13.
567 4292 690 4362 ιηηεο
703 4292 736 4347 B.
749 4292 877 4362 οηηγο,
890 4290 941 4347 ιιι.
1031 4309 1074 4346 20.
1093 4292 1155 4348 ὀυ
1167 4294 1200 4349 Β.
1213 4295 1245 4349 ιν
1258 4294 1311 4351 ιιι.

116 4378 158 4414 22.
176 4361 277 4414 οίώνιον
288 4371 458 4432 assumptum
470 4380 503 4416 ex
543 4365 602 4433 ,(ιι)
681 4379 725 4433 ²3·
744 4362 893 4431 διαμένουσι
906 4362 939 4417 Β.
950 4363 1058 4432 μένουσι
1070 4363 1122 4417 Ed.
1201 4382 1243 4431 24·
1260 4364 1312 4433 Ἰη·

114 4430 392 4558 ἓνίννῗῐῦῃιὲιῑξῃηίδν
404 4433 440 4488 D.
453 4432 504 4488 Ed.
638 4446 680 4504 27.
700 4430 927 4504 συνενηνκγμίνον]
941 4433 1102 4503 συνημμένον
1114 4431 1196 4488 Cord.
1209 4436 1311 4490 nullam

160 4601 231 4647 τοι.
248 4604 270 4648 1.
694 4605 714 4670 3
730 4604 750 4646 ν
