3038 5018
260 297 283 357 4
564 294 604 358 Β.
629 293 837 359 CYRILLI
867 293 1154 359 ALEXANDR.

260 454 380 558 ἐτέρας
417 456 653 536 ὑποδεικνύειν
684 460 841 557 ἐντολῆς,
874 457 971 559 πολὺ
1001 464 1075 537 τῶν
1105 452 1275 536 τοιούτων
1306 449 1457 558 ἀφειδή·

262 612 381 657 σαντα
420 581 480 659 καὶ
519 579 634 680 λόγον
670 582 795 661 ούδένα
829 581 1078 680 πεποιημένον.
1136 580 1174 659 τί
1207 576 1279 679 γάρ
1317 575 1361 676 δή
1402 578 1461 654 καὶ

95 704 172 755 Dm
272 704 282 729 ε
355 699 366 725 ι
497 700 508 726 ι
595 705 604 730 2
629 706 641 735 ε
703 710 720 727 Α
908 703 919 732 p
1089 703 1100 732 μ
1264 706 1281 723 Α
1307 731 1316 750 ι
1338 707 1359 744 ‘4
1428 692 1440 721 ε

94 769 137 820 vii.
149 781 172 832 5·
263 735 439 782 επιταττει
456 712 568 781 πάλιν
586 738 642 783 επι
660 738 733 786 τοις
751 707 996 809 φευδωνυμοις
1015 708 1184 805 γενεσθαι
1203 708 1317 794 θεοις,
1366 702 1462 780 Τονς

264 834 287 872 “
304 821 449 921 βωμοὺς
483 826 601 905 αὐτῶν
630 832 822 924 καθελεῖτε,
852 829 957 934 φησὶ,
989 829 1048 905 καὶ
1075 825 1140 908 τάς
1172 823 1314 923 στήλας
1345 821 1464 899 αὐτῶν

265 956 287 995 “
305 946 538 1052 συντρίφατε,
565 949 623 1027 καὶ
647 947 694 1027 τά
718 949 821 1048 ἀλση
847 950 964 1029 αὐτῶν
985 945 1195 1053 ἐκκόψατε.”
1233 942 1333 1047 παρά
1357 942 1401 1022 δέ
1420 968 1495 1042 γε5

263 1068 306 1148 τὸ
343 1073 471 1148 οῖκεῖον
507 1069 768 1173 θυσιαστήριον
805 1077 1042 1174 γεωργεῖσθαι
1085 1069 1198 1176 ξύλον
1235 1068 1299 1146 ούκ
1339 1065 1464 1172 ἐφίησι

97 1196 138 1312 R:
150 1195 202 1247 ”¹0
263 1197 464 1274 παντελῶς·
508 1202 529 1238 “
542 1193 600 1272 Οῦ
632 1191 822 1298 φυτεύσεις
850 1193 923 1296 γὰρ
950 1200 1091 1299 σεαυτῷ
1118 1197 1192 1272 πᾶν
1219 1189 1337 1272 ἀλσος
1364 1182 1465 1286 παρὰ

235 1323 287 1390 ο“
304 1312 347 1392 τό
374 1312 635 1417 θυσιαστήριον
665 1316 800 1418 Κυρίου
829 1324 893 1396 τοῦ
921 1322 1016 1396 Θεοῦ
1044 1316 1137 1395 σαυ”
1168 1316 1226 1393 καὶ
1255 1309 1464 1414 διαγγέλλει

265 1441 408 1540 σαφῶς.
447 1439 505 1514 καὶ
528 1442 557 1516 εἰ
580 1436 650 1542 χρὴ
668 1436 805 1522 τούτοις
827 1473 862 1518 τι
883 1445 1101 1541 προσειπεῖν,
1121 1435 1212 1516 κατά
1229 1434 1292 1515 τὸν
1312 1439 1465 1514 Παῦλον

98 1559 220 1690 όοιοόὴ·
265 1560 333 1660 ἐρῶ
358 1557 422 1638 τόν
439 1559 657 1665 σοφώτατον
675 1570 698 1607 “
711 1560 778 1660 Μὴ
803 1567 877 1640 τῶν
893 1559 1017 1667 ξύλων
1034 1558 1136 1660 μέλει
1158 1563 1209 1665 τῷ
1230 1564 1339 1664 Θεῲ;
1375 1551 1462 1654 ήδί
1480 1584 1515 1625 10

114 1662 122 1687 ’
266 1689 289 1727 “
307 1681 399 1780 ἡμᾶς
427 1679 571 1765 πάντως
599 1683 697 1785 λέγει
709 1685 743 1780 ;”
773 1682 831 1762 διά
855 1684 1066 1788 παχυτερων
1085 1680 1384 1785 παραδειγμάτων
1407 1681 1467 1758 ἐπὶ

266 1800 331 1885 τάς
366 1809 440 1882 τῶν
475 1812 723 1903 πνευματικῶν
760 1807 907 1909 θεωρίας
944 1812 1187 1911 χειραγωγῶν.
1239 1805 1366 1883 οῦκοῦν
1396 1802 1466 1901 ἤδη

267 1923 442 2024 λέγωμεν,
460 1925 515 2005 δτι
538 1926 585 2006 τά
606 1928 672 2028 μέν
693 1934 766 2009 τῶν
791 1930 947 2009 ἀνοσίων
972 1934 1155 2032 αἱρετικῶν
1179 1923 1465 2029 συγγράμματα,

267 2044 391 2131 πόλεις
416 2046 463 2126 ἀν
485 2056 634 2142 νοοῖντο,
659 2053 717 2131 καὶ
745 2053 809 2131 οῦκ
837 2050 1012 2156 ἀκόμψως
1040 2047 1135 2155 τάχα
1164 2055 1208 2154 τῇ
1235 2057 1299 2128 τοῦ
1327 2048 1469 2146 κόσμον

268 2170 384 2276 σοφίᾳ
414 2174 472 2249 καὶ
504 2172 750 2257 πολυπλόκοις
782 2171 969 2273 νοημάτων
997 2171 1149 2257 ἀπάταις
1180 2171 1466 2274 πεπυργωμέναι·
1485 2204 1515 2260 15

268 2292 467 2399 ἀφικνεῖται
503 2293 617 2396 γεμήν
649 2296 942 2398 ἐκπολιορκήσων
974 2294 1094 2387 αῦτάς,
1128 2298 1187 2375 καὶ
1222 2295 1356 2398 τρόπον
1388 2292 1469 2373 τινά

102 2408 210 2538 1.ξῖἶὶ
235 2420 411 2500 ᾱκνκλῶν
447 2415 633 2520 περιῖζοίνει
671 2430 693 2467 “
706 2418 770 2499 τὸν
805 2424 869 2517 τῆς
903 2421 1059 2502 πίστεως
1097 2416 1222 2520 θυρεόν
1259 2415 1468 2512 ἀναλαβὼν,

269 2545 291 2582 “
308 2539 367 2615 καὶ
384 2535 451 2635 τὴν
469 2547 533 2617 τοῦ
552 2540 760 2640 Πνεύματος
778 2543 968 2646 μάχαιραν,
987 2542 1008 2622 ό
1030 2546 1109 2622 ε’στι
1132 2544 1229 2645 ῥῆμα
1248 2539 1377 2630 Θεοῦ,”
1395 2544 1468 2622 παῖς

268 2691 322 2742 τις
341 2661 361 2736 ὁ
379 2667 452 2743 τοῖς
470 2666 572 2764 ἱεροῖς
591 2667 654 2763 τῆς
672 2666 893 2765 Ἐκκλησίας
911 2662 1211 2767 ἐπαγωνιῷμενος
1229 2660 1397 2765 δόγμασι,
1409 2664 1468 2740 καὶ

269 2783 387 2862 σθένει
409 2787 516 2865 παντὶ
538 2793 615 2871 τοῖς
640 2789 780 2868 ἐκείνων
797 2788 1050 2894 φευδομυθίαις
1069 2785 1375 2884 ἀντιταττόμενος,
1397 2795 1463 2863 λο-
1481 2821 1515 2862 ιο

270 2907 425 3007 γισμούς
452 2942 491 2987 τε
516 2917 695 3013 καθαιρεῖν
719 2909 930 3010 μελετήσας,
955 2915 1003 2996 ὡς
1030 2914 1050 2990 ὁ
1076 2907 1225 2993 Παῦλός
1249 2915 1355 3016 φησι,
1373 2917 1396 2954 “
1409 2910 1469 2986 καὶ

271 3038 293 3077 “
310 3034 384 3108 πᾶν
403 3033 539 3136 ύφωμα
562 3031 791 3135 ἐπαιρόμενον
809 3033 900 3114 κατὰ
924 3039 987 3133 τῆς
1012 3034 1180 3135 γνώσεως
1202 3040 1266 3112 τοῦ
1284 3037 1390 3127 Θεοῦ,
1410 3034 1470 3109 καὶ

271 3162 293 3199 “
311 3155 582 3258 αῖχμαλωτίζων
603 3162 677 3237 πᾶν
702 3155 818 3256 νόημα
843 3163 891 3241 είς
913 3155 979 3256 τὴν
998 3155 1157 3256 ὑπακοήν
1179 3164 1242 3234 τοῦ
1269 3155 1467 3256 Χριστοῦ.”

241 3274 358 3354 οόταν
385 3277 448 3355 οὖν
476 3279 497 3355 ό
524 3286 693 3377 τοιοῦτος,
723 3286 827 3386 φησὶ,
853 3279 1077 3383 στρατιώτης
1105 3285 1281 3381 Χριστοῦ,
1309 3273 1470 3378 καθάπερ

271 3397 351 3476 τινά
382 3403 451 3497 γῆν
484 3397 701 3505 ἀλλόφυλον
732 3401 779 3480 τά
814 3401 924 3505 πικρά
960 3409 1032 3481 τῶν
1064 3401 1236 3505 αἱρέσεων
1268 3406 1515 3502 περινοστεῖτε

272 3516 554 3619 συγγράμματα,
582 3518 736 3621 δένδροις
768 3554 807 3599 τε
838 3518 1087 3624 περιτυγχάνει
1116 3527 1189 3603 τοῖς
1222 3516 1470 3622 ἡμερωτάτοις,

273 3637 466 3738 τουτέστιν,
497 3639 542 3719 ἀν
572 3641 705 3742 λόγους
737 3643 883 3747 εῦρίσκῃ
917 3641 999 3726 τοῦς
1031 3642 1104 3723 ἀπὸ
1134 3647 1198 3742 τῆς
1230 3641 1472 3723 θεοπνεύστον

273 3768 428 3872 γραφῆς,
458 3761 481 3865 ἢ
510 3770 707 3872 προφητῶν
737 3765 904 3864 δηλονότι
932 3766 1023 3870 ῥητὰ
1052 3764 1350 3868 περιειλκυσμένα
1380 3762 1471 3867 πρός

311 3969 335 4008 1.
352 3936 526 4042 {snoaeivaeav
539 3953 571 4006 Β.
585 3952 750 4008 ἐπιδεικνύειν
762 3952 814 4007 Ed.
894 3955 1267 4046 53wv2rpfdmre-e'xxdssare
1281 3954 1314 4046 Β.
1328 3955 1382 4025 (19.
1399 3955 1471 4022 118.)

273 4023 1290 4174 BPPPPP⁶½P⁸21P
1303 4035 1472 4166 assPPP

276 4169 306 4226 ÷
321 4162 380 4232 τερὶ
393 4161 445 4217 Ed.
457 4165 541 4218 mvito
555 4163 587 4217 Β.
635 4162 832 4234 &assumptum
845 4182 876 4217 ex
892 4165 924 4217 B.
1173 4179 1213 4235 15.
1230 4164 1426 4235 πεπυργωμέναι
1440 4164 1474 4219 Β.

273 4231 459 4303 πεπυργωμένα
472 4233 523 4287 Ed.
793 4248 834 4304 17.
853 4237 953 4289 κυκλῶν
964 4236 1102 4304 περιῖζάνει
1115 4233 1147 4287 Β.
1161 4233 1245 4287 κύκλω
1256 4237 1407 4303 περιῖζάνιιν
1421 4234 1473 4289 Ed.

277 4317 318 4372 19.
337 4323 376 4358 τις
387 4313 557 4373 assumptum
569 4321 601 4357 ex
614 4303 646 4356 B.
695 4303 910 4374 ἐπαγωνιζόμενος
924 4305 984 4359 Β.ε’
993 4344 1092 4359 ......
1106 4287 1272 4372 ζόμενοςΒδ.
1353 4322 1395 4375 23·
1414 4304 1473 4375 αι’χ-

273 4373 424 4439 μολωτίζων
437 4371 469 4425 Β.
481 4374 711 4461 αῖγμαλωτίζοντες
723 4373 773 4428 Ed.
924 4391 966 4442 25.
983 4375 1039 4429 τινὰ
1050 4377 1099 4446 γήν
1113 4375 1145 4428 Β.
1157 4395 1182 4428 τι
1196 4413 1202 4429 .
1214 4412 1220 4427 .
1232 4414 1239 4428 .
1251 4416 1257 4429 .
1271 4415 1277 4430 .
1292 4374 1343 4430 Ed.
1391 4375 1471 4428 ἀλλά·

274 4442 361 4511 φυλον
371 4441 404 4496 Β.
416 4441 576 4514 ἀλλοφυλων
586 4443 637 4498 Ed.
671 4447 820 4514 περινοστεῖ
833 4444 866 4499 Β.
878 4449 1018 4515 περινοστῇ
1031 4446 1065 4498 D.
1077 4443 1217 4513 περινοήση
1230 4444 1282 4499 Ed.
1354 4446 1397 4499 τό.
1412 4444 1473 4514 ήμε-

274 4512 435 4578 ριιτάτοιςΒ
437 4550 540 4568 ......
551 4514 637 4570 τάτοις
650 4513 685 4568 Ι).
701 4517 847 4571 ...τόποις
859 4515 910 4570 Ed.
1018 4517 1060 4571 28.
1078 4514 1143 4585 ῥητὰ
1157 4514 1189 4569 Β.
1201 4512 1301 4585 ῥήματα
1314 4514 1366 4570 Εδ.
