3038 5018
226 287 291 348 ιω
530 286 569 349 Β.
592 284 800 349 cmm
832 283 1120 348 ALEXANDR.
1322 283 1431 362 mo.

61 439 161 490 Mauo.
254 450 305 477 ἰ
611 450 620 475 Ι
810 448 963 475 *²*
1052 448 1112 475 ιε
1200 450 1209 473 ι
1315 448 1409 494 “x

60 506 129 556 ,ὤ
143 519 181 555 ,0,
228 483 428 551 ευρισκοιτο
464 460 699 553 κληρονομος.
756 485 847 551 προς
883 485 991 530 αυτον
1024 452 1062 529 δε
1097 482 1117 527 ο
1151 454 1284 549 Κυριος
1355 453 1434 531 Τας

228 582 250 620 “
267 573 416 658 ε’ντολός
456 608 528 654 που
568 572 713 658 πάντως
754 572 874 671 οἶσθα,
912 578 1038 679 φησὶν,
1076 573 1119 652 ού
1155 571 1353 679 φονεύσεις,
1390 573 1434 651 ού

228 708 250 745 “
266 698 480 803 μοιχεύσεις,
509 699 572 777 ούκ
600 695 855 799 ἐπιορκήσεις,”
885 702 942 776 καὶ
974 697 1046 777 ὅσα
1078 695 1217 779 τούτοις
1250 693 1434 797 συνήρμο-

228 855 324 903 σται.
362 822 448 900 ἀλλ’
474 825 523 905 ὡς
550 815 686 900 τούτων
714 821 856 905 οὐδενὸς
883 825 1013 905 ἐκεῖνος
1040 820 1090 900 ἔτι
1118 818 1296 917 δεόμενος,
1322 816 1345 918 ἢ
1373 821 1433 896 καὶ

60 961 178 1017 θΟΘΔ·
199 977 217 1016 ο
227 945 449 1045 μαθημάτων
465 943 641 1051 ἐξήγησιν
659 942 757 1024 πολύ
782 949 846 1043 τῆς
869 944 1019 1044 ἐνούσης
1044 943 1150 1050 ἕξεως
1175 942 1467 1047 ύστερίζουσαν5

60 1063 184 1179 Ἢ·
229 1070 270 1148 ού
297 1066 575 1173 καταδεχόμενος
605 1079 628 1116 “
641 1074 779 1167 Ταῦτα,
809 1072 915 1174 φησὶ,
944 1069 1063 1150 πάντα
1096 1070 1135 1147 ἐκ
1167 1065 1331 1166 νεότητός
1360 1100 1433 1164 μου

229 1202 251 1240 “
268 1196 455 1294 τετήρηκα·
498 1192 537 1272 τί
561 1190 599 1271 δέ
626 1192 676 1272 ἐτι
706 1194 845 1296 ύστερῶ
862 1195 895 1290 ;”
934 1192 1022 1295 όπερ
1051 1194 1114 1273 οὖν
1141 1195 1270 1274 ἐκεῖνος
1296 1191 1433 1296 ἀμαθίᾳ

228 1314 403 1423 συζεύξας
427 1314 494 1414 τὴν
513 1317 714 1422 ὑπεροψίαν
731 1313 774 1395 τό
793 1319 845 1397 Τί
864 1318 916 1398 ἔτι
940 1322 1056 1422 φησὶν
1074 1319 1224 1417 ύστερῶ,
1243 1320 1349 1394 τοῦτο
1373 1315 1434 1393 καὶ

227 1439 324 1519 οὗτοι
342 1437 401 1519 διὰ
418 1436 566 1537 πολλὴν
583 1439 677 1540 ἅγαν
696 1440 904 1543 ἀλαζονείαν
922 1475 960 1520 τε
979 1443 1069 1538 ὁμοῦ
1088 1444 1145 1520 καὶ
1165 1438 1435 1544 δοκησισοφίαν

228 1562 379 1664 λέγουσι
398 1565 443 1643 Τί
459 1565 615 1668 ποιούμεν
631 1563 686 1643 ’ίνοι
705 1562 925 1674 ἐργαζώμεθα
946 1565 980 1645 τὶ
1002 1568 1091 1671 ἔργον
1110 1566 1165 1644 το]
1184 1565 1289 1656 Θεῶς
1453 1599 1494 1640 το

283 1683 445 1788 Ἀγαθὸν
469 1686 532 1765 οὖν
554 1685 625 1789 ἄρα
652 1687 694 1766 τὸ
722 1688 865 1792 με’τριον
888 1688 1067 1792 φρόνημα,
1090 1689 1148 1766 καὶ
1176 1689 1302 1793 ψυχῆς
1326 1683 1437 1788 ἔργον

229 1810 402 1910 εύγενοῦς,
420 1807 462 1889 τό
479 1815 554 1893 τοῖς
571 1809 806 1890 διδάσκουσιν
824 1812 1023 1914 ἐπιτρέπειν
1041 1809 1083 1891 τό
1101 1809 1291 1892 λυσιτελὲς
1308 1807 1433 1914 ἐξεπί-

195 1938 391 2011 δστασθαι
417 1939 573 2031 μᾶλλον,
596 1942 823 2040 παραχωρεῖν
844 1969 883 2014 τε
909 1937 1002 2014 οὕτω
1026 1934 1248 2034 μαθήμασιν,
1271 1935 1437 2012 ἐνεστιᾶν

228 2052 358 2158 οἷσπερ
384 2054 429 2134 ἂν
447 2055 540 2160 ἔχειν
558 2055 700 2136 οἴωνται
722 2064 853 2154 καλῶς,
873 2057 935 2138 ἅτε
953 2056 996 2158 δὴ
1016 2061 1073 2136 καὶ
1091 2055 1133 2137 τδ
1152 2056 1269 2159 μεῖζον
1286 2056 1436 2160 ἔχουσιν

228 2180 265 2256 ἐν
283 2178 427 2281 γνώσει.
462 2185 539 2262 πῶς
564 2178 637 2283 γὰρ
663 2178 708 2260 ἂν
731 2180 826 2266 ὅλως
851 2184 909 2261 καὶ
931 2184 970 2261 ἐν
987 2181 1210 2262 διδασκάλου
1234 2186 1435 2285 παραληφ-
1453 2221 1492 2279 15

228 2301 402 2398 θήσονται
437 2303 548 2409 τόξει,
583 2303 633 2403 μὴ
667 2306 746 2409 ούχὶ
779 2304 922 2390 πάντως
957 2303 1100 2390 ἐλόντες
1137 2305 1179 2384 τὸ
1216 2306 1254 2383 ἐν
1286 2304 1436 2384 σννέσει

227 2435 464 2506 πλεονεκτοῦν
482 2425 505 2525 ή
523 2424 656 2531 ’ὥσπερ
681 2426 726 2507 ἂν
750 2427 824 2534 ἔχοι
847 2435 920 2509 τῶν
940 2426 1202 2525 παιδευομένων
1220 2430 1240 2507 ὁ
1263 2435 1354 2523 νοῦς,
1373 2426 1436 2507 ὅτε

228 2552 287 2628 καὶ
313 2553 361 2633 είς
384 2548 428 2630 τὸ
455 2552 594 2630 ἐκείνων
617 2553 747 2655 με’τρον
772 2551 965 2660 καταλήξει
992 2553 1099 2649 μόλις
1124 2553 1242 2637 αὐτοῖς
1270 2553 1292 2651 ἡ
1317 2558 1366 2636 εἱς
1391 2551 1436 2632 τὸ

228 2672 347 2775 μεῖζον
377 2672 548 2769 ἐπίδοσις,
577 2674 668 2754 κατά
701 2710 742 2777 γε
776 2673 818 2754 τό
850 2674 918 2756 ὑπὸ
951 2685 1015 2756 τοῦ
1049 2679 1216 2779 Σωτῆρος
1249 2674 1436 2776 εὶρημένον

61 2779 184 2908 ffl'sf*
229 2806 252 2843 ‘⁴
271 2798 351 2877 Ούκ
379 2796 458 2876 ἐστι
484 2795 646 2897 μαθητής
674 2798 762 2902 ύπέρ
787 2797 850 2878 τὸν
874 2799 1125 2897 διδόσκαλον,”
1147 2801 1209 2878 καί
1224 2810 1245 2847 “
1260 2799 1436 2903 Ἀρκετδν
1454 2846 1496 2887 20

200 2928 253 2987 0“
270 2924 321 3027 τῷ
338 2926 482 3024 μαθητῇ
500 2921 558 2999 ἵνα
576 2920 719 3022 γένηται
738 2925 786 3004 ὡς
805 2923 825 2999 ό
844 2922 1064 3006 διδάσκαλος
1082 2924 1190 3002 αὑτοῦ
1208 2924 1241 3019 ;”

230 3118 336 3187 Τοῦτό
359 3120 428 3188 ἐστι
453 3121 490 3189 τὸ
516 3123 612 3210 §psov
636 3127 693 3188 τοῦ
717 3121 812 3202 Θεοῦ,
831 3120 884 3187 ἵνα
909 3125 1081 3188 πιστεύητε
1105 3120 1153 3189 εἰς
1176 3123 1214 3190 ὃν
1236 3125 1437 3192 ἀπέστειλεν

760 3245 897 3320 ὲκεῖνοε.

288 3383 574 3481 Πληκτικεύτατα
592 3382 704 3463 πόλιν
723 3386 743 3464 ό
764 3385 907 3490 Κύριος,
927 3391 956 3465 εί
982 3389 1040 3465 καὶ
1065 3384 1271 3486 λεληθότως
1296 3387 1348 3468 ε”τι
1374 3395 1439 3470 καὶ

229 3506 519 3602 ε’πεσκιασμένως
564 3515 640 3591 ταῖς
681 3515 754 3589 τῶν
791 3511 1004 3612 ε’ρωτιόντων
1040 3510 1222 3596 ἀπονοίαις
1260 3512 1435 3620 ἐπιπηδᾷ·
1454 3542 1492 3603 ²5

231 3626 391 3726 οἰήσεται
416 3628 481 3726 μέν
499 3627 571 3733 γάρ
595 3665 650 3715 τις
675 3631 765 3712 όσον
783 3632 866 3733 ἧκεν
885 3638 993 3714 εἰπεῖν
1011 3638 1059 3717 είς
1085 3633 1273 3733 ἁπλότητα
1297 3634 1435 3738 λόγου,

229 3750 339 3852 μηδέν
363 3752 482 3857 ἕτερον
504 3754 624 3838 αὐτοῖς
649 3754 845 3835 ἐπιτάττειν
866 3755 930 3835 τὸν
947 3757 1101 3857 Ἰησοῦν,
1120 3754 1143 3856 ἢ
1172 3757 1226 3837 ότι
1253 3759 1438 3860 προσήκοι

230 3877 412 3956 πιστεύειν
442 3879 549 3982 αύτῴ.
605 3880 928 3981 περισκεπτόμενος
965 3878 1003 3961 δέ
1040 3887 1112 3961 τῶν
1145 3882 1337 3984 εἰρημένων
1369 3885 1437 3967 τὸν

197 4008 325 4097 δνοῦν,
344 4004 402 4079 καὶ
421 3999 511 4101 πρὸς
530 3999 649 4105 ἕτερόν
667 4036 702 4080 τι
720 4000 939 4103 βαδίζουσαν
957 4003 1131 4105 θεωρήσει
1148 4003 1214 4104 τήν
1231 4007 1435 4110 ἀναφοράν.

232 4128 351 4206 καλῶς
370 4122 441 4225 γὰρ
461 4123 504 4222 δη
522 4125 670 4229 σφόδρα
687 4131 811 4220 ποιῶν,
828 4133 906 4209 ταῖς
930 4133 1003 4205 τῶν
1021 4128 1234 4228 ἐρωτώντων
1250 4131 1435 4216 ἄπονοίαις
1450 4167 1490 4224 30

266 4297 291 4353 6.
309 4301 392 4353 πάντα
404 4301 488 4369 φησὶν
500 4302 605 4355 inverso
618 4302 710 4355 ordine
725 4301 757 4356 B.
877 4317 918 4356 10.
936 4305 1060 4369 ποιοῦμεν
1073 4303 1096 4356 Β
1110 4315 1140 4358 αι
1152 4322 1242 4428 suffita.
1256 4305 1283 4359 D
1296 4324 1433 4377 suprascr.

230 4375 343 4436 ποιῶμεν
357 4369 391 4424 D.
406 4369 457 4423 Ed.
542 4388 587 4495 131⁴}
602 4372 715 4441 μαθήσιν
731 4372 761 4426 Β.
800 4372 896 4427 Statim
910 4373 1027 4428 ε’νεστιᾶν
1040 4374 1075 4428 D.
1088 4375 1178 4430 ἑστιᾶν
1237 4375 1434 4435 ἕνεστιῖυΕδ.

232 4456 274 4505 14.
292 4438 392 4492 οἴωνται
407 4440 442 4493 Ι).
455 4439 550 4493 οἴονται
588 4441 615 4495 d.
790 4442 830 4496 16.
849 4445 942 4499 πάντες
956 4443 988 4497 Β.
1150 4461 1193 4500 21.
1210 4445 1315 4516 γίνηται
1327 4464 1384 4504 om.
1400 4449 1434 4505 Β.

230 4525 272 4563 22.
290 4509 428 4576 πιστεύητε
444 4511 475 4563 Β.
488 4511 645 4580 πιστεύσητε
660 4512 710 4567 Ed.
821 4530 864 4584 29.
881 4512 961 4585 πρὸς]
976 4514 1011 4571 είς
1027 4514 1058 4568 Β.
