3038 5018
224 277 289 340 410
528 279 567 347 B.
591 282 801 348 CYRILLI
831 278 1119 346 ALEXANDR.
1270 271 1428 337 vi..8-10·

193 516 316 593 8Λέτει
347 520 437 605 αὐτῷ
468 514 515 586 εἷς
550 522 587 585 έκ
622 520 688 586 τῶν
719 519 875 597 μαθιιτῶν
907 520 1005 584 αὐτοῦ
1029 515 1188 605 Ἀνδρέας
1223 512 1242 580 ὁ
1277 507 1429 597 ἁδελφὸς

194 662 212 717 9
276 642 427 721 Σίμωνος
453 646 578 734 Πέτρου
602 644 694 712 Ἔστι
725 645 898 734 παιδάριον
926 641 1003 724 ὧδε,
1030 644 1049 710 ὂ
1080 641 1146 729 ἔχει
1178 637 1276 705 πέντε
1305 637 1428 725 ἄρτους

278 768 438 856 κριθίνους
463 771 516 835 καί
541 771 600 837 δύο
624 771 756 860 ὀνάρια·
786 771 871 835 ἀλλὰ
894 774 992 835 ταῦτα
1012 767 1041 835 τί
1057 768 1146 834 έοτιν
1165 760 1212 830 εἷς
1230 764 1407 830 τοσούτους
1419 791 1428 842 ;

176 923 213 962 ιο
278 885 350 959 εἷπε
377 893 412 960 δὲ
440 895 458 962 ὁ
479 895 615 961 Ἰιισοῦς

281 1058 450 1168 Ἀδελφοί
465 1066 517 1167 τῷ
537 1062 710 1169 Φιλίππῳ
729 1064 788 1141 καὶ
807 1067 936 1168 φρονεῖ
951 1063 1009 1141 καὶ
1034 1056 1224 1161 λογίζεται,
1242 1057 1301 1135 καὶ
1323 1085 1424 1153 συγ·
1441 1081 1460 1139 5

226 1186 311 1284 γενῆ
338 1219 416 1267 πως
443 1184 536 1288 ἔχων
558 1188 596 1265 ἐν
616 1188 730 1292 ἑαυτῷ
754 1183 820 1285 τὴν
842 1186 900 1265 ε’πὶ
924 1191 977 1291 τῷ
998 1186 1139 1285 Σωτῆρι
1168 1181 1346 1285 διάληψιν
1368 1166 1428 1257 καὶ

227 1304 332 1391 αὐτὸς
350 1308 588 1414 ἐξελέγχεται.
628 1309 670 1388 οὔ
694 1306 767 1411 γάρ
791 1307 964 1409 ἐννοήσας
990 1305 1055 1407 τὴν
1075 1307 1233 1405 δύναμιν,
1252 1305 1332 1384 οὔτε
1355 1302 1430 1402 μὴν

58 1449 174 1508 am.
198 1433 266 1509 οέκ
284 1435 347 1530 τῆς
366 1439 439 1512 τῶν
453 1432 677 1537 φθασάντων
694 1432 960 1536 μεγαλουργίας
978 1433 1036 1511 ἐπὶ
1053 1429 1095 1510 τὸ
1112 1429 1233 1510 πάντα
1249 1425 1429 1508 δύνασθαι

227 1552 292 1633 τὸν
309 1554 456 1655 Ἰησοῦν
478 1559 536 1637 καὶ
564 1557 648 1636 λίαν
672 1555 914 1637 εάπετείττατα
940 1553 1289 1656 παιδαγωγοιίμενος,
1311 1585 1426 1630 κατα·

226 1676 351 1777 μηνύει
380 1677 420 1759 δὲ
449 1677 495 1759 τά
524 1680 624 1783 παρὰ
656 1686 707 1788 τῷ
736 1674 909 1788 παιδαρίῳ
939 1681 1091 1778 κείμενα,
1118 1676 1219 1777 πλὴν
1245 1675 1430 1775 ἀτονήσας
1447 1709 1482 1750 ιο

227 1803 353 1904 ὀρεῖται
377 1806 459 1908 περὶ
484 1802 551 1903 τὴν
567 1803 704 1885 πίστιν·
735 1806 848 1885 ταῦτα
868 1802 941 1907 γὰρ
965 1808 1001 1884 τί
1022 1805 1091 1884 ἐστι
1111 1803 1226 1907 φησίν
1245 1808 1292 1886 είς
1309 1799 1426 1878 τισαί-

227 1962 323 2021 τινςς
344 1926 467 2007 καίτοι·
487 1926 557 2032 χρὴ
571 1925 644 2030 γάρ
658 1930 725 2029 ἤδη
740 1928 869 2031 λέγειν·
888 1929 956 2034 οὐχ
975 1925 1266 2026 ὑπεσταλμένον,
1279 1930 1431 2022 μᾶλλον

227 2049 265 2129 δὲ
293 2054 349 2130 δεῖ
370 2051 462 2156 πρὸς
489 2050 693 2151 ἀνάμνησιν
721 2052 809 2131 ἱέναι
839 2058 982 2154 γοργῶς
1011 2057 1084 2131 τῶν
1111 2051 1180 2152 ἤδη
1210 2045 1431 2155 παραδόξως

227 2175 503 2275 τετελεσμένων,
537 2175 746 2279 λογίζεσθαι
783 2175 821 2257 δὲ
858 2168 932 2257 ὅτι·
950 2176 1054 2284 ξένον
1090 2173 1135 2277 ἦν
1171 2174 1278 2278 ἔργον
1313 2169 1336 2273 ἢ
1368 2173 1431 2253 καὶ

227 2295 423 2402 ἀλλότριον
445 2302 609 2399 οὐδαμῶς
636 2307 700 2380 τοῦ
723 2296 1061 2399 μετασκευάσαντας
1084 2305 1133 2385 εἶς
1157 2294 1253 2380 οἶνον
1274 2294 1341 2396 τὴν
1363 2304 1430 2376 τοῦ
1446 2329 1480 2389 15

194 2423 356 2507 δῦδατος
384 2422 509 2526 φύσιν,
533 2432 597 2503 τοῦ
624 2421 914 2527 θεραπεύσαντος
940 2422 1004 2504 τὸν
1027 2423 1250 2526 παράλυτον,
1274 2425 1334 2501 καὶ
1361 2419 1432 2521 τὴν

228 2548 322 2626 οὕτω
347 2543 488 2649 μακράν
511 2547 717 2652 ἀρῤωστίαν
740 2548 792 2626 ἑνὶ
819 2547 1143 2646 κατασοβήσαντος
1170 2545 1282 2653 λόγιρ,
1305 2547 1367 2626 καὶ
1391 2547 1432 2624 εἰς

230 2677 294 2750 τοῦ
311 2668 362 2770 μὴ
387 2669 490 2755 ὄντος
519 2674 783 2774 δημιουργῆσαι
807 2669 957 2778 τροφὰς,
975 2674 1032 2753 καί
1058 2671 1186 2771 ὀλίγας
1211 2673 1340 2769 κομιδῆ
1365 2667 1432 2752 τὰς

228 2794 427 2897 ηὑρημένας
444 2794 752 2875 πολυπλασιάσαι
770 2800 904 2879 θεῖκῶς.
932 2795 955 2894 ἡ
974 2792 1046 2898 γὰρ
1064 2797 1102 2873 ἐν
1115 2793 1256 2876 ἐκείνοις
1269 2791 1431 2900 ἐξουσία,

229 2922 308 3000 πῶς
325 2918 389 2998 αιἰκ
408 2916 453 2998 ἂν
471 2917 548 3023 ἔχοι
566 2921 624 2998 καὶ
643 2917 686 2998 τὸ
708 2921 746 2998 ἐν
762 2918 900 3003 τούτοις
924 2916 1141 3020 δραστικόν;
1175 2902 1302 2997 οὐκοῦν
1320 2918 1432 3019 άδρα.
1447 2949 1480 2990 ιο

231 3040 400 3145 νέστερον
424 3041 490 3140 μεἰι
517 3076 595 3126 πως
622 3043 713 3144 ἥπερ
741 3044 850 3146 ἐχρῆν
877 3042 900 3142 ἡ
927 3048 1000 3122 τῶν
1026 3048 1197 3142 μαθητῶν
1223 3041 1433 3143 ἀπεκρίνετο

232 3163 395 3271 ξυνωρίς.
440 3163 540 3266 πλὴν
566 3167 740 3268 άθρητεόν
767 3169 806 3245 ἐν
833 3165 948 3274 τοιίτιρ
974 3163 1087 3246 πάλιν
1115 3168 1238 3245 ἐκεῖνο.
1283 3161 1331 3243 τά
1360 3162 1434 3269 γὰρ

204 3290 407 3369 νδοκοῦντα
430 3296 504 3372 τοῖς
530 3290 643 3392 ἁγίοις
666 3293 725 3371 καὶ
749 3294 978 3371 διεπταῖσθαι
996 3287 1086 3370 κατὰ
1104 3287 1235 3394 βραχὺ,
1252 3295 1318 3368 τοῦ
1337 3323 1432 3395 χρη·

233 3413 344 3510 σίμου
368 3410 548 3497 πολλάκις
569 3415 634 3493 οὐκ
657 3417 804 3517 ἀμοιρεῖ,
824 3413 911 3493 ἀλλ’
930 3412 1002 3518 ἔχει
1027 3448 1062 3495 τι
1086 3411 1434 3513 συμπεπλεγμένον,

233 3534 253 3616 δ
281 3541 327 3641 τῇ
356 3544 419 3616 τοῦ
446 3532 657 3638 πράγματος
685 3536 796 3643 φύσει
825 3544 1020 3635 λυσιτελεῖ,
1043 3540 1125 3640 περὶ
1152 3534 1197 3638 ἣν
1222 3533 1269 3615 ἂν
1292 3536 1438 3638 γε’νοιτο
1451 3569 1487 3630 25

233 3664 298 3761 τῆς
323 3657 499 3759 δοκούσης
524 3661 710 3744 ἀσθενείας
734 3663 852 3741 αὐτῶν
870 3659 917 3741 τὰ
942 3659 1164 3764 ἐγκλήματα·
1196 3661 1439 3764 λογισάμενοι

235 3785 307 3888 γάρ
330 3789 364 3864 οἱ
387 3784 685 3884 μνημονευθεῖτες
710 3783 806 3886 ἅγιοι
830 3789 999 3886 μαθηταὶ,
1017 3789 1076 3866 καὶ
1093 3790 1224 3893 σαφῶς
1241 3784 1438 3889 εἰρηκότες,

236 3910 257 3987 ὁ
279 3908 344 4006 μὲν
363 3908 417 3988 ὅτι
434 3918 456 3954 “
469 3907 677 3988 Διακοσίων
704 3909 879 4012 δηναρίων
905 3909 1007 4013 ἄρτοι
1034 3909 1097 3990 οὐκ
1123 3913 1297 4012 ἀρκοῦσιν
1316 3911 1441 3993 αὐτοῖς

235 4045 257 4080 “
275 4033 334 4113 ἵνα
360 4032 512 4117 ἕκαστος
539 4030 662 4137 βραχύ
689 4066 725 4111 τι
752 4029 889 4138 λάβη·”
926 4034 946 4113 ὁ
978 4032 1027 4130 δέ,
1052 4034 1138 4136 περί
1165 4067 1205 4114 τε
1235 4038 1311 4113 ταῖν
1339 4035 1442 4117 πέντε

235 4156 347 4264 ἄρτων
373 4166 432 4238 καί
458 4163 531 4237 τῶν
549 4151 603 4238 θάι
630 4154 773 4262 ῖχθιίων,
792 4156 848 4236 ὅτι
872 4160 984 4237 ταῦτα
1009 4161 1044 4237 τί
1066 4159 1151 4238 ἔστιν
1170 4165 1216 4244 είς
1240 4159 1489 4257 τισοιίτουςςςο

271 4384 298 4439 3.
316 4366 365 4493 πρ
378 4331 443 4437 ίρἶις
456 4369 492 4422 ι).
600 4367 626 4423 ⁶.
645 4365 802 4493 επημρι
817 4371 924 4440 ιιμπρ
938 4367 989 4422 ιιι.
1002 4367 1092 4423 μου.
1106 4367 1139 4422 ις.
1154 4366 1227 4423 ςιιι.
1349 4386 1393 4426 10.
1414 4372 1442 4426 ιι

237 4435 489 4506 Β.Οοτ.με“νΕι1.
577 4457 617 4509 13.
637 4438 730 4509 δὴρτο
771 4440 827 4493 ῑΒ.
915 4456 955 4510 19.
972 4438 1240 4495 πολυπλασιάσιιςΒ.
1329 4443 1443 4512 ταξα-

235 4509 311 4576 ιιιιρὶς
322 4509 471 4579 ἀπεκρίνετο
483 4511 590 4564 inverso
602 4508 695 4564 ordine
708 4508 741 4565 B.
850 4526 892 4581 25.
912 4510 951 4564 ὅτι
965 4527 1013 4581 pro
1026 4508 1041 4564 δ
1053 4513 1084 4580 τῇ
1098 4509 1131 4564 Β.
1142 4509 1233 4564 invitis
1246 4509 1325 4569 caet.
