3038 5018
94 302 212 386 vii.2.4
258 304 316 370 IN
347 306 381 371 S.
403 306 657 372 JOANNEM.
704 306 798 371 LIB.
823 307 883 371 IV.
929 306 1030 370 CAP.
1047 305 1125 370 v11.
1228 307 1293 371 629

95 463 212 564 νόμος,
231 467 408 570 λέγοντος
426 469 517 575 πρὸς
535 470 707 574 Ἀβραὰμ
731 503 795 551 του
778 475 908 550 θεοῦ
926 479 949 517 “
963 468 1077 548 Σῦ
1038 503 1104 569 την
1112 468 1394 622 διαθήκηνῑίθιι
1338 509 1443 603 ”55⁹-

95 601 205 689 “μου
224 594 477 744 διατηρήσεις,
508 597 567 675 καὶ
598 594 641 675 τὸ
671 594 818 697 σπέρμα
851 628 922 674 σου
954 592 1046 691 μετὰ
1077 591 1123 673 σέ
1153 590 1293 677 εἰςτὰς
1342 617 1380 654 ¹²·

95 715 258 818 “γενεᾶς
283 719 411 798 αῦτῦν
442 721 502 798 καὶ
529 719 620 819 αῦτη
647 754 670 818 η
658 715 848 818 ’διαθήκη
872 751 943 816 μου
967 715 1012 818 ἢν
1035 715 1246 818 διαθήσω’
1225 713 1294 795 ανῦ

96 850 117 886 “
135 839 250 938 μέσον
269 843 368 940 ῦμιῦν
385 844 445 922 καὶ
468 844 566 941 ἐμοῦ,
586 845 645 923 καὶ
670 840 739 923 ἀνὰ
762 842 878 942 μέσον
899 848 963 921 τοῦ
989 839 1198 944 σπέρματός
1222 873 1294 921 σου

63 977 81 1038 5
96 973 118 1010 “
135 963 227 1063 μετὰ
245 964 289 1044 σέ
308 971 357 1051 είς
375 964 440 1050 τὰς
457 964 580 1068 γενεὰς
598 967 729 1046 αὐτῶν·
765 962 1068 1069 περιτμηθήσεται
1086 972 1161 1046 πᾶν
1177 967 1291 1069 ἀρσε·
1307 1004 1326 1045 ι
1342 990 1411 1048 480
1420 989 1462 1045 Δ.

95 1098 118 1137 “
135 1088 244 1170 νικόν.
279 1092 338 1169 καὶ
367 1088 682 1192 περιτμηθήσεσθε
713 1086 781 1190 τὴν
810 1089 932 1194 σάρκα
960 1094 1024 1189 τῆς
1052 1090 1295 1192 ἀκροβυστίας

96 1224 117 1263 “
137 1215 245 1311 ὑμῶν,
271 1217 329 1294 καὶ
357 1213 460 1295 ἔσται
488 1219 536 1298 είς
565 1212 737 1314 διαθήκην
759 1212 828 1293 ἀνὰ
853 1213 967 1313 μέσον
987 1216 1073 1312 ἐμοῦ
1098 1216 1158 1294 καὶ
1182 1215 1292 1313 ῦμιῦν.

96 1344 117 1382 “
135 1339 195 1415 καὶ
211 1339 353 1419 παιδίον
370 1337 464 1418 ὀκτὼ
487 1337 626 1440 ἡμεροῦν
643 1334 948 1440 περιτμηθήσεται
972 1339 1071 1436 ῦμκῦν
1088 1343 1162 1418 πᾶν
1180 1340 1292 1439 ἄρσε·

97 1469 118 1506 “
139 1457 269 1540 νικόν.”
320 1461 533 1564 ὁρισάμενος
569 1460 607 1540 δέ
643 1459 708 1539 τὸν
741 1462 800 1541 ἐπὶ
836 1460 952 1569 τούτῳ
989 1458 1109 1560 νόμον,
1146 1460 1206 1540 καὶ
1240 1461 1296 1542 ὅτι

45 1582 274 1684 ιοπροσήκοι
291 1583 434 1669 πάντως
459 1581 587 1670 αὐτοῦς
611 1588 677 1685 τῆς
700 1586 943 1688 ἀκροβυστίας
967 1582 1034 1684 τὴν
1052 1581 1174 1688 σάρκα
1189 1618 1292 1688 περι·

95 1706 288 1806 τέμνεσθαι
306 1707 531 1814 διατεταχῦς,
550 1710 614 1789 οῦκ
638 1706 785 1813 ἀζήμιον
803 1709 996 1817 ἀποφαίνει
1017 1716 1082 1790 τοῦ
1100 1706 1211 1808 νόμον
1228 1706 1295 1808 τὴν

95 1830 322 1933 παράβασιν,
360 1834 559 1984 μυστηρίου
594 1832 708 1914 τόπον
745 1832 1028 1936 ἀναγκαιοτάτου
1064 1867 1106 1914 το
1143 1839 1296 1936 πρᾶγμα

96 1953 243 2040 δεικνύς·
274 1955 430 2059 ἐπιλέγει
451 1955 524 2060 γὰρ
548 1955 686 2042 τούτοις
704 1956 834 2064 ἐφεξῆς
852 1967 874 2004 “
892 1956 1006 2036 Kal*
982 1991 1085 2036 εσται
1101 1992 1130 2109 η
1112 1954 1293 2056 διαθήκη
1338 1969 1379 2020 Π)-
1355 1981 1431 2100 4¹³

97 2087 208 2175 “μου
226 2081 283 2158 ἐπὶ
301 2083 365 2178 τῆς
383 2077 519 2182 σαρκὸς
538 2082 636 2180 ὑμῶν
649 2086 697 2165 είς
716 2078 936 2181 διαθήκην’
901 2080 1051 2161 αιωνιον·
1072 2081 1131 2158 καὶ
1150 2080 1293 2181 ἀπερίτ-
1305 2048 1380 2167 bu‘

45 2209 119 2292 15“
136 2235 248 2301 μητος
272 2202 401 2306 ἅρσην,
418 2201 456 2287 ῦς
481 2204 523 2283 οῦ
547 2202 917 2308 περιτμηθήσεται
876 2239 943 2304 την
959 2203 1080 2307 σάρκα
1097 2237 1161 2303 της
1179 2205 1291 2306 ἀκρο-

98 2333 120 2373 “
138 2326 292 2420 βυστίας
320 2329 428 2407 αὐτοῦ
454 2333 500 2432 τῇ
527 2328 641 2435 ἡμέρᾳ
666 2335 713 2434 τῇ
743 2326 867 2434 ὀγδόη,
896 2325 1240 2435 ἐξολοθρευθήσεται
1270 2327 1294 2425 ἡ

98 2458 120 2496 “
137 2446 241 2554 ψυχή
269 2450 380 2551 ἐκείνη
406 2452 444 2530 ἐκ
473 2458 537 2530 τοῦ
564 2450 770 2553 σπέρματος
798 2452 917 2551 αὐτῆς·
952 2452 1007 2531 ότι
1034 2449 1100 2552 τήν
1122 2449 1296 2552 διαθήκην

99 2582 121 2621 “
139 2606 209 2671 μου
233 2573 497 2654 διεσκέδασεν.”
534 2576 555 2654 ὁ
579 2572 645 2673 μέν
667 2575 729 2654 οὖν
748 2575 942 2660 θεσπέσιος
969 2581 1118 2660 Παῦλος
1143 2584 1294 2676 σημεῖον

98 2697 223 2801 ὥσπερ
241 2733 277 2779 τι
294 2702 353 2779 καὶ
371 2701 563 2805 σφραγῖδα
580 2697 750 2779 δεδόσθαι
767 2704 831 2799 τῆς
848 2702 886 2780 ἐν
900 2699 1124 2806 ἀκροβυστίᾳ
1138 2701 1295 2785 πίστεως

45 2861 85 2904 ιο
99 2820 165 2921 τὴν
182 2821 376 2926 περιτομὴν
394 2828 446 2930 τῷ
463 2821 667 2929 πατριάρχῃ
686 2824 948 2930 διισχυρίσατο.
987 2820 1125 2907 σκοπὸς
1143 2822 1215 2926 γὰρ
1234 2821 1292 2922 ἦν,

99 2949 147 3030 ὡς
179 2946 299 3043 ἔοικεν,
332 2949 428 3054 αὐτῷ
459 2952 517 3027 καὶ
550 2947 867 3050 περισπούδαστον
898 2948 1115 3052 ἐπιχείρημα,
1150 2954 1295 3046 νομικοῦ

98 3068 232 3155 παντὸς
257 3069 496 3173 ἐπιτάγματος
520 3070 792 3176 προανέχουσιίν
809 3105 847 3150 τε
873 3074 930 3152 καὶ
955 3071 1191 3175 ἀρχαιοτέραν
1212 3072 1291 3151 ἐπι·

99 3194 211 3302 δεῖξαι
229 3193 295 3295 τὴν
314 3194 370 3274 διὰ
388 3198 545 3279 πίστεως
563 3196 696 3292 κλῆσίν
713 3229 752 3276 τε
771 3198 829 3275 καὶ
847 3193 1086 3293 δικαιοσύνην.
1118 3194 1324 3276 ἐδυσώπειο

99 3318 170 3421 γὰρ
194 3321 287 3398 οῦτω
314 3317 420 3417 μόλις
445 3318 527 3403 τοῦς
551 3318 594 3425 ἐξ
615 3317 769 3423 Ἰσραὴλ
794 3322 851 3398 καὶ
877 3316 1068 3399 συνέπειθέ
1087 3354 1164 3403 πως
1185 3324 1233 3404 είς
1250 3316 1293 3399 τῦ

45 3471 85 3534 ¹5
99 3440 149 3541 μὴ
174 3440 387 3545 παράβασιν
405 3442 571 3545 ἡγεῖσθαι
595 3449 660 3521 τοῦ
685 3440 795 3539 νόμον
817 3440 883 3541 τὴν
900 3440 959 3522 διὰ
982 3444 1139 3528 πίστεως
1163 3447 1294 3523 δικαιο-

98 3566 223 3666 σύνην,
247 3565 496 3670 ἐπαναδρομὴν
524 3565 562 3647 δέ
590 3571 736 3664 μᾶλλον
761 3570 808 3650 είς
835 3564 878 3646 τῦ
907 3565 968 3648 ἀπ’
987 3569 1112 3673 ἀρχῆς,
1136 3570 1196 3646 καὶ
1222 3567 1294 3671 πρὸ

101 3688 212 3788 νόμον
235 3691 381 3774 παντός·
412 3688 497 3769 ἀλλ’
515 3693 553 3769 ἐν
571 3696 682 3797 καιρῷ
705 3688 936 3792 περιενεγκὼν
955 3695 1003 3774 είς
1028 3690 1071 3770 τὸ
1090 3691 1176 3774 τέως
1195 3694 1289 3794 ὠφε·

100 3820 190 3891 λυῦν
222 3817 280 3892 καὶ
310 3819 361 3921 τῷ
393 3811 545 3915 παρόντι
577 3811 758 3918 χρήσιμον
790 3821 854 3893 τοῦ
886 3811 1000 3915 λόγου
1031 3810 1097 3911 τήν
1129 3815 1292 3912 δύναμιν,

101 3932 220 4038 ἕτερόν
247 3971 327 4016 τινα
357 3936 471 4033 πόλιν
500 3935 599 4021 εἰδὼς
630 3941 694 4036 τῆς
725 3941 918 4038 περιτομῆς
950 3934 1015 4015 τὸν
1042 3933 1177 4038 τρόπον
1204 3937 1295 4040 εῦρί-

45 4089 87 4148 30
102 4093 237 4139 σκεται.
279 4060 320 4139 τὸ
348 4059 420 4163 γὰρ
447 4063 485 4141 ἐν
510 4063 619 4163 σαρκὶ
647 4065 850 4165 καυχᾶσθαι
878 4067 999 4166 φιλεῖν
1023 4066 1096 4145 τοῖς
1113 4061 1296 4144 Ἰουδαίοις

138 4330 504 4401 3ΗμοοιιιυαιριιιιυοιΒ
553 4331 627 4399 διοθη
569 4329 753 4400 ιοθὴσομοιΒ.
850 4331 964 4402 ηυμων
975 4331 1028 4385 et
1014 4353 1076 4457 ἱρου
1088 4331 1157 4386 mter
1169 4347 1197 4385 ιο
1209 4339 1297 4384 trans·

102 4400 223 4471 ponitB.
320 4402 414 4473 ηγὰρ
426 4419 475 4472 pro
489 4400 564 4456 διΒ
664 4401 706 4456 18.
723 4423 774 4470 μου
785 4412 955 4473 assumptum
967 4420 1000 4457 ex
1146 4419 1186 4472 ¹9
1205 4403 1279 4457 ὥστε

101 4469 139 4612 ηγι]
135 4472 329 4598 ιρσιθιρρτὲρΒ
397 4472 601 4545 σφράγισμαΒ.
668 4474 720 4528 τοῖς
733 4490 782 4544 pro
794 4472 917 4541 τηςΒ
1099 4486 1142 4541 25.
1161 4422 1296 4544 ήγεῖοθοις
