3038 5018
230 277 274 339 36
533 279 572 343 Β.
596 278 803 343 CYRILLI
833 275 1121 342 ALEXANDR.
1360 273 1427 336 ἀι.

230 477 341 523 σονσι
360 450 412 552 τῷ
433 448 550 547 Πατρὶ
569 447 632 526 τὸν
649 445 754 542 ww,
776 449 824 529 ὡς
841 445 1016 525 ε’λάττονα
1033 445 1109 523 κατ’
1130 441 1268 525 αὐτούς·
1299 440 1427 520 οὐκοῦν

231 567 347 669 ἕτερος
366 569 469 648 ἔσται
488 577 675 653 παντελῶς
700 574 758 649 καὶ
780 568 972 671 ἀλλότριος
990 577 1054 648 τοῦ
1074 565 1229 669 Πατρός.
1268 570 1345 648 πῶς
1364 565 1427 643 οὖν

126 701 184 752 vii.
231 689 302 795 ε”χει
329 689 396 790 τὴν
421 693 533 799 δόξαν
555 697 664 773 αὑτοῦ
676 726 687 790 3
719 703 741 740 “
755 695 863 801 Αύτῲ
889 692 961 797 γὰρ
988 691 1123 791 ἐδόθη,”
1143 687 1238 770 καθά
1265 695 1381 795 φησιν
1405 687 1426 766 5

231 814 403 918 μακάριος
422 816 574 916 Δανιὴλ,
593 817 650 916 “ἡ
669 816 752 916 τιμὴ
772 820 830 896 καὶ
851 818 873 915 ἡ
895 816 1097 911 βασιλεία·”
1127 812 1150 914 ἢ
1174 811 1246 917 γὰρ
1270 810 1422 918 διαψεύ-

65 962 107 1016 23
121 961 161 1016 Δ.
202 970 335 1016 ασεται
359 939 478 1041 λέγων
500 942 521 1019 5
544 937 637 1023 Θεὸς
661 944 720 1020 καὶ
744 939 874 1043 Πατήρ
892 951 913 988 “
927 939 1006 1039 Τὴν
1024 937 1136 1045 δόξαν
1156 970 1227 1037 μου
1250 935 1357 1042 ἕπε’ριρ
1382 935 1458 1019 ού5

230 1071 252 1106 “
272 1061 411 1141 δώσω·”
442 1061 465 1163 ἢ
485 1063 580 1167 ε’ίπερ
598 1066 698 1144 ἐστὶν
717 1062 864 1164 ἀληθὴς,
884 1061 1011 1143 δέδωκε
1024 1059 1068 1142 ’δέ
1085 1059 1153 1160 τὴν
1169 1061 1296 1139 ἑαυτοῦ
1313 1057 1426 1164 δόξαν

229 1189 280 1290 τῷ
306 1189 393 1292 Υίῷ,
410 1187 477 1291 οὐχ
501 1186 618 1289 ἕτερος
642 1187 713 1289 ἀρα
739 1189 818 1267 ἐστὶ
844 1188 928 1289 παρ’
952 1185 1070 1282 αὐτόν,
1089 1182 1226 1287 καρπός
1253 1180 1426 1286 ὑπάρχων

228 1312 292 1407 τῆς
311 1310 435 1392 οὐσίας
454 1311 561 1389 αὑτοῦ
580 1313 638 1389 καὶ
656 1308 808 1410 γνήσιον
825 1310 995 1413 γέννημα.
1035 1311 1056 1388 5
1081 1307 1119 1387 δὲ
1142 1305 1316 1391 ὡσαύτως
1332 1307 1427 1411 ἔχων

228 1434 280 1539 τῷ
300 1436 418 1536 Πατρὶ
442 1431 534 1512 κατὰ
558 1430 622 1512 τὸν
643 1437 706 1532 τῆς
733 1432 877 1537 φύσεως
903 1430 1027 1535 λόγον,
1044 1438 1121 1516 πῶς
1149 1429 1193 1511 ἀν
1214 1430 1266 1531 ε’ίη
1295 1427 1425 1510 λοιπὸν

68 782 105 829 ¹⁴·

228 1553 387 1636 ἐλάττων
406 1558 540 1652 αύτοῦ;
1440 1591 1477 1631 ιο

284 1711 375 1756 κκιικ
393 1711 488 1758 Alma
507 1712 565 1758 κκι
583 1712 770 1760 mmm.
819 1686 864 1761 Εἰ
888 1677 1144 1783 παντοκράτωρ
1172 1680 1272 1759 ἐστὶν
1294 1681 1314 1758 5
1339 1684 1420 1758 Πα-

196 1803 306 1905 Ιιτὴρ,
335 1805 592 1910 παντοκράτωρ
628 1807 666 1887 δὲ
703 1807 830 1904 ὁμοίως
867 1809 925 1885 καὶ
963 1806 983 1883 5
1019 1803 1118 1900 Υἱὸς,
1151 1809 1228 1886 πῶς
1264 1800 1424 1883 ἐλάττων

228 1929 337 2006 αὑτοῦ
363 1931 485 2026 ε’στιν;
528 1931 570 2009 οὐ
595 1928 667 2032 γάρ
695 1927 811 2031 δήπου
839 1928 930 2008 κατά
959 1961 1001 2028 γε
1029 1925 1092 2006 τόν
1119 1930 1183 2025 τῆς
1211 1927 1424 2009 ἀκολουθίας

226 2051 349 2152 λόγον,
368 2059 416 2136 είς
433 2051 476 2133 τό
500 2062 564 2134 τοῦ
586 2054 722 2134 τελείου
744 2053 873 2155 μίτραν
892 2051 934 2132 τό
959 2051 1008 2150 μὴ
1032 2052 1169 2130 τέλειον
1186 2047 1421 2151 ἀναβήσεται.

225 2176 295 2272 καὶ,
313 2179 343 2253 εί
368 2175 487 2277 κύριός
513 2179 652 2257 ἐστινὸ
675 2174 816 2281 Πατὴρ,
835 2174 952 2278 κύριος
980 2173 1019 2255 δὲ
1047 2176 1176 2273 ὁμοίως
1202 2178 1260 2254 καὶ
1285 2176 1304 2252 5
1323 2173 1422 2272 Υἱὸς,
1440 2203 1475 2265 15

225 2304 302 2382 πῶς
318 2297 480 2381 ε’λάττων
497 2302 606 2381 αὐτοῦ
623 2303 745 2397 ἐστιν;
776 2301 879 2380 ἔσται
903 2299 975 2404 γάρ
1000 2301 1042 2378 ού
1063 2298 1205 2383 τελείως
1229 2297 1423 2401 ἐλεύθερος,

226 2421 324 2524 είπερ
351 2424 449 2502 ἐστὶν
476 2423 637 2504 ε’λάττων
664 2428 702 2504 ἐν
730 2421 908 2525 κνριότητι
936 2426 994 2502 καὶ
1027 2423 1069 2501 ού
1099 2424 1236 2525 πλῆρες
1265 2420 1358 2526 ἔχων
1385 2424 1424 2502 ἐν

226 2543 339 2651 ἑαυτῷ
356 2543 398 2624 τὸ
418 2547 570 2652 ἀξίωμα.
601 2547 659 2628 καὶ
677 2555 707 2626 εἰ
726 2554 804 2652 φῶς
821 2549 920 2626 ε’στιν
939 2548 959 2626 5
980 2543 1121 2647 Πατὴρ,
1140 2551 1219 2651 φῶς
1238 2540 1274 2624 δὲ
1293 2545 1424 2642 ὁμοίως

227 2669 286 2744 καὶ
305 2668 325 2744 5
345 2666 441 2765 Υἱός,
459 2677 535 2753 πῶς
553 2669 714 2750 ε’λάττων
731 2671 840 2751 αὐτοῦ
858 2673 979 2766 ε’στιν;
1011 2668 1113 2747 ἔσται
1131 2665 1203 2770 γὰρ
1220 2668 1262 2748 ού
1279 2667 1423 2750 τελείως

197 2797 316 2896 οφῶς,
339 2792 661 2899 καταληφθήσεται
687 2791 725 2873 δὲ
750 2792 822 2874 ἀπὸ
848 2793 977 2895 με’ρους
1000 2789 1070 2874 ὑπό
1096 2795 1160 2890 τῆς
1183 2791 1338 2888 σκοτίας,
1363 2793 1422 2870 καὶ
1437 2826 1475 2868 ιο

58 2914 147 3045 ξζξέ
226 2913 402 3018 ψεύσεται
421 2915 538 3018 λέγων
556 2918 576 2995 5
597 2917 871 3019 Εύαγγελιστής
889 2927 911 2963 “
924 2917 975 2996 ‘H
995 2916 1126 2995 σκοτία
1144 2912 1234 2995 αὐτό
1252 2916 1294 2995 ού
1316 2915 1420 2996 κατέ·

226 3046 248 3083 “
266 3040 393 3134 λαβε.”
432 3043 489 3118 καὶ
518 3046 548 3119 εἱ
575 3039 646 3143 ζωή
674 3040 812 3119 ἐστινὸ
836 3036 974 3143 Πατὴρ,
994 3036 1065 3142 ζωὴ
1093 3037 1130 3118 δὲ
1150 3038 1287 3154 ιὁμοίιος
1313 3042 1373 3118 καὶ
1401 3040 1422 3118 5

224 3161 322 3258 Υἱὸς,
339 3169 416 3245 πῶς
438 3162 597 3243 ε’λάττων
615 3164 724 3243 αὐτοῦ
747 3165 873 3259 ἐστιν;
913 3163 956 3241 ού
982 3161 1055 3265 γὰρ
1082 3161 1186 3242 ἕσται
1212 3162 1356 3247 τελείως
1382 3164 1422 3243 ἕν

58 3290 174 3421 ξρλὶἳῑξῑ·
225 3283 309 3381 ἡμῖν
327 3285 349 3382 ἡ
374 3283 454 3384 ζωὴ,
473 3283 540 3365 κάν
559 3292 606 3369 είς
628 3284 691 3364 τὸν
713 3285 787 3364 ε”σω
813 3285 1002 3387 ἄνθρωπον
1020 3281 1219 3389 κατοικήσῃ
1242 3283 1418 3388 Χριστός·

91 3394 99 3418 '
226 3409 341 3508 νεκροὶ
359 3407 401 3484 δέ
413 3442 491 3490 πως
508 3407 599 3487 κατά
617 3441 652 3486 τι
674 3407 777 3509 με’ρος
799 3413 832 3487 οὶ
854 3407 1125 3505 πιστεύσαντες,
1144 3407 1240 3512 ε’ίπερ
1260 3409 1361 3488 ἐστὶν
1378 3409 1421 3489 ού
1435 3440 1472 3502 25

225 3530 368 3612 τελείως
392 3529 461 3632 ζωὴ
485 3529 527 3610 τὸ
546 3528 698 3610 ἔλαττον
716 3530 807 3634 ἔχων
825 3532 846 3610 5
865 3529 964 3615 Υἱὸς.
1003 3529 1122 3631 ἐπειδὴ
1145 3529 1184 3611 δὲ
1208 3530 1280 3636 χρὴ
1298 3530 1364 3632 τὴν
1381 3535 1421 3614 ἐν

224 3652 361 3736 τούτοις
397 3655 547 3734 ἀτοπίαν
584 3658 632 3737 ὡς
673 3652 891 3757 ποῤῥωταίτω
931 3660 1123 3752 ποιεῖσθαι,
1158 3655 1296 3734 τέλειον
1332 3651 1424 3736 εἶναί

189 3780 344 3880 ᾶφαμεν
360 3775 424 3857 τὸν
442 3776 532 3857 Υίὸν
550 3776 614 3856 τὸν
632 3782 683 3884 τῷ
710 3777 833 3885 τελείῳ
858 3781 976 3881 Πατρὶ
1002 3777 1268 3881 παρισούμενον
1290 3777 1349 3858 διά
1376 3778 1419 3860 τὸ

223 3900 288 3995 τῆς
304 3899 430 3984 ούσίας
448 3899 741 4003 ἀπαράλλακτον.

278 4051 379 4099 Almo.
409 4028 454 4102 Ei
478 4020 637 4103 ε’λάττων
655 4024 734 4102 ἐστὶ
761 4030 825 4101 τοῦ
844 4021 990 4124 Πατρός
1008 4025 1029 4103 5
1047 4024 1144 4121 Υἱὸς,
1164 4023 1223 4104 διά
1246 4058 1285 4104 τε
1312 4035 1419 4107 τοῦτο
1431 4062 1470 4120 3ο

223 4146 289 4249 οὐχ
313 4147 513 4244 ὃμοούσιος·
551 4146 669 4250 ἕτερος
693 4145 764 4249 ἄρα
788 4148 867 4225 ἐστὶ
892 4143 985 4226 κατά
1010 4146 1124 4255 φύσιν
1142 4152 1201 4228 καὶ
1224 4147 1418 4253 ἀλλότριος

256 4370 282 4420 4.
301 4354 466 4426 διαψεύδεται
479 4355 513 4409 Β.
595 4373 637 4411 21.
648 4356 726 4411 αὐτὸν
739 4355 790 4410 Ed.
803 4355 1015 4425 repugnantibus
1029 4357 1134 4413 B.D.E.
1148 4358 1232 4414 Euth.
1316 4376 1360 4416 τι.
1379 4361 1416 4435 εί]

220 4421 320 4489 ἧῙ).Ε.
393 4441 436 4495 23.
448 4424 554 4496 οὐγὰρ]
571 4427 659 4490 ι1-οιίκ
673 4426 705 4480 Β.
742 4425 838 4480 Statim
850 4426 925 4480 ἔσται
939 4426 972 4481 Β.
985 4427 1066 4483 Euth.
1079 4428 1202 4485 ε’στιΕᾱ.
1274 4446 1417 4499 umam.

219 4490 285 4562 κὴσῃ
299 4493 330 4548 E.
346 4493 429 4550 Ruth.
441 4494 585 4562 κατοικήσει
598 4496 650 4551 Ed.
696 4496 792 4553 Statim
804 4499 820 4550 ό
832 4495 894 4551 add.
908 4496 991 4552 Euth.
