3038 5018
48 293 179 365 κάτα.
239 295 297 362 IN
327 297 361 365 S.
385 295 644 364 JOANNEM.
688 298 785 365 LIB.
808 297 870 365 IV.
914 297 1017 368 cAP.
1033 297 1077 366 V.
1191 296 1258 362 618

1305 452 1429 506 austu»
1490 440 1492 445 ,

1305 520 1349 571 xii.
1360 519 1385 573 8.

56 461 114 541 ὅτι
140 458 193 561 μὴ
219 465 404 565 προσῆκεν
425 463 631 564 ἀποδημεῖν,
649 462 709 543 διὰ
735 462 778 545 τὸ
806 462 928 566 κόριον
948 459 1037 544 εἶναι
1062 468 1128 543 τοῦ
1153 466 1254 556 σαβ·

58 580 174 680 βάτου
191 581 256 665 τόν
273 583 349 667 υῖδν
365 593 431 668 τοῦ
449 584 655 690 ἀνθρώπου·
687 584 819 668 λοιπόν
836 583 972 689 όνήσας
990 584 1092 667 οὐδὲν
1108 581 1168 665 διά
1192 580 1290 683 τὴνο

59 712 133 788 τῶν
161 709 396 812 ἀκροωμένων
424 711 676 810 κακοβουλίαν,
705 711 761 818 ἔφ’
791 709 913 815 ἔτερον
945 705 1145 808 οἰκονομίας
1176 709 1257 787 δια·

59 831 175 926 βαίνει
195 829 340 936 τρόπον,
359 838 419 915 καῖ
439 840 604 939 πειράτω
626 832 795 917 δεικνύειν
816 834 886 936 ἤδη
909 838 1041 942 σαφῶς
1065 830 1174 912 αὐτὸν
1195 829 1260 912 τὸν

25 951 275 1061 εῖεροφάνιην
303 957 468 1038 Μωυσέα
495 955 561 1041 τόν
587 965 652 1040 τοῦ
685 957 796 1058 νόμον
826 954 1001 1056 διάκονον,
1028 954 1092 1039 τὸν
1118 956 1177 1035 ἔπῖ
1208 959 1261 1062 τῷ

59 1077 242 1188 σαββάτῳ
268 1080 502 1186 παραλόοντα
529 1078 640 1182 νόμον
664 1080 723 1164 διὰ
749 1079 804 1176 τήν
828 1078 1016 1191 περιτομήν,
1039 1076 1107 1178 τήν
1129 1080 1169 1159 ἔκ
1195 1080 1260 1177 τῆς

59 1205 134 1282 τῶν
165 1201 331 1308 πατέρων
361 1204 553 1306 συνηθείας
583 1204 689 1312 με’χρι
720 1207 779 1287 καῖ
809 1209 884 1287 τοῖν
916 1204 1026 1286 αὐτοῦ
1063 1198 1260 1302 διήκουσαν

60 1322 211 1430 χρόνων,
237 1325 296 1408 ἵνα
323 1327 454 1410 λοιπὸν
480 1326 639 1434 εὐλόγως
669 1328 840 1436 φαίνηται
869 1329 929 1410 καῖ
957 1323 1064 1411 αὐτὸς
1091 1328 1261 1432 πατρῷον

60 1446 186 1553 ὥσπερ
203 1448 405 1553 ἀποσιίζων
422 1449 512 1551 ἔθος,
531 1455 591 1533 καὶ
614 1451 757 1557 ἐπείπερ
779 1452 818 1534 ἔν
834 1448 1019 1560 σαββάτῳ
1037 1446 1131 1533 Θεὸς
1147 1445 1257 1550 ἔργά·

10 1606 49 1651 ιο
62 1571 166 1674 ζεται,
185 1571 243 1653 διά
270 1582 376 1656 τοῖπο
404 1578 463 1656 καῖ
490 1574 616 1659 ἔαυτόν
637 1574 783 1682 ἔνεργδν
805 1572 1008 1673 ἐπιδεικνὺς,
1026 1574 1128 1655 οὐδὲν
1147 1570 1296 1674 ήγοιί·ὰ

60 1730 169 1797 μενον
184 1704 248 1778 τοῦ
271 1695 465 1795 σαββάτου
488 1696 556 1800 τήν
572 1698 795 1804 παράβασιν,
814 1697 874 1780 διά
897 1696 940 1780 τὸ
964 1703 1189 1804 συμφρονεῖν
1206 1696 1261 1776 ἀεῖ

61 1824 114 1928 τῷ
131 1817 356 1923 γεννήσαντι.
391 1821 451 1903 διὰ
468 1821 541 1928 γάρ
558 1831 666 1905 τοῦτο
683 1822 743 1905 καῖ
761 1822 922 1933 ἔφασκεν
938 1833 960 1873 “
972 1823 1022 1903 ‘O
1041 1817 1173 1924 Πατήρ
1189 1853 1260 1920 μου

61 1951 85 1990 “
103 1941 169 2029 ἔως
192 1943 273 2049 άρτι
295 1943 488 2050 ἐργάζεται,
507 1944 608 2051 κάγὼ
631 1943 852 2052 ἔργάξνμαιέ
889 1945 949 2028 ἵνα
971 1945 1091 2028 τοίνυν
1108 1943 1158 2046 μή
1184 1942 1259 2045 ἔμέ,

63 2069 190 2173 φησὶν,
207 2069 419 2176 ἔνεργοῖντά
441 2103 476 2152 τι
499 2067 592 2152 κατὰ
617 2066 659 2152 τό
684 2067 879 2167 σάββατον
898 2068 1106 2168 βλάτοντες,
1129 2071 1178 2154 ὡς
1201 2070 1261 2151 ἔπῖ

11 2208 49 2270 15
63 2188 153 2301 ξένῳ
172 2194 231 2272 καῖ
245 2193 543 2305 παραλογωτάτην
561 2193 761 2298 θαυμάζητε
782 2191 979 2299 πράγματι,
998 2187 1136 2275 δέδωκεν
1150 2197 1226 2300 ὑμῖν
1244 2200 1260 2276 ι’

63 2313 211 2410 Μνυσής
235 2309 289 2410 τήν
311 2315 488 2426 περιτομήν
507 2319 547 2399 ἔν
567 2314 760 2426 σαββάτῳ,
783 2319 842 2398 καὶ
867 2314 1018 2426 φθάσας
1043 2318 1173 2402 ἐκεῖνος
1196 2311 1261 2397 τόν

62 2435 117 2519 ἔπ’
152 2438 249 2548 αὐτῷ
282 2439 468 2544 παρέλυσε
505 2437 628 2542 νόμον.
680 2441 739 2522 καὶ
775 2438 835 2522 διὰ
870 2439 978 2521 ποίαν
1009 2439 1151 2537 αῖτίαν;
1195 2439 1292 2521 οόκο

62 2559 196 2666 ἐνόμιζε
214 2562 383 2668 πράττειν
398 2562 525 2668 ὀρθῶς,
543 2563 608 2647 τὸν
624 2569 698 2650 τοῖς
716 2559 878 2669 πατράσι
903 2561 1128 2668 διορισθεῖσα
1153 2561 1264 2663 νόμον

64 2687 123 2767 καῖ
140 2683 183 2767 τὸ
200 2685 245 2793 ἔξ
257 2685 397 2769 ἐκείνων
413 2686 493 2773 ἔθος
519 2685 699 2792 ἀτιμάζων
715 2687 775 2770 διά
798 2686 841 2769 τὸ
866 2686 1072 2786 σάββατον.
1114 2685 1173 2768 διά
1190 2684 1264 2790 γάρ

10 2835 51 2881 20
65 2816 172 2890 τοῖπο
204 2811 263 2892 καῖ
295 2810 326 2893 ἐν
356 2809 538 2924 σαββάτῳ
568 2810 797 2921 περιτόμνεται
831 2808 1014 2922 ἄνθρωπος.
1066 2815 1096 2891 εῖ
1131 2809 1171 2892 δέ
1208 2809 1264 2892 ὅτι

64 2930 245 3037 προσήκοι
268 2938 375 3034 τιμάν
397 2931 440 3015 τό
467 2939 634 3044 πατρῷον
653 2934 733 3021 ἔθος
758 2937 778 3015 ὁ
803 2938 970 3035 Μωυσῆς
996 2931 1186 3039 ἐλογίζετο,
1204 2935 1265 3015 καῖ

65 3064 224 3162 κρεῖττον
242 3056 330 3140 αὐτὸ
355 3060 419 3160 τής
444 3063 492 3144 είς
516 3056 559 3141 τδ
583 3057 777 3156 σάββατον
792 3058 897 3140 ἔτίθει
920 3061 1034 3159 τιμῆς,
1052 3057 1092 3137 τί
1112 3057 1262 3161 τεθοριί·

64 3184 184 3282 βησθε
214 3179 333 3284 μάτην
364 3180 419 3263 ἔπ’
453 3184 541 3282 ε’μοῖ,
573 3184 632 3264 καὶ
669 3178 794 3286 ὥσπερ
825 3180 906 3263 τινά
939 3187 1013 3263 τῶν
1043 3187 1265 3286 παρανομεῖν

65 3301 284 3411 ἀφυλάκτως
320 3303 506 3405 εἰωθότων,
544 3307 602 3387 ἔπῖ
645 3310 691 3412 τῇ
734 3313 798 3387 τοῦ
842 3304 954 3406 νόμον
996 3301 1266 3413 καταφρονήσει

10 3443 50 3505 ²5
66 3425 285 3532 θαυμάζετες
329 3429 444 3511 καίτοι
487 3433 540 3539 τῷ
581 3427 821 3534 γεγεννηκότι,
859 3431 966 3537 φησὶ,
1002 3427 1049 3510 τά
1088 3428 1155 3511 ’ίσα
1198 3426 1266 3529 μέν

65 3556 154 3658 δρῶ,
183 3559 386 3662 συμφρονῶ
418 3552 457 3634 δὲ
488 3555 542 3635 ἀεῖ
570 3551 661 3658 πρὸς
690 3559 764 3636 πᾶν
792 3551 835 3635 τὸ
863 3557 1002 3654 δοκοῦν,
1031 3557 1090 3635 καὶ
1121 3554 1295 3658 ἔπείπερι
1314 3567 1434 3632 εαοΔ.

64 3674 210 3782 ἐνεργής
234 3678 336 3759 ἔστιν
356 3678 396 3758 ἔν
416 3674 609 3786 σαββάτῳ,
630 3675 673 3759 τό
697 3679 821 3782 ἀργεῖν
845 3679 883 3758 ἔν
907 3677 1004 3785 αὐτῷ
1026 3685 1266 3782 παραιτοῦμαι

66 3805 200 3886 καλῶς.
249 3795 429 3882 δεδωκέναι
460 3798 575 3904 γεμὴν
605 3799 660 3896 τήν
691 3799 864 3912 περιτομήν
894 3799 959 3883 τόν
993 3798 1159 3882 Μωυσέα
1194 3803 1264 3880 διι-

66 3923 285 4029 σχυρίζεται,
318 3926 432 4006 καίτοι
467 3923 519 4026 μὴ
557 3925 672 4006 οὖσαν
707 3925 752 4033 ἔξ
786 3926 895 4007 αι’ποιῖ
931 3920 1024 4005 κατά
1059 3920 1102 4005 τὸ
1136 3922 1266 4028 ἀρτίως

10 4078 52 4142 30
65 4045 258 4154 εῖρημεῖνον,
284 4053 371 4130 ἀλλ’
400 4048 439 4130 ἔιι
466 4046 528 4132 τάν
555 4047 716 4161 πατάγων·
756 4047 815 4131 διὰ
840 4046 883 4132 τὸ
909 4045 1079 4129 δεδόσθαι
1103 4044 1168 4148 μὲν
1191 4053 1265 4132 τοῖς

1305 1811 1388 1879 Βάρνα
1396 1827 1433 1882 τ.4

1309 1888 1347 1944 1⁷·

103 4319 130 4373 6.
139 4318 177 4406 Αἔκ
188 4320 234 4390 τῆς
245 4322 297 4376 τῖον
307 4318 424 4391 πατέρων
436 4317 586 4393 συνηθείας]
599 4320 628 4375 ἔκ
639 4324 690 4375 τῶν
702 4319 820 4391 ποτέρων
831 4317 969 4389 συνήθειαν
982 4319 1016 4375 Β.
1161 4320 1204 4376 16.
1221 4317 1267 4410 {⁹1

72 4397 101 4456 4
116 4411 132 4444 τ
166 4388 200 4444 Β.
298 4407 341 4449 20.
359 4391 401 4448 καλ
414 4390 447 4445 B.
459 4391 494 4447 ὃς
506 4390 559 4448 Ed.
656 4406 700 4446 το.
718 4390 1060 4464 εδοιιαιυριυαιοαβλ).
1164 4406 1207 4462 23.
1225 4412 1259 4447 επ

69 4412 313 4605 ἐνμηηφὲηπὲωιο.
403 4477 447 4534 24.
464 4464 545 4533 νιμω
559 4460 745 4533 ammaim
757 4461 809 4522 ιιι.
878 4473 942 4535 ιη.
959 4460 1116 4536 eumn.
1162 4458 1266 4536 ιργο]
