3038 5018
223 304 288 366 206
521 300 566 364 Β.
590 299 797 364 CYRILLI
827 298 1115 364 ALEXANDR.
1255 299 1289 362 ii.
1304 312 1356 381 15,
1371 296 1423 359 16.

224 461 317 567 θάρη
341 463 413 567 γάρ
439 463 549 548 ὅντως
575 466 595 542 6
621 461 831 546 δεσποτικδς
857 462 1039 560 ἀμπελὼν,
1058 463 1172 557 σέβας
1190 459 1256 561 μὲν
1274 457 1361 540 αύτδ
1379 459 1423 538 τὸ

223 595 304 692 περὶ
323 587 365 667 τὸ
384 595 478 669 θεῖον
490 595 614 668 πατεῖν
629 584 896 686 διδασκόμενος,
908 595 985 670 ταῖς
1004 586 1043 666 δέ
1060 593 1132 666 τῶν
1145 585 1425 689 προεστηκότων

225 714 508 817 αίσχροκερδίαις
527 716 575 796 είς
592 718 718 792 πᾶσαν
736 713 971 790 ἀπαιδευσίαν
989 709 1311 815 άποχερσούμενος.

177 1005 213 1064 ¹5
246 1001 303 1066 Καί
329 1004 469 1071 ποιείσας
496 1003 542 1067 ὡς
570 1003 769 1092 φρατὲλλιον
794 1003 831 1070 ὲκ
859 1003 1008 1090 σχοινίων
1035 1003 1160 1069 πάντας
1186 1002 1340 1078 ἐξέβαλεν
1367 999 1406 1063 ὲκ

194 1143 212 1185 θ
734 1133 790 1193 τοῦ
819 1123 918 1216 ἱεροῦ.
1440 1143 1458 1203 5

281 1300 499 1401 Ἀγανακτεῖ
518 1301 584 1399 μὲν
602 1299 744 1385 εἰκότως
769 1304 825 1381 ε’πὶ
849 1309 927 1385 ταῖς
951 1308 1024 1380 τῶν
1041 1302 1222 1382 Ἰουδαίων
1240 1300 1427 1383 άπανοίαις

226 1423 246 1501 6
275 1424 414 1527 Σωτήρ·
456 1426 498 1504 ού
525 1425 596 1527 γάρ
624 1422 721 1505 οίκον
749 1427 917 1529 ἐμπορίου
945 1422 1008 1505 τὸν
1035 1431 1130 1505 θεῖον
1157 1428 1266 1529 ε’χρῆν
1294 1427 1427 1503 ἀποτε-

228 1553 370 1627 λεῖσθαι
408 1545 503 1645 ναόν,
541 1550 627 1627 ἀλλ’
666 1546 762 1629 οἶκον
798 1551 914 1654 εὐχῆς·
970 1551 1062 1628 ούτω
1099 1549 1170 1652 γὰρ
1205 1549 1424 1652 γέγραπται.

227 1670 373 1750 δεικνύει
400 1669 437 1750 δὲ
462 1672 526 1751 οὐκ
550 1675 587 1751 ἐν
609 1677 734 1778 ψιλοῖς
759 1673 801 1751 τὸ
827 1673 957 1772 κίνημα
982 1671 1115 1775 λόγοις,
1138 1671 1240 1752 ἀλλὰ
1263 1677 1428 1774 πληγαῖς

58 1809 172 1869 ΙυθΔ.
198 1797 286 1872 ικαὶ
311 1792 464 1897 μάστιγι
490 1803 562 1875 τῶν
590 1801 692 1899 ίεριῖν
719 1797 849 1903 ἐξωθεῖ
871 1796 1087 1900 περιβόλων,
1115 1801 1343 1898 δουλοπρεπῇ
1371 1801 1427 1876 δι-
1442 1831 1481 1872 10

227 1917 333 2001 καίως
370 1921 489 2004 αὐτοῖς
523 1918 716 2020 ἐπινοήσας
753 1920 819 2021 τὴν
856 1922 1040 2025 τιμωρίαν·
1085 1922 1126 2000 ού
1162 1920 1233 2024 γὰρ
1269 1921 1428 2016 ἔμελλον

227 2041 469 2149 ὑποδέξασθαι
496 2042 559 2123 τὸν
586 2046 840 2148 ἐλευθεροῦντα
869 2045 927 2125 διὰ
955 2048 1110 2129 πίστεως
1139 2044 1239 2125 Υὶόν.
1288 2043 1356 2146 ὅρα
1386 2045 1433 2125 δέ

225 2199 286 2263 μοι
312 2173 432 2251 καλῶς
457 2171 504 2250 ὡς
530 2171 567 2246 ἐν
586 2167 692 2248 είκόνι
716 2168 938 2272 πραγμάτων
957 2168 1275 2275 καταγραφόμενον
1297 2166 1340 2247 τὸ
1364 2166 1428 2248 διδ

60 2302 182 2418 {puniit
226 2298 290 2368 τοῦ
311 2291 462 2371 Παύλου
487 2290 682 2394 λεγόμενον
701 2302 722 2338 “
737 2292 786 2371 Εί
807 2326 859 2376 τις
883 2290 947 2372 τὸν
966 2288 1052 2371 ναόν
1074 2301 1137 2372 τοῦ
1156 2297 1252 2372 Θεοῦ
1277 2292 1425 2398 φθείρῃ,

80 2400 100 2431 ,.
226 2424 248 2460 ‘⁵
267 2419 394 2520 φθερεῖ
407 2423 533 2494 τοῦτον
553 2416 573 2494 6
592 2415 715 2498 Θεός.”
1444 2452 1481 2508 ¹5

58 1541 181 1592 matth.

58 1609 107 1658 xxi.
120 1622 158 1673 13·

179 2711 214 2768 16
274 2707 393 2794 Ἄρατε
420 2711 521 2773 ταῦτα
548 2708 706 2773 ἐντεῦθεν·
739 2708 782 2784 m}
810 2704 934 2774 ποιεῖτε
960 2708 1016 2775 τὸν
1043 2701 1133 2774 οἷκον
1160 2712 1216 2773 τοῦ
1243 2708 1374 2793 Πατρός

638 2857 698 2910 μου
726 2827 816 2898 οἷκον
842 2833 1012 2922 ἐμπορίου.

283 3027 486 3110 Ἐπιτάττει
522 3030 587 3130 μέν
620 3034 668 3115 ὡς
706 3030 897 3130 δεσπότης,
934 3037 1149 3135 χειραγωγεῖ
1182 3027 1220 3110 δέ
1255 3027 1345 3132 πρὸς
1385 3029 1427 3110 τδ

193 3151 363 3255 δπρέπον
385 3158 432 3238 ὡς
458 3153 689 3253 διδάσκαλος,
709 3156 933 3257 παρατίθησί
956 3188 995 3232 τε
1019 3159 1065 3259 τῇ
1090 3149 1241 3233 κολάσει
1263 3151 1328 3253 τὴν
1351 3161 1429 3236 τῶν

225 3276 465 3376 πταισμάτων
486 3277 673 3384 ἐξήγησιν,
694 3282 789 3358 αίδοῖ
812 3283 857 3382 τῇ
884 3280 964 3380 περὶ
992 3277 1083 3358 αύτά
1109 3277 1337 3382 χαλεπαίνειν
1360 3280 1428 3360 ούκ
1444 3319 1482 3359 20

227 3403 294 3479 ε’ὣν
324 3399 388 3480 τδν
421 3402 687 3501 ἐπιτιμώμενον.
741 3400 960 3500 σημειωτέον
992 3400 1029 3481 δὲ
1067 3400 1122 3480 ότι
1155 3400 1267 3481 πάλιν
1299 3407 1429 3482 οἰκεῖον

227 3526 406 3603 ἀποκαλεῖ
435 3525 582 3629 Πατέρα
610 3529 808 3622 μοναδικῶς
838 3524 902 3605 τὸν
934 3521 1039 3622 θεὸν,
1071 3528 1119 3607 ὡς
1151 3521 1256 3608 αι’ντδς
1288 3522 1332 3624 δὴ
1365 3528 1428 3605 καὶ

227 3648 335 3747 μόνος
371 3647 464 3728 κατὰ
500 3649 614 3755 φύσιν
648 3647 817 3752 ὑπάρχων
853 3649 897 3754 ἐξ
930 3650 1039 3727 αὐτοῦ
1076 3652 1135 3727 καὶ
1171 3649 1429 3751 γεγεννημένος

228 3775 383 3872 άληθῶς.
428 3778 458 3852 εί
482 3771 555 3875 γὰρ
579 3770 628 3872 μὴ
654 3780 781 3851 τοῦτον
803 3771 874 3877 ἔχει
897 3770 962 3852 τὸν
986 3771 1132 3876 τρόπον,
1148 3772 1227 3851 ἔστι
1251 3770 1288 3852 δέ
1313 3770 1429 3857 ὅντως

221 3898 308 3996 ,μεθ’
334 3897 436 3996 ἡμῶν
460 3898 480 3976 6
504 3894 626 3998 Λόγος
653 3892 736 3993 υῖδς,
760 3899 807 3980 ὡς
835 3895 884 3981 εἷς
912 3896 956 4002 ἐξ
982 3898 1092 3997 ἡμῶν,
1118 3895 1210 3976 κατά
1238 3897 1339 3975 θέσιν
1363 3900 1429 3997 δη-
1444 3936 1482 3997 25

265 4139 291 4186 4.
310 4121 344 4176 ὥς
356 4139 410 4176 om.
423 4139 446 4175 a.
562 4135 588 4191 5.
608 4117 690 4190 ίεροῦ]
704 4119 788 4174 Addit
800 4121 832 4174 τά
844 4143 872 4174 τε
883 4123 1003 4190 πρόβατα
1014 4121 1055 4174 καί
1067 4119 1126 4176 τοὺς
1136 4121 1203 4180 βόας
1214 4119 1255 4173 καί
1267 4123 1317 4172 τῶν
1329 4121 1430 4175 κολλυ-

228 4195 329 4254 βιστῶν
345 4191 432 4262 ἐξέχεε
449 4192 479 4244 τδ
496 4190 575 4261 κέρμα
591 4193 632 4244 καὶ
649 4191 694 4246 τὰς
709 4190 834 4260 τραπέζας
851 4191 931 4246 άνέστ
948 4193 999 4263 εψε
1018 4193 1057 4244 καὶ
1074 4193 1128 4246 τοῖς
1143 4190 1189 4245 τὰς
1205 4189 1360 4261 περιστερὰς
1372 4212 1431 4244 πω-

230 4258 405 4351 λοῦσινχείπεν
418 4261 470 4315 Ed.
482 4262 566 4316 invito
580 4261 612 4315 Β.
714 4279 740 4331 9.
759 4261 864 4316 δεικνύει
878 4261 910 4315 Β.
965 4259 1196 4348 τάδείκννσιΕά.
1280 4276 1304 4353 ἰ
1328 4300 1335 4312 .
1355 4261 1433 4342 ὦτοι

229 4351 452 4455 mmm.
469 4332 518 4457 ¹1³3.
536 4334 819 4459 ιιιπέλίζίίίίί
832 4329 1322 4472 ¹³·*2‘13‘31‘54‘22'65'fi12-u5'321ss01‘3v1’3.
1336 4348 1433 4457 π’,ίίὲ

231 4470 347 4526 Catenis.
444 4489 487 4526 οι.
505 4473 631 4528 ἀποκαλεῖ
642 4481 711 4527 nan
729 4496 745 4526 α
757 4472 809 4527 hoc
821 4472 913 4527 ordine
927 4473 959 4529 B.
973 4472 1044 4529 (λιιι.
1142 4489 1184 4543 23·
1195 4469 1285 4542 μόνοι]
1302 4478 1331 4535 ÷
1347 4475 1362 4525 ὁ
1376 4471 1433 4528 Εὐ.

229 4541 317 4595 inw'tis
332 4541 363 4596 B.
376 4542 447 4597 Catt.
554 4560 596 4610 24.
615 4543 694 4600 ὄντας
706 4495 739 4599 θ
752 4542 832 4601 οὕτως
844 4543 895 4598 Ed.
