3038 5018
65 275 195 362 i.9‚10.
253 278 309 345 IN
339 284 372 347 S.
397 284 649 349 JOANNEM.
695 285 842 350 LIB.I.
889 285 1076 350 CARIX.
1199 287 1261 349 119

63 450 129 544 τῆς
154 447 338 533 κολάσεως
363 449 519 554 τρόπον,
556 452 640 530 ἀλλ’
661 452 798 554 ὁρῶμεν
817 449 871 530 ότι
895 459 1071 530 τοσοῦτον
1093 447 1256 555 ἀφεστή-

64 605 152 650 κασι
180 581 246 652 τοῦ
278 572 460 672 σωμάτων
486 573 786 654 ἀπαλλάττεσθαι
815 575 931 655 θέλειν
960 579 991 654 οἱ
1021 572 1295 670 πιστεύοντες,ι1

65 697 113 778 ὡς
149 703 228 779 ταῖς
265 703 313 782 είς
349 697 514 800 Χριστόν
551 701 760 800 ὁμολογίαις
802 696 1156 804 συνεπιφθέγγεσθαι
1196 700 1261 795 τῆς

64 818 200 922 σαρκός
228 819 293 921 τήν
320 822 533 902 ἀνάστασιν.
584 823 647 901 οὐκ
678 822 747 925 ἀρα
776 820 962 905 κολάσεως
989 822 1092 901 ἐσται
1119 819 1260 922 τρόπος,

31 940 105 1024 5τδ
142 950 201 1024 καὶ
237 944 393 1031 πίστεως
430 948 607 1052 ὁμολογίᾳ
643 947 882 1045 τετιμημένον,
915 949 962 1028 ὡς
1000 951 1045 1050 τῇ
1083 945 1160 1049 θείᾳ
1197 951 1261 1023 τοῦ

65 1071 231 1168 Σωτῆρος
256 1068 399 1168 δυνάμει
425 1069 466 1148 τὸ
490 1069 609 1149 πάντα
634 1068 811 1149 δύνασθαι
835 1069 964 1177 ῥᾳδίως
989 1071 1259 1170 ἐπιμαρτυροῦν,

63 1188 122 1268 διὰ
138 1200 202 1270 τοῦ
220 1197 510 1294 παλινδρομήσαι
528 1191 619 1296 πρὸς
638 1192 739 1296 ζωήν.

119 1349 154 1399 τ.
186 1346 286 1394 λκιο.
315 1322 360 1395 Εἰ
387 1325 553 1418 προοῦσα
581 1319 656 1396 κατ’
686 1317 836 1400 ἐκείνους
864 1314 1062 1422 ἐξήμαρτεν
1089 1314 1112 1414 ἡ
1144 1312 1259 1420 ψυχὴ,

62 1437 121 1515 διά
155 1472 193 1518 τε
220 1448 325 1519 τοῦτο
353 1438 564 1540 συνεπλάκη
592 1441 713 1543 σαρκὶ,
743 1436 802 1517 διὰ
828 1438 934 1518 ποίαν
962 1438 1076 1518 αἰτίαν
1105 1440 1125 1516 ό
1153 1436 1259 1536 νόμος

10 1589 48 1630 10
62 1560 108 1640 τά
139 1562 203 1660 μέν
231 1571 304 1642 τῶν
333 1563 567 1665 ἐγκλημάτων
598 1563 779 1666 βαρύτερα
811 1568 983 1661 τιμᾶσθαι
1013 1559 1165 1666 θανάτῳ,
1195 1557 1289 1640 τδνο

61 1684 99 1765 δέ
132 1683 233 1766 οὐδέν
264 1687 492 1789 ἡμαρτηκότα
524 1685 649 1788 διαζῆν
680 1685 878 1787 ἐπιτρέπει;
918 1689 1010 1789 χρῆν
1040 1684 1111 1786 γάρ
1144 1682 1260 1783 δήπου

60 1816 216 1906 μᾶλλον,
241 1808 322 1894 τοὺς
348 1809 413 1908 μέν
435 1813 491 1890 ἐπὶ
516 1817 589 1894 τοῖς
617 1812 820 1914 αἰσχίστοις
848 1809 1004 1891 ἁλόντας
1031 1814 1150 1891 κακοῖς
1178 1812 1254 1887 ἐπι-

60 1931 200 2034 τρέπειν
219 1932 432 2037 ἐγχρονίζειν
450 1933 630 2032 σώμασιν,
645 1935 703 2012 ἵνα
722 1932 765 2033 δή
784 1937 842 2013 καὶ
860 1930 1025 2036 μειζόνως
1042 1930 1259 2034 κολάζοιντο,

59 2053 143 2139 τοὺς
161 2055 198 2134 δέ
217 2055 318 2136 οόδέν
336 2055 581 2159 ἡμαρτηκότας
599 2053 779 2154 σωμάτων
799 2059 971 2151 ἀνεῖσθαι,
991 2055 1087 2155 εἴπερ
1105 2056 1142 2133 ἐν
1161 2054 1260 2161 τάξει

10 2200 47 2260 ¹5
61 2183 229 2281 τιμωρίας
256 2181 278 2279 ἡ
307 2179 576 2280 ἐνσωμάτωσις.
625 2181 710 2259 ἀλλ’
740 2184 779 2259 ἐκ
810 2186 883 2259 τῶν
910 2180 1089 2274 ἐναντίων,
1118 2178 1260 2286 θανάτῳ

59 2300 126 2400 μέν
145 2306 164 2382 ό
183 2303 356 2408 φονευτὴς
373 2304 651 2407 καταδικάζεται,
669 2302 805 2410 πάσχει
831 2303 870 2383 δέ
895 2301 996 2382 οὐδέν
1013 2303 1032 2380 ὁ
1057 2304 1189 2386 δίκαιος
1212 2307 1261 2386 είς

59 2424 102 2504 τὸ
121 2434 242 2526 σῶμα·
273 2430 335 2507 οὐκ
354 2429 423 2532 ἄρα
441 2430 609 2529 τιμωρίας
627 2428 758 2530 τρόπος
777 2428 799 2526 ἡ
817 2425 1015 2528 σάρκωσις.

117 2550 147 2654 ζ.
177 2583 278 2629 ΑΛΛο.
308 2557 353 2630 El
375 2555 412 2631 ἐκ
438 2551 693 2653 πρεσβυτέρων
712 2548 977 2654 ἁμαρτημάτων
996 2547 1289 2651 ἐσαρκιόθησανα
1333 2571 1373 2626 81
1386 2570 1427 2626 Δ.

59 2678 96 2752 αἱ
134 2680 265 2781 φυχαῖ,
305 2679 362 2754 καὶ
400 2674 531 2778 τρόπος
569 2677 690 2759 αὑταῖς
726 2676 894 2776 τιμωρίας
931 2675 953 2773 ἡ
991 2682 1055 2752 τοῦ
1091 2672 1261 2768 σώματος

10 2827 45 2868 ²0
59 2799 230 2898 ἐπενοήθη
250 2797 370 2905 φύσις,
381 2806 458 2881 πῶς
476 2801 567 2897 ἡμᾶς
587 2798 757 2903 ὠφέλησε
777 2797 1009 2900 καταργήσας
1028 2795 1091 2874 τόν
1106 2795 1260 2877 θάνατον

59 2924 80 3000 ό
100 2922 251 3025 Σωτήρ;
276 2929 352 3005 πῶς
372 2922 408 3001 δέ
426 2924 503 3026 οὐχὶ
522 2930 666 3020 μᾶλλον
685 2921 840 3021 ἠλέησεν
858 2921 880 3019 ή
900 2919 1031 3025 φθορὰ,
1047 2917 1089 2998 τό
1108 2917 1261 3021 κολάζον

58 3046 151 3143 ἡμεῖς
168 3046 401 3150 ἀφανίζιυσα,
421 3049 479 3125 καὶ
497 3046 607 3146 πέρας
631 3047 827 3125 ἐπιτιθεῖσα
852 3047 897 3147 τῇ
919 3045 1003 3122 καθ’
1023 3043 1124 3142 ήμῶν
1143 3043 1258 3146 ὀργῇ;

58 3167 113 3247 διὸ
142 3168 185 3268 δή
214 3172 271 3247 καὶ
298 3177 443 3267 μᾶλλον
466 3169 555 3247 εἴποι
584 3203 636 3252 τις
664 3168 709 3247 ἀν
731 3168 954 3272 εὐχαριστεῖν
977 3164 1260 3265 ἀκολουθότερον

58 3299 104 3395 τῇ
134 3298 256 3399 φθορᾷ
277 3293 369 3396 ἤπερ
392 3295 430 3371 ἐκ
453 3291 708 3371 τῶνέναντίων
727 3297 777 3397 τῷ
799 3287 952 3389 διηνεκές
969 3289 1053 3389 ἡμῖν
1072 3286 1262 3366 ἐπιτιθέντι

10 3437 43 3497 ²5
59 3415 100 3497 τδ
126 3414 378 3516 κολαστήριον,
398 3415 456 3494 διά
480 3420 544 3515 τῆς
570 3417 608 3493 ἐκ
635 3421 768 3515 νεκρῶν
787 3413 1032 3496 ἀναστάσεως·
1062 3410 1164 3490 ἀλλά
1187 3409 1294 3510 μὴνί)

59 3542 346 3644 εὐχαριστοῦμεν,
375 3543 422 3623 ὡς
450 3537 725 3640 ἀπηλλαγμένοι
755 3536 910 3618 θανάτου
940 3539 999 3616 καὶ
1029 3542 1168 3642 φθοραῖς
1202 3533 1261 3612 διὰ

59 3668 233 3765 Χριστοῦ·
278 3665 340 3742 οὐκ
374 3663 445 3765 ἀρα
477 3664 646 3764 τιμωρίας
679 3659 811 3763 τρόπος
844 3660 866 3757 ἡ
900 3658 1087 3763 σάρκωσις
1119 3664 1164 3763 τῇ
1197 3666 1262 3737 τοῦ

58 3786 247 3888 ἀνθρώπου
274 3792 390 3891 ψυχῇ.

113 3945 146 4009 η.
178 3940 268 3986 Amo
288 3940 330 3986 oz
349 3940 394 3985 ΕΚ
413 3939 606 3985 τοιουτου
625 3938 867 3984 θοοςιιιικτου.
896 3910 940 3984 Ei
972 3901 1261 4008 προγενεστέρων

10 4070 44 4127 30
59 4030 323 4135 ἁμαρτημάτων
347 4032 601 4129 ἀπαιτούμενοι
630 4031 729 4114 δίκας
758 4036 793 4109 αῖ
821 4036 894 4109 τῶν
919 4027 1119 4128 ἀνθρώπων
1142 4028 1260 4132 ψυχαὶ

57 4163 129 4240 τοῖς
162 4157 233 4235 ἀπὸ
266 4161 328 4254 τῆς
359 4161 425 4257 γῆς
457 4151 708 4254 ἐνεπλάκησαν
736 4155 895 4252 σώμασι,
924 4152 1041 4246 ποίαν,
1071 4149 1149 4229 εἰπέ
1179 4183 1256 4245 μοι,

94 4385 118 4421 2.
131 4367 190 4437 τοῦ]
204 4370 257 4423 τοῖς
271 4366 303 4420 Ε.
376 4385 401 4437 3.
416 4364 673 4436 συνεπιφθέγγεσθαι
689 4364 718 4417 Β.
734 4361 991 4432 συνεπισφίγγεσθιιι
1005 4360 1057 4415 Ed.
1130 4379 1155 4429 9.
1173 4382 1213 4413 τοι
1226 4360 1259 4413 Β.

56 4437 149 4561 capg]
164 4442 195 4507 τῇ
210 4439 288 4508 σαρκὶ
302 4438 333 4493 E.
474 4454 515 4490 10.
534 4438 636 4504 τιμᾶται
652 4435 683 4488 B.
822 4448 865 4504 27.
884 4435 930 4486 τοῦ
942 4432 1078 4502 ἀνθρώπου
1091 4441 1260 4501 assumptum

57 4527 90 4562 CX
131 4548 138 4562 ε
