3038 5018
91 305 145 369 vii.
160 325 212 393 39.
280 309 336 372 IN
368 311 401 374 S.
425 308 679 374 JOANNEM.
726 310 879 374 LIB.V.
924 309 1026 374 CAP.
1052 310 1098 374 11.
1222 311 1285 374 697

90 466 175 554 τοῦς
199 468 312 574 ὅρους,
333 477 380 556 ὡς
405 473 595 576 ὑπέρτερον
621 470 708 552 εῖναι
734 472 856 574 μηδέν.
897 475 981 551 ἀλλ’
1005 476 1026 552 ὁ
1054 475 1166 556 οὕτως
1193 470 1286 575 έχων

90 594 199 673 ἐδεῖτο
225 600 389 697 Χριστοῦ
414 599 532 699 λέγων
549 608 572 645 “
586 596 685 699 Ἐγὼ
710 598 831 702 χρείαν
854 597 924 701 ἔχω
953 594 1021 677 ῦπὸ
1050 603 1121 675 σοῦ
1147 603 1283 690 βαπτι·
1329 603 1454 718 wth-

91 725 113 762 “
131 722 274 817 σθῆναι,
298 725 357 799 καὶ
384 718 434 799 σῦ
461 720 547 826 ἕρχη
574 719 666 825 πρὸς
693 720 743 817 μέ
752 721 786 816 ;”
818 723 904 826 ὁρᾷς
932 719 1029 804 ὅπως
1056 718 1189 802 τέλειος
1217 716 1318 815 ὢν,1)
1359 684 1416 734 ·4

92 839 182 919 ὅσον
201 842 283 941 ἧκεν
299 846 336 923 ἐν
358 846 560 945 ἀνθρώποις
584 849 643 925 καὶ
667 846 705 924 έν
726 851 907 945 γεννητοῖς
931 850 1119 946 γυναικῶν,
1137 841 1284 922 ἀνακτί·

59 963 215 1066 5ζεσθαι
246 963 382 1068 τρόπον
409 965 489 1047 τινὰ
522 970 580 1047 καὶ
610 970 872 1067 ἀναγεννοῖσθαι
904 974 1109 1068 παρακαλεῖ
1134 964 1194 1045 διὸ
1223 973 1288 1045 τοῦ

91 1086 220 1187 Ἀγίου
243 1088 476 1186 Πνεῦματος;
518 1092 603 1197 ὁρᾷς
631 1089 727 1173 ὅπως
755 1096 963 1193 παραχωρεῖ
986 1095 1061 1172 τοῖς
1088 1092 1283 1187 ἀναγεννη·

93 1214 186 1289 θεῖσι
210 1209 252 1290 τὸ
277 1213 405 1316 μεῖζον,
425 1215 467 1293 δι’
487 1210 538 1292 ὧν
557 1212 664 1296 αῦτὸς
689 1211 739 1291 ἔτι
764 1215 904 1291 δεῖσθαι
929 1211 1056 1291 τούτου
1083 1213 1223 1317 φησίνς
1257 1217 1286 1293 εί

91 1330 158 1430 μέν
176 1332 247 1438 γὸρ
267 1333 290 1439 ᾗ
308 1339 345 1415 έν
364 1337 527 1433 ἀμείνοσι
545 1336 596 1435 μὴ
614 1335 916 1433 βεβαπτισμένος,
935 1337 973 1413 τί
989 1334 1030 1415 τὸ
1048 1332 1287 1437 βαπτίζεσθαι

91 1466 314 1556 παρακαλεῖν
328 1458 436 1539 αὐτὸν
450 1466 508 1539 καὶ
526 1461 739 1555 ἀναπεῖθον;
762 1464 791 1538 εί
810 1457 848 1538 δὲ
867 1455 959 1537 οἶδεν
972 1457 1098 1538 ἑαυτὸν
1115 1456 1287 1557 ἐσόμενον

45 1602 78 1644 10
92 1579 130 1657 έν
147 1583 346 1678 βελτίοσιν,
365 1581 452 1662 ὅταν
470 1583 556 1688 ἕρχη
574 1580 616 1663 τὸ
635 1582 838 1680 βάπτισμα,
856 1588 933 1664 πῶς
959 1583 1022 1660 οῦκ
1047 1582 1220 1680 ἀναθήσει
1244 1582 1286 1662 τὸ

90 1702 208 1805 μεῖῷν
243 1712 317 1789 τοῖς
353 1704 421 1804 ἤδη
456 1705 781 1803 βεβαπτισμένοις;
821 1705 963 1808 μείζονα
999 1712 1190 1804 τοιγαροῦν
1227 1707 1316 1784 καὶο

92 1827 201 1905 αῦτοῦ
232 1832 348 1931 φησιν
375 1827 543 1908 Ἰωάννου
575 1824 738 1930 Χριστὸς
769 1826 833 1908 τὸν
864 1829 902 1907 ε’ν
934 1831 979 1931 τῇ
1013 1829 1186 1934 βασιλείᾳ
1214 1835 1287 1908 τῶν

92 1951 252 2052 οὐρανῶν
270 1949 489 2054 μικρότερον,
508 1949 684 2047 τουτέστι,
703 1954 762 2029 καὶ
786 1950 849 2029 τὸν
871 1951 952 2053 ἀρτι
975 1951 1284 2049 βεβαπτισμένον,

93 2074 192 2153 οὕτω
225 2071 264 2152 δὲ
296 2077 355 2153 καὶ
385 2075 428 2154 τὸ
461 2077 498 2153 ἐν
531 2074 648 2174 ἔργοις
679 2072 858 2179 ἐξαίρετον
890 2073 1028 2178 ἔχοντα,
1058 2071 1150 2153 κατὰ
1180 2081 1287 2153 τοῦτο

45 2218 77 2280 15
91 2196 213 2296 μόνον,
232 2198 321 2278 καθὸ
340 2194 507 2299 γεννητὸς
525 2193 589 2296 μὲν
606 2196 657 2275 έτι
681 2193 846 2296 γυναικὸς
873 2197 893 2274 ό
918 2195 1092 2300 μακάριος
1114 2195 1160 2297 ἦν
1179 2202 1285 2277 Baa-

93 2319 269 2421 τιστὴς,ό
296 2320 333 2401 δέ
355 2322 394 2400 ἐκ
413 2325 510 2399 Θεοῦ
534 2320 752 2421 γεγέννηται,
771 2316 862 2397 κατὰ
886 2317 928 2399 τὸ
950 2319 1209 2422 γεγραμμένον,
1229 2323 1287 2401 καὶ
1332 2326 1454 2442 ἔξω·

93 2445 188 2528 θείας
218 2446 342 2547 γέγονε
373 2442 520 2551 φύσεως
549 2440 726 2540 κοινωνὸς,
754 2444 909 2521 ἐνοικοῦν
937 2441 1029 2547 ἔχων
1056 2446 1095 2522 ἐν
1122 2445 1219 2551 αὐτῷ
1244 2445 1287 2525 τὸ
1361 2409 1406 2459 '⁹'

86 2563 219 2670 Ἀγιον
240 2574 399 2666 Πνεῦμα,
417 2569 475 2646 καὶ
495 2564 578 2651 ναὸς
595 2567 663 2667 ἤδη
682 2565 907 2670 χρηματίζων
926 2569 1030 2646 Θεοῦ.

147 2691 228 2771 Ἐπ’
259 2688 345 2769 αῦτὸ
377 2690 416 2769 δὲ
447 2689 491 2789 δὴ
520 2688 633 2770 πάλιν
663 2690 934 2788 ἀναδραμοῦμαι
966 2688 1009 2769 τὸ
1041 2690 1283 2792 προκείμενον.

45 2843 80 2884 20
92 2813 225 2915 ἐγένετο
242 2810 309 2912 μὲν
327 2811 399 2915 γὸρ
417 2815 455 2891 ἐν
472 2810 676 2917 προφήταις
700 2808 743 2891 τὸ
762 2817 910 2909 Πνεῦμα
936 2811 995 2891 διὸ
1019 2810 1085 2912 τὴν
1102 2821 1167 2893 τοῦ
1192 2848 1283 2915 προ·

92 2935 257 3043 φητεῦειν
275 2936 406 3040 χρείαν·
433 2934 633 3034 ἐνοικίζεται
652 2934 690 3014 δὲ
709 2942 772 3014 νῦν
790 2931 849 3012 διά
866 2939 1031 3037 Χριστοῦ
1049 2943 1123 3019 τοῖς
1140 2936 1321 3022 mered-d

91 3092 186 3155 ουσι,
205 3061 263 3138 καί
280 3062 318 3138 ἐν
336 3057 433 3165 αὐτῷ
457 3063 602 3160 πρῶτον
620 3054 823 3162 ἀρξάμενον
841 3055 899 3135 ὅτε
917 3056 1065 3159 γέγονεν
1083 3060 1285 3162 ἅνθρωπος.

91 3180 162 3286 έχει
186 3179 346 3284 μὲνγὰρ
371 3183 419 3264 ὡς
438 3178 532 3263 Θεὸς
557 3178 792 3276 ἀδιαστάτως,
811 3177 853 3260 τὸ
881 3180 1063 3264 οῦσιωδῶς
1090 3180 1288 3287 ε’κπεφῦκὸς

91 3305 198 3410 αὐτῷ,
221 3307 278 3385 καὶ
306 3303 395 3383 ἴδιον
420 3303 529 3382 αὐτοῦ
552 3308 712 3399 Πνεῦμα.
751 3302 886 3406 χρίεται
914 3302 952 3383 δὲ
979 3305 1021 3381 δι’
1040 3305 1133 3403 ἡμᾶς
1160 3309 1218 3384 καὶ
1245 3304 1288 3385 τὸ

45 3440 78 3501 25
94 3432 242 3526 Πνεῦμα
260 3424 459 3525 λαμβάνειν
478 3429 526 3508 ὡς
545 3425 733 3527 ἅνθρωπος
753 3422 904 3527 λέγεται,
917 3426 985 3531 οῦχ
1003 3429 1116 3534 ἑαυτῷ
1133 3425 1199 3526 τὴν
1215 3434 1288 3508 τῶν

92 3550 196 3630 θείων
227 3552 375 3652 ἀγαθῶν
406 3548 603 3652 ἐμπορίζων
633 3547 852 3654 μετάληψιν,
883 3547 984 3629 ἀλλά
1020 3555 1065 3655 τῇ
1097 3550 1288 3654 ἀνθρώπου

131 3838 154 3875 1.
166 3820 320 3891 ὑπερτέρους
331 3820 363 3874 Β.
375 3819 465 3874 Holet.
496 3817 655 3873 amandavit
663 3818 736 3874 Aub.
747 3827 778 3873 ut
789 3826 903 3873 testatur
914 3819 980 3890 ipae.
1028 3819 1054 3873 8.
1067 3815 1093 3872 εἶ
1102 3817 1113 3886 (
1120 3841 1144 3860 =
1156 3813 1174 3887 ᾔ
1180 3819 1204 3887 ἲ)
1213 3817 1245 3872 Β.
1255 3815 1287 3885 ἦν

93 3890 244 3946 emendavit
256 3890 338 3956 Aah„
350 3890 373 3943 εἰ
385 3890 413 3943 in
425 3889 579 3960 apographo
590 3889 692 3959 legens.
740 3891 775 3958 μὴ
788 3897 956 3959 assumptum
969 3906 1002 3942 ex
1015 3888 1048 3943 B.
1063 3887 1122 3960 [οὐκ
1150 3888 1287 3958 νένᾶμεὶ·

92 3983 152 4019 νοσι
162 3960 372 4029 βιβαπτισμένας
384 3958 535 4013 emendavit
547 3956 665 4029 Migne.]
778 3975 806 4029 9.
824 3961 982 4028 παρακαλεῖν
992 3959 1070 4013 αὐτὸν
1081 3959 1124 4012 καὶ
1150 3958 1288 4013 ἀναπεῑθον

92 4030 216 4086 emendat
229 4028 332 4100 Heyee]
346 4029 488 4084 ἀναπείθων
501 4029 533 4083 Β.
545 4031 704 4100 παρακαλεῖν
717 4028 795 4084 αὐτὸν
810 4030 851 4082 καὶ
868 4029 1013 4083 ἀναπείθειν
1027 4028 1076 4084 Ht.
1087 4031 1231 4097 παρακαλεῖ
1242 4029 1287 4082 αῦ-

92 4104 137 4157 τὸν
149 4102 190 4155 καὶ
202 4100 331 4155 ἀναπείθει
341 4099 413 4153 Aub.
487 4115 529 4152 10.
542 4099 648 4170 ἔρχητὸ
662 4099 694 4152 Β.
707 4098 755 4152 Ht.
768 4097 832 4167 ἔλθη
844 4100 874 4152 τὸ
883 4097 954 4153 Aub.
1030 4112 1070 4169 15.
1083 4099 1121 4153 ἔτι
1133 4100 1251 4169 γυναικὸς
1262 4117 1287 4153 a.

91 4173 134 4227 ἐπὶ
145 4173 263 4242 γυναικὸς
275 4171 312 4223 ἔτι
358 4170 442 4224 ναικὸς
454 4187 502 4292 Ero
515 4187 589 4223 more
602 4169 635 4223 B.
648 4168 799 4223 emendavit
811 4171 868 4223 έστι
884 4170 1001 4239 γυναικὸς
1015 4170 1053 4222 ἔτι
1066 4171 1185 4240 γυναικὸς
1198 4168 1246 4222 Ht.
1260 4169 1288 4223 ἐκ

90 4243 235 4366 όῖάῖὸῖὸὸθ
249 4240 308 4295 cat·
331 4240 485 4379 1drld3Adlm:
497 4327 521 4364 a.
559 4239 653 4363 διαῦῖῦ
667 4239 880 4380 ῦόᾟιῖόῖωω
893 4327 925 4362 ex
940 4253 997 4364 ΒΙῖι.
1012 4239 1105 4364 higen(
1118 4238 1288 4363 060⁵:ng

92 4382 152 4437 Cat.
168 4382 243 4437 Harl.
256 4381 401 4450 assumpsit
413 4379 486 4433 Aub.
641 4395 684 4502 τὲ.
703 4379 846 4449 ἐκπεφυκὸς
859 4380 892 4433 B.
908 4379 955 4434 Ην.
968 4380 1117 4450 ἐμπεφυκὸς
1129 4379 1200 4434 Aub.
1216 4378 1289 4433 unde
1304 4400 1307 4405 ·

91 4452 237 4506 emendans
249 4452 349 4505 nescio.
447 4466 490 4516 24.
509 4451 636 4520 χρίετοιο
673 4458 709 4504 at.
724 4449 800 4504 Harl.
814 4449 964 4510 emendavit
976 4450 1048 4504 Aub.
1062 4453 1174 4521 χαριεῖτε
1189 4450 1222 4504 B.
1238 4450 1286 4504 Ht.

91 4521 137 4594 δι’]
152 4523 183 4591 δὴ
196 4523 229 4576 Β.
337 4520 380 4575 26.
399 4520 539 4590 ἐκπορίζων
550 4540 574 4576 a.
634 4518 679 4590 τῇ]
696 4528 724 4584 †
740 4524 786 4575 τοῦ
798 4540 822 4576 a.

135 4624 205 4669 voa.
222 4624 245 4668 1.
669 4624 690 4681 4
707 4621 727 4666 υ
