3038 5018
89 301 252 390 v.37,38.
284 300 340 367 IN
371 303 404 366 S.
429 301 683 368 JOANNEM.
728 303 824 367 LIB.
848 302 914 367 111.
960 301 1126 367 CARII.
1225 302 1288 364 377

91 476 115 517 ‘⁴
130 474 239 549 εἰπεῖν
250 465 416 572 Ἕγειροι
441 475 499 549 καὶ
521 469 751 573 περιπάτει;”
783 471 868 576 ὁρᾷς
896 469 992 555 ὅπως
1020 471 1062 549 οὐ
1088 468 1290 571 περιμείνας

91 589 158 690 τὴν
180 595 219 672 ἐν
241 600 412 702 προφορᾷ
435 592 605 697 ῥημάτων
627 593 830 698 ἀπόκρισιν,
851 593 929 693 ἤτοι
954 590 1180 696 γογγυσμδν,
1199 590 1289 694 πρὸς

91 715 156 800 τὰς
179 719 221 796 ἐν
248 719 367 804 αὑτοῖς
396 720 530 802 ἐννοίας
558 723 607 802 ὡς
636 717 729 804 Θεὺς
762 719 1012 820 άπακρίνεται;
1058 714 1219 818 εὑρήσεις
1252 714 1289 794 δὲ

90 840 204 920 πάλιν
224 845 283 923 καὶ
299 842 422 945 ἕτερον
439 843 650 946 πράγματος
675 843 791 923 εἰκόνα
816 841 908 922 κατὰ
931 849 1037 922 τοῦτο
1059 838 1291 943 διηρτημένην

59 961 135 1049 ὅτδ
157 969 294 1070 σχῆμα.
333 966 432 1069 λε’γει
457 965 530 1069 γὰρ
553 968 665 1051 οὑτως
691 969 712 1046 ὁ
734 962 905 1067 μακάριος
925 971 1067 1051 Λουκᾶς
1084 975 1105 1012 “
1124 963 1320 1066 Ἐγένετοα

93 1100 115 1137 “
134 1088 172 1169 δὲ
191 1093 228 1170 ἐν
246 1091 354 1200 ἑτέρῳ
378 1089 559 1197 σαββάτῳ
587 1096 762 1170 εἰσελθεῖν
782 1089 891 1170 αὑτὸν
916 1095 962 1173 εῖς
988 1088 1054 1189 τὴν
1073 1086 1291 1190 συναγωγὴν

1324 936 1373 1008 xlb.
1385 959 1418 1008 vi.

1333 1024 1391 1091 ⁶.9.

93 1221 116 1259 ‘⁴
135 1215 194 1293 καὶ
218 1212 411 1305 διδάσκειν,
432 1219 490 1294 καὶ
517 1211 562 1312 ἦν
585 1214 771 1315 ἅνθρωπος
799 1217 871 1293 ε’κεῖ
897 1217 955 1294 καὶ
985 1215 1006 1312 ἡ
1037 1217 1113 1319 χεὶρ
1138 1212 1291 1312 αὑτοῦὴ

94 1349 117 1386 “
136 1336 235 1446 δεξιὰ
253 1336 297 1438 ἦν
315 1337 422 1446 ξηρά.
461 1346 726 1441 παρετηροῦντο
751 1335 789 1417 δὲ
815 1338 923 1418 αὑτὸν
942 1343 974 1418 οἱ
993 1343 1211 1442 γραμματεῖς
1233 1341 1292 1416 καὶ

95 1474 117 1511 “
136 1468 168 1543 οῖ
194 1469 387 1566 Φαρισαῖοι
419 1468 448 1542 εί
480 1467 518 1543 ε’ν
549 1468 600 1568 τῷ
632 1462 813 1569 σαββάτῳ
844 1462 1040 1566 θεραπεύει,
1070 1462 1128 1541 ἵνα
1160 1463 1292 1562 εὕρωσι

42 1619 82 1659 10
95 1596 118 1635 “
137 1589 351 1692 κατηγορίαν
369 1588 445 1669 κατ’
466 1589 587 1667 αὑτοῦ·
618 1585 723 1670 αὐτὸς
746 1585 783 1666 δὲ
805 1583 897 1691 ᾔδει,
920 1590 1044 1690 φησὶν,
1060 1584 1143 1667 τοὺς
1164 1588 1290 1663 διαλο-

96 1721 118 1757 “
137 1712 290 1813 γισμοὺς
316 1714 443 1810 αὑτῶν,
468 1715 526 1791 καὶ
553 1708 628 1792 εἷπε
656 1718 707 1818 τῷ
734 1714 834 1813 ἀνδρὶ
862 1717 914 1819 τῷ
941 1710 1056 1818 ξηράν
1084 1710 1200 1813 ἔχοντι
1228 1708 1294 1808 την

96 1845 118 1881 “
137 1842 238 1938 χεῖρα
249 1832 413 1938 Ἕγειραι
436 1839 494 1913 καὶ
511 1839 621 1934 στῆθι
640 1841 689 1918 είς
707 1835 749 1915 τὸ
767 1836 891 1931 με’σον.
932 1838 991 1913 καὶ
1009 1833 1170 1918 ἀναστάς
1188 1832 1290 1932 ἔστη.

96 1969 119 2006 “
137 1954 211 2039 εἷπε
230 1956 268 2038 δέ
287 1960 306 2037 ὑ
324 1956 466 2056 Ἰησοῦς
490 1956 582 2060 πρὸς
607 1959 733 2041 αὑτούς
752 1957 995 2060 Ἐπερωτήσω
1021 1960 1110 2057 ὑμᾶς
1129 1964 1158 2036 εῖ
1176 1957 1294 2063 ἔξεστι

97 2093 120 2132 “
138 2089 189 2191 τῷ
207 2078 387 2191 σαββάτῳ
401 2085 666 2184 ἀγαθοποιῆσαι
685 2080 707 2182 ἢ
727 2083 1000 2181 κακοποιῆσαι.”
1020 2086 1105 2189 ὁρᾷς
1120 2080 1164 2181 δὴ
1182 2080 1295 2161 πάλιν

45 2235 83 2295 ¹5
97 2207 437 2307 άνακεκαλυμμίνως
454 2210 492 2286 ἐν
509 2205 657 2298 τούτοις,
679 2210 728 2290 ὡς
751 2212 798 2289 εἷς
823 2205 934 2305 αὑτὴν
952 2209 1045 2309 ὁρῶν
1062 2205 1128 2305 τὴν
1147 2207 1329 2306 καρδίανιὶ

97 2338 170 2412 τῶν
197 2330 354 2430 ἀνοήτως
380 2335 563 2410 αῖτιοῖσθαι
590 2328 817 2434 πειρωμένων
845 2328 965 2428 αὑτὸν,
990 2327 1186 2430 ἐποιήσατο
1213 2325 1295 2413 τοὺς

98 2455 255 2557 λόγους;
287 2451 447 2535 τοιοῦτόν
477 2489 512 2534 τι
543 2453 658 2541 πάλιν
689 2458 747 2534 καὶ
780 2457 837 2535 ε’πὶ
866 2459 918 2562 τῳῖ
948 2454 1167 2560 προκειμένῳ
1198 2455 1296 2560 ῥητῷ

97 2581 341 2682 τεθεωρήσθω
372 2577 472 2681 παρὰ
503 2586 567 2659 τοῦ
602 2583 768 2680 Σωτῆρος
804 2580 841 2657 ἐν
873 2584 950 2662 ταῖς
986 2584 1058 2658 τῶν
1087 2578 1297 2680 Φαρισαίων

99 2704 266 2786 διανοίαις
300 2700 588 2802 ὑποτοπήσομευ.
638 2702 722 2810 ὄψει
756 2703 792 2782 δὲ
823 2703 889 2802 τήν
916 2704 1052 2782 εὐθεῖαν
1082 2701 1104 2802 ἢ
1138 2700 1204 2801 τὴν
1233 2709 1297 2781 τοῦ

44 2863 87 2903 20
98 2824 309 2930 πράγματος
347 2827 447 2908 θέσιν
479 2829 542 2907 οὑκ
579 2826 876 2908 άπολακτίσαντα
910 2825 974 2906 τὸν
1005 2826 1129 2926 λόγου,
1162 2824 1298 2904 ἕκαστα

100 2958 172 3032 τῶν
201 2952 271 3052 ἤδη
303 2951 567 3055 προειρημένων
598 2950 899 3054 άναμηρὺσασθαι
933 2948 1156 3048 κατοκνήσας
1188 2950 1293 3028 οὐδα-

99 3085 187 3179 μῶς·
571 3104 574 3108 ’

158 3200 288 3303 Γέγονε
322 3201 441 3281 τοίνυν
469 3203 506 3280 ἐν
524 3203 629 3306 [ἀρχῇ
661 3198 752 3302 πρὸς
785 3201 935 3284 ἐκείνους
968 3201 988 3278 ὁ
1020 3199 1137 3283 πολιίς
1170 3234 1207 3279 τε
1238 3203 1328 3278 καῖε

100 3323 236 3428 μακρὸς
260 3327 385 3407 οὑτοσὶ
408 3325 520 3427 λόγος
544 3326 602 3406 ε’πὶ
626 3330 679 3432 τῷ
702 3324 988 3430 τεθεραπευμένῳ
1014 3323 1105 3404 κατὰ
1129 3323 1171 3404 τὸ
1195 3323 1294 3418 σάβ-

46 3482 87 3543 25
100 3456 226 3545 βατον,
245 3453 302 3529 καὶ
329 3446 387 3531 διὰ
412 3451 588 3530 ποικίλων
606 3447 813 3551 εὑρημάτων
837 3452 895 3527 καὶ
919 3456 1188 3551 συλλογισμῶν
1206 3451 1294 3527 ἁνα-

100 3573 236 3654 πείθειν
273 3577 436 3677 ε’πειριῖτο
473 3570 635 3677 Χριστὸς
671 3571 754 3657 τοὺς
790 3573 890 3675 οἵπερ
927 3571 1023 3673 ἦσαν
1060 3577 1116 3654 ἐπὶ
1156 3580 1200 3678 τῇ
1236 3583 1300 3653 τοῦ

101 3695 297 3793 σαββάτου
328 3699 432 3778 λὺσει
465 3695 679 3800 δυστράπως
716 3695 977 3801 ἀσχάλλοντες,
1010 3702 1058 3781 ὡς
1089 3697 1207 3803 ἔξεστι
1242 3699 1300 3774 καὶ

101 3823 215 3903 ε’λεεῖν
237 3825 274 3903 ε’ν
298 3822 489 3929 σαββάτῳ,
513 3826 571 3902 καὶ
599 3825 648 3905 εῖς
674 3821 812 3904 πάντας
839 3820 1050 3924 ἐργάζεσθαι
1078 3821 1120 3900 τὸ
1147 3820 1298 3922 ἀγαθὸν,

103 3950 162 4025 καὶ
192 3945 283 4048 πρὸς
314 3946 463 4042 τούτοις,
491 3946 545 4025 ὅτι
577 3945 789 4047 πράγματος
822 3944 1114 4053 άξιολογωτάτου
1144 3944 1252 4023 σκιάν
1280 3945 1300 4020 ὁ

431 4070 441 4096 λ
561 4069 572 4097 λ

49 4112 90 4167 30
105 4069 213 4169 νόμος
230 4073 379 4166 ἐποιεῖτο
402 4106 468 4170 την
486 4105 577 4150 κατα
594 4069 636 4151 τὸ
659 4069 853 4166 σάββατον
871 4071 1011 4174 άργίαυ,
1031 4071 1155 4152 άλλως
1179 4103 1217 4148 τε
1242 4072 1301 4149 καὶ

141 4346 166 4394 4.
186 4328 350 4396 διηρτημένην
363 4327 396 4383 B.
410 4325 590 4395 διηρτισμίυην
603 4324 654 4379 Ed.
844 4343 869 4394 9.
889 4322 1023 4393 θεροπεὺει
1035 4323 1113 4378 edidi.
1127 4311 1258 4394 θεριιπεὺεηι
1268 4325 1301 4383 Β.

104 4397 260 4467 θεραπεύσει
270 4397 321 4451 Ed.
430 4413 471 4451 10.
489 4398 573 4486 φησὶν
584 4405 753 4467 assumptum
766 4413 799 4449 ex
813 4395 845 4449 B.
955 4412 996 4467 13·
1014 4397 1029 4448 ὁ
1042 4406 1210 4464 assumptum
1222 4414 1254 4450 ex
1268 4397 1301 4451 B.

109 4486 149 4535 14.
169 4467 213 4540 δὴ]
228 4470 256 4523 δὲ
269 4467 302 4523 Β.
412 4482 453 4534 15.
472 4471 555 4524 αυτῶν
568 4466 602 4523 Β.
705 4465 746 4521 16.
764 4465 878 4536 ἀνοήτων
891 4466 925 4523 Β.
1023 4481 1065 4537 23.
1084 4465 1254 4539 ὑρχήΗτε
1269 4467 1301 4524 Β.

106 4539 149 4594 26.
168 4536 299 4610 ἐπειρᾶτο]
313 4537 353 4593 ὅτι
364 4537 451 4608 ιῖριιτο
465 4537 498 4593 Β.

148 4648 219 4693 τοι.
235 4649 258 4692 1.
688 4647 707 4714 3
724 4648 741 4690 c
