3038 5018
83 297 257 385 νειμ,
295 299 352 363 IN
383 299 416 364 s.
441 298 698 366 ιοιιιιιπιιι.
742 252 923 367 12113J1v.
969 300 1073 368 σου.
1097 300 1125 365 1.
1223 299 1287 363 ιοο

85 465 234 565 ἀγαθοῖς
261 464 324 547 τὸν
347 466 460 571 ἀνδρα
488 464 735 569 θαυμάζοντες.
773 470 832 547 καὶ
857 467 1015 552 πλοῦτος
1041 465 1106 567 μέν
1129 465 1202 569 γὰρ
1230 470 1288 545 καὶ

84 586 128 668 τὸ
159 591 198 669 ἐκ
228 590 390 670 πλούτου
426 589 604 694 λαμπρὸν,
639 593 838 695 ἀλλοτρίαν
869 589 950 671 τινά
982 593 1040 671 καὶ
1072 588 1182 689 νόθην
1214 596 1288 673 τοῖς

85 713 307 813 κεκτημένοις
338 714 568 818 προσοίσειεν
600 711 645 793 ἀν
676 712 818 798 εἰκότως
849 712 916 814 τὴν
946 713 1069 822 δόξαν·
1114 714 1137 813 ἡ
1174 711 1212 792 δέ
1249 714 1318 791 ἐνο

85 836 212 945 καρδίᾳ
249 835 471 940 λαμπρότης,
509 842 568 918 καὶ
604 839 646 918 τῦ
681 840 719 918 ἐν
755 838 872 942 ἔργοις
910 841 1059 941 ἀγαθοῖς
1098 834 1285 943 διαφανὲς,

53 960 234 1063 ὄγνήσιος
268 960 313 1041 ἀν
344 957 413 1042 είεν
445 966 504 1042 καὶ
535 961 748 1067 ἐμπεφυκὼς
781 969 854 1045 τοῖς
884 962 1011 1067 ἔχουσι
1045 969 1215 1057 πλοῦτος,
1247 961 1289 1039 οῦ

85 1084 345 1182 συναπτομένων
368 1091 414 1192 τῇ
441 1089 561 1187 σαρκὶ,
581 1091 640 1165 καὶ
664 1084 736 1165 σῦν
757 1085 848 1191 αὐτῇ
876 1085 1182 1186 κατασηπόμενος,
1201 1084 1286 1164 ἀλλ’

85 1206 289 1314 ἐνδημοιίοη
312 1208 378 1307 μέν
396 1211 447 1290 ἐτι
470 1215 516 1315 τῇ
541 1214 647 1316 ψυχῇ
668 1206 761 1288 κατά
785 1206 887 1289 τόνδε
908 1207 972 1288 τὸν
997 1209 1079 1302 βίον
1100 1241 1284 1316 συνῳκισ·

85 1330 199 1431 μεὐος,
217 1334 422 1440 ἐκδημοόση
450 1332 487 1414 δέ
514 1332 627 1413 πάλιν
649 1332 976 1437 συναφιπτάμενος,
994 1330 1076 1414 όποι
1103 1367 1170 1436 περ
1199 1331 1287 1412 ἀνῦ

85 1466 149 1537 τοῦ
176 1456 311 1542 παντὸς
338 1457 492 1539 νεόσειεν
519 1458 673 1560 ἡγεμών.
713 1459 851 1537 πολλοὶ
879 1455 951 1560 γάρ
977 1459 1082 1557 μοναὶ
1109 1455 1208 1557 παρὰ
1236 1461 1287 1564 τῷ
1331 1439 1420 1556 {ff}

31 1611 73 1653 ιο
86 1584 217 1682 Πατρὶ,
239 1581 399 1685 καθάπερ
426 1580 644 1682 ἠκούσαμεν.

142 1704 320 1803 Τιμητέον
350 1713 541 1807 τοιγαροῦν
573 1707 652 1810 οῦχὶ
687 1704 829 1790 πάντως
867 1702 890 1804 ἢ
923 1702 1124 1807 ἀναγκαίως
1156 1701 1219 1783 τῦν
1251 1707 1289 1783 ἐν

85 1825 233 1934 πλούτῳ
266 1830 431 1934 διαφανῆ,
463 1832 520 1908 καῖ
553 1836 627 1914 τοῖς
659 1832 716 1910 ἐπὶ
748 1833 816 1930 γῆς
848 1829 1026 1937 δοξαρίοις
1059 1825 1220 1931 καθάπερ
1250 1829 1322 1906 ἐνᾶ

85 1951 207 2030 πίνακι
239 1950 589 2057 κατακεχρωσμένον,
621 1953 770 2035 ἐκείνους
808 1951 846 2032 δέ
881 1959 1038 2051 μᾶλλον,
1073 1949 1124 2034 οἷς
1162 1952 1184 2051 ἡ
1217 1958 1289 2031 τῶν

86 2071 202 2176 ἔργων
232 2073 426 2181 φαιδρότης
458 2074 664 2179 ἀμάραντον
696 2076 877 2155 ἀποτίκτει
910 2074 967 2154 διά
1002 2080 1098 2154 Θεοῦ
1129 2073 1195 2173 τὴν
1227 2076 1285 2154 εὔ·

35 2219 72 2279 ¹5
87 2210 218 2294 κλειαν,
236 2201 294 2276 καὶ
319 2198 360 2278 τὸ
386 2199 522 2280 ἔσωθεν
541 2196 779 2302 ἐναστράπτει
803 2198 941 2283 κάλλος
966 2198 1024 2277 διὰ
1049 2197 1171 2299 πάσης
1194 2197 1288 2282 ίδέας

87 2324 233 2422 ἀγαθῶν
251 2323 649 2427 ἐκλελαμπρυσμεῦονς.

83 2613 260 2706 Ἀπεκρίθη
277 2617 405 2685 Ἰιισοῦι
433 2618 486 2684 καί
513 2612 603 2687 εἶπεν
626 2613 737 2685 αὐτοῖς
754 2616 811 2683 Μέι
841 2619 1004 2708 τοττύζετε
1026 2619 1090 2696 μετ’
1117 2619 1285 2686 ἀλλήλων.
1298 2633 1337 2691 43

138 2741 245 2810 οὐδεὶς
273 2744 407 2811 δίναται
435 2742 542 2813 ἐλθεῖν
569 2745 653 2836 πρὸς
681 2743 732 2826 μὲ,
759 2743 818 2811 ἐὰν
845 2745 888 2822 μῦ
917 2745 935 2813 ὃ
962 2745 1075 2837 Πατιὶρ
1103 2747 1122 2814 ό
1153 2747 1286 2828 πέμψας
1298 2761 1336 2816 44

137 2893 177 2946 με
195 2869 316 2962 ἓλκὺοη
335 2871 444 2952 αὐτόν,
464 2871 553 2946 κάτὼ
571 2872 746 2940 ἀναστήσω
765 2872 864 2940 αὐτόν
882 2870 917 2938 ἐν
936 2879 975 2964 τῇ
995 2873 1115 2963 ἐσχάτη
1134 2873 1251 2964 ἐιμὲρᾳ.
1298 2884 1316 2927 θ

33 3084 75 3126 ²0
145 3059 510 3163 Κατασμικρύνουσιν
527 3058 691 3141 Ἰουδαῖοι
720 3057 785 3140 τὸν
801 3062 956 3161 Ἰησοῦν,
976 3057 1039 3140 τόν
1064 3058 1130 3160 μέν
1151 3062 1190 3139 ἐν
1211 3067 1285 3143 τοῖς

85 3181 247 3284 οὐρανοῖς
273 3184 485 3285 ἀγνοοῦντες
513 3183 671 3287 Πατέρα,
698 3186 757 3263 καὶ
786 3183 936 3285 ὅτιπερ
965 3182 1018 3283 είη
1050 3182 1142 3263 κατὰ
1171 3182 1286 3287 φῦσιν

87 3307 173 3392 Υίῦς
207 3315 271 3388 τοῦ
302 3307 449 3390 πάντων
476 3308 721 3412 δεσπόζοντος,
750 3307 948 3408 οὐδαμόθεν
977 3306 1282 3408 ἐπιγινώσκοντες,

86 3433 135 3515 είς
154 3429 191 3510 δέ
209 3430 322 3529 μόνην
339 3431 609 3526 ἀποβλέποντες
631 3429 699 3531 τὴν
717 3433 775 3512 ἐπὶ
798 3436 863 3532 τῆς
888 3435 956 3533 γῆς
979 3431 1114 3535 μητέρα
1139 3433 1197 3511 καὶ
1222 3427 1285 3511 τόν

86 3550 238 3660 Ἰωσήφ.
287 3552 346 3634 διά
380 3562 489 3635 τοῦτο
523 3551 737 3659 θερμότερόν
771 3589 848 3639 πως
885 3555 1003 3638 αὐτοῖς
1042 3557 1191 3662 ὑπαντᾷ,
1227 3557 1285 3633 καὶ

34 3703 73 3765 25
86 3681 307 3781 παραχρῆμα
329 3676 443 3758 πάλιν
465 3679 517 3757 ἐπ’
537 3677 626 3758 αῦτδ
650 3677 693 3758 τῦ
718 3677 908 3782 θεοπρεπὲς
932 3677 1074 3786 ἀξίωμα
1097 3680 1286 3782 χρησίμως

87 3802 265 3905 ἀναπηδᾷ·
299 3801 343 3880 δι’
366 3797 417 3880 ὧν
440 3797 544 3901 οἶδεν,
566 3804 613 3886 ὡς
639 3800 743 3900 Θεὸς,
765 3805 823 3881 καὶ
850 3800 893 3881 τὸ
920 3799 1039 3904 λάθρα
1067 3798 1314 3906 ψιθυρισθένυ
1335 3816 1453 3875 ΜΔ.

86 3927 146 4004 καὶ
164 3929 212 4007 είς
231 3932 315 4003 νοῦν
333 3925 452 4008 αὐτοῖς
470 3925 704 4028 ἀναβεβηκῦς,
723 3924 782 4006 διά
799 3925 934 4005 τούτων
952 3926 1069 4005 αῦτιῦν
1086 3924 1282 4026 ἐπιτρέπων

85 4047 225 4145 ἐννοεῖν,
244 4045 298 4127 ίπι
320 4050 385 4147 τῆς
409 4048 577 4149 ἀληθείας
601 4050 823 4148 ἐκπίπτουσι,
841 4052 899 4129 καὶ
922 4047 1052 4151 μικρόν
1071 4051 1197 4148 κομιδῆ
1215 4045 1282 4147 τὴν

125 4335 148 4372 1.
168 4319 208 4371 καὶ
221 4319 295 4388 prius
307 4328 475 4389 assumptum
488 4338 520 4376 ex
534 4319 567 4376 B.
760 4318 785 4372 6.
805 4321 998 4388 συναπτόμενον
1011 4319 1043 4373 Β.
1058 4317 1281 4444 [συναπόμενονῖφ

87 4402 113 4511 χ.
131 4389 205 4442 τόνδε
218 4400 385 4459 assumptum
398 4408 431 4444 ex
446 4391 478 4446 B.
626 4392 651 4445 8.
671 4390 896 4460 σνναφιπτάμενος
909 4389 980 4444 m).
993 4391 1217 4460 σνναφιστάμινος
1231 4390 1254 4444 E
1275 4429 1282 4444 .

108 4459 184 4512 tatim
196 4458 316 4529 ὅποιπερ
333 4460 363 4514 Β.
375 4461 441 4516 ὅπου
452 4482 502 4532 περ
515 4462 566 4517 Εδ.
688 4460 728 4515 16.
747 4461 824 4515 ἐκλελ
860 4461 1009 4529 πριισμίνον
1023 4460 1054 4515 Β.
1172 4477 1215 4515 21.
1232 4482 1283 4532 περ

86 4537 256 4599 assumptum
268 4546 300 4584 ex
314 4529 347 4585 B.
454 4546 498 4598 25.
516 4532 558 4587 ἐπὶ
569 4534 599 4586 τὸ
611 4532 674 4586 αῦιδ
686 4482 873 4602 θεοπρεπὲςαδ.

130 4630 200 4676 vo1..
217 4631 240 4675 1.
661 4631 715 4698 3oe
