3038 5018
258 284 324 348 568
561 285 601 351 B.
625 285 836 352 CYRILLI
866 283 1155 350 ALEXANDR4
1353 280 1399 348 τί.
1413 279 1466 345 68.

228 447 400 534 οεῖκότως
427 449 469 532 τῦ
499 452 542 532 δι’
563 450 640 537 ἐνὸς
667 458 739 531 τῶν
766 452 879 553 ἁγίων
904 456 1104 558 προφητῶν
1127 449 1325 553 εἰρημένον,
1347 451 1402 533 ὡς
1429 449 1467 528 ἐκ

89 582 133 714 ᾗ·
144 582 178 634 ¹¹¹
188 583 212 644 ⁶·
257 573 458 676 προσώπου
480 581 647 678 Χριστοῦ
665 586 687 623 “
702 573 820 659 Αῦτῦς
843 576 864 654 ῦ
890 580 1028 665 λαλοῦν,
1047 571 1193 677 πάρειμι
1221 576 1271 656 ὦς
1301 569 1381 674 ὥρα
1408 573 1467 651 ἐπὶ

259 707 281 746 “
298 705 371 779 τῶν
396 697 540 803 ἀρέων.”
576 700 616 779 τί
640 697 711 802 γάρ
739 701 777 778 ε’ν
804 705 879 782 τοῖς
906 697 1029 801 ὄρεσιν
1056 698 1079 797 ἦ
1106 694 1192 800 ὥρα,
1216 695 1424 794 τουτέστιν,
1445 696 1466 775 ὁ

258 822 393 927 ἐαρινὸς
430 823 613 926 ἐργάζεται
651 821 781 924 καιρὸς,
813 819 1063 926 προλαβόντες
1098 820 1167 922 ἤδη
1201 825 1338 927 σαφιῦς
1370 818 1466 924 εἰρή-

258 979 380 1045 καμεν.
1476 967 1495 1027 5

314 1071 459 1150 Οῦκοῦυ
485 1073 524 1150 ἐν
550 1075 616 1177 μιᾷ
642 1069 709 1170 μέν
736 1071 911 1150 ἵστασθαι
939 1068 1006 1169 τήν
1033 1065 1172 1169 σκηνήν
1199 1067 1316 1174 ἡμέρᾳ
1342 1100 1465 1169 προσ-

256 1193 375 1275 τάττει
404 1196 604 1299 χρησίμως,
628 1194 743 1274 τύπον
767 1193 970 1298 ἐπέχουσαν
997 1201 1062 1272 τοῦ
1086 1198 1262 1295 Χριστοῦ,
1289 1191 1351 1271 ἵνα
1381 1196 1466 1294 νοῇς

256 1319 309 1398 ἐπ’
344 1318 452 1424 αὐτῷ,
485 1316 527 1398 τῦ
562 1318 668 1425 ἅπαξ
696 1321 890 1398 ἀποθανεῖν
921 1319 960 1396 ἐν
991 1317 1043 1394 ἐνὶ
1075 1315 1190 1424 τούτῳ
1222 1321 1275 1422 τῷ
1307 1311 1466 1416 παρόντι

257 1447 381 1547 καιρῷ·
430 1440 688 1545 γεννηθήσεται
728 1441 800 1544 γάρ
842 1446 1001 1524 εἰσαῦθις
1041 1441 1216 1538 οὐδαμῶς,
1252 1438 1340 1518 ἀλλ’
1384 1437 1467 1518 οῦδέ

222 1564 472 1671 ἀτεθνήξεται,
491 1563 745 1667 γεγεννημένος
764 1562 869 1671 ἅπαξ
888 1566 946 1643 καὶ
973 1561 1165 1644 ἀποθανὼν
1183 1563 1242 1641 καὶ
1261 1559 1466 1645 διαναστάς
1482 1598 1517 1636 ιο

255 1689 295 1767 ἐκ
323 1694 469 1791 νεκρῶν·
509 1689 719 1767 ἀκολουθεῖν
746 1686 817 1791 γάρ
848 1683 987 1791 ἀνάγκη
1021 1690 1074 1794 τῷ
1106 1684 1250 1794 θανάτῳ
1279 1683 1348 1785 τήν
1377 1683 1465 1764 ἀνά-

256 1844 402 1908 στασιν,
421 1809 610 1918 σύμπηξίυ
627 1845 707 1891 τινα
732 1819 796 1891 τοῦ
820 1809 926 1913 ἁγίου
951 1810 1107 1910 σκήνους
1126 1808 1388 1915 ὑπάρχουσαν.
1427 1811 1466 1888 ἐν

257 1935 427 2042 νουμηνίᾳ
459 1933 508 2034 δέ,
536 1934 592 2015 ὅτι
623 1934 700 2019 νέος
733 1935 817 2034 ἡμῖν
846 1932 933 2014 αῖάιν
965 1935 1004 2014 ἐν
1030 1939 1196 2041 Χριστῷ·
1242 1931 1352 2033 καινή
1391 1931 1466 2037 γάρ

256 2061 374 2145 κτίσις
391 2059 438 2139 τά
455 2062 494 2140 ἐν
513 2061 620 2165 αύτῷ.
660 2062 720 2138 καὶ
737 2060 758 2138 ὁ
776 2056 848 2156 μὴν
866 2055 905 2138 δέ
922 2059 944 2137 ὁ
960 2064 1103 2162 πρῶτος
1120 2055 1466 2162 παραλαμβάνεται,

256 2182 324 2283 τήν
341 2187 380 2264 ἐκ
403 2181 560 2264 θανάτου
584 2186 643 2263 καὶ
669 2187 809 2289 φθορᾶς
833 2187 882 2266 εἰς
908 2181 1000 2286 ζωὴν
1018 2185 1077 2262 καὶ
1094 2181 1305 2289 ἀφθαρσίαν
1323 2183 1465 2262 ε’πανα·
1484 2209 1516 2269 ¹5

257 2306 385 2388 νέωσιν
411 2312 476 2407 τῆς
504 2306 725 2411 ἀνθρωπείας
753 2303 900 2412 φύσεως
927 2308 1128 2407 ἀποδηλοῦν,
1151 2308 1211 2386 καὶ
1238 2303 1305 2405 τήν
1326 2308 1370 2385 ἐκ
1398 2309 1468 2405 τῆς

226 2432 433 2535 ουἰκαρπίας
460 2423 509 2514 είς
535 2430 729 2534 εὐκαρπίαν
751 2429 821 2531 ἤδη
847 2428 1085 2530 μετάστασιν,
1110 2433 1170 2510 καὶ
1196 2432 1261 2528 τῆς
1288 2437 1356 2509 τοῦ
1385 2433 1466 2510 δια-

256 2553 374 2649 βόλου
400 2553 606 2658 τυραννίδος
632 2552 698 2654 τήν
720 2551 965 2658 παραδρομὴν,
990 2551 1262 2661 καταλήξανπος
1288 2552 1360 2653 ἤδη
1388 2585 1468 2658 χει-

257 2685 374 2776 μιῦνος
392 2679 493 2780 δίκην
510 2680 569 2758 καὶ
587 2676 895 2778 συνεσταλμένου.
937 2673 1013 2758 εἶτα
1030 2675 1144 2758 πάλιν
1161 2674 1288 2780 ἐτέρας
1304 2675 1395 2775 ἡμῖν
1413 2679 1466 2760 ὡς

256 2803 295 2883 ἐν
322 2801 424 2910 τύπῳ
457 2804 516 2882 καὶ
550 2801 712 2907 σχήματι
741 2799 806 2881 τὸν
832 2798 1070 2902 Ἐμμανουήλ
1102 2798 1307 2882 ἐπιδεικνύει
1339 2799 1466 2900 λέγων
1480 2834 1518 2875 ιο

89 2933 168 2990 2¹⁰⁶·
177 2932 212 2987 ¹¹·
258 2934 279 2977 ‘⁴
300 2929 373 3005 Καὶ
392 2922 514 3025 θήσεις
531 2922 598 3024 τὴν
617 2923 773 3019 κιβωτὸν
790 2932 855 3004 τοῦ
872 2924 1077 3027 μαρτυρίου,
1096 2925 1154 3003 καὶ
1172 2920 1372 3007 σκεπάσεις
1393 2921 1466 3024 τὴν

90 3013 113 3069 ³⁸
256 3058 279 3097 “
298 3048 453 3144 κιβωτὸν
482 3054 534 3157 τφ
566 3045 895 3147 καταπετάσματι.”
944 3049 983 3128 ἐν
1010 3046 1077 3147 μέν
1105 3045 1177 3152 γάρ
1207 3054 1283 3132 τοῖς
1315 3057 1465 3152 προλα-

256 3181 390 3269 βοῦσιν
421 3174 441 3253 ὃ
470 3172 590 3277 Λόγος
626 3173 711 3272 ἡμῖν
746 3175 794 3256 ὡς
829 3172 869 3251 ἐν
900 3168 1091 3279 ὁλοκλήρῳ
1128 3171 1376 3276 κατεγράφετο
1414 3178 1465 3279 τῇ

256 3305 386 3403 σκηνῇ·
431 3296 477 3396 ἦν
509 3295 580 3400 γὰρ
617 3293 713 3382 οἶκος
745 3301 843 3376 θεοῦ
878 3303 944 3376 τοῦ
980 3294 1232 3396 ἐνοικήσαντος
1268 3296 1306 3375 ἐν
1342 3295 1460 3403 αὐτῷ,

88 3429 171 3545 ⁸³3¹*
257 3419 425 3519 δηλονότι
452 3419 495 3500 τὸ
522 3418 626 3521 ἀγιον
648 3426 759 3521 σῶμα
782 3424 975 3523 Χριστοῦ·Ι
1004 3420 1088 3499 ἀλλ’
1112 3415 1213 3498 οὐδέν
1238 3417 1349 3518 ἧττον
1373 3419 1496 3519 ήμῖντ

106 3497 121 3543 8
164 3530 171 3546 .

89 3510 105 3558 ³
147 3510 163 3543 a
258 3546 317 3623 καὶ
342 3542 400 3623 διά
422 3548 486 3643 τῆς
508 3552 664 3639 κιβωτοῦ
683 3541 774 3624 κατὰ
792 3544 900 3645 μέρος
917 3544 938 3623 ὁ
956 3541 1063 3627 αὐτὸς
1081 3543 1305 3643 σημαίνεται.
1346 3577 1461 3623 κατε·

88 3696 207 3755 888A.
227 3665 441 3751 ισκεύαστο
459 3665 525 3762 μέν
542 3665 615 3769 γὰρ
633 3669 671 3746 ἐκ
689 3666 812 3777 ξύλων
830 3666 1016 3766 άσήπτων,
1034 3666 1092 3746 ἵνα
1117 3662 1160 3747 τῦ
1184 3671 1293 3765 σῶμα
1310 3671 1397 3772 νοής
1415 3668 1463 3748 τὸ

89 3773 186 3904 ἓξὲξ,
257 3789 479 3897 ἀδιάφθορον
497 3791 620 3883 αῦτοῦ·
650 3788 947 3894 κατακεχρύσωτο
972 3788 1011 3871 δέ
1037 3788 1107 3891 ὅλη
1131 3788 1273 3897 χρυσίιρ
1290 3796 1459 3899 καθαρῷ,

88 3917 131 4018 {fij
257 3913 352 4007 καθά
380 3915 590 4017 γέγραπται,
612 3911 747 3996 ἐσωθέν
770 3945 810 3992 τε
836 3912 947 3994 καὶὲ
1016 3948 1065 3994 ευ.
1109 3911 1230 3994 πάντα
1256 3910 1329 4016 γὰρ
1351 3914 1462 4013 τίμια

88 4034 191 4152 {Q
257 4041 316 4118 καὶ
341 4037 519 4134 βασιλικὰ
544 4035 589 4116 τά
614 4039 652 4118 ἐν
670 4037 777 4145 αὐτῷ,
797 4039 855 4117 καὶ
880 4033 923 4119 τῦ
949 4043 1043 4119 θεῖον
1063 4040 1121 4117 καὶ
1143 4035 1186 4116 τὸ
1210 4035 1458 4140 ἀνθρώπινον,
1476 4066 1515 4124 30

340 4231 468 4300 ’ίτημένον
480 4249 533 4286 om.
547 4230 581 4286 B.
661 4247 686 4287 2.
705 4231 834 4305 Χριστοῦ]
848 4235 893 4287 τοῦ
906 4235 974 4286 θεοῦ
988 4231 1021 4286 Β.
1101 4230 1128 4288 6.
1148 4229 1188 4303 ἐν]
1203 4229 1295 4287 ἐάνΒ.
1379 4233 1408 4288 8.
1428 4236 1461 4289 τὸ

372 4301 486 4372 υθανεῖν]
501 4303 531 4356 τὸ
543 4301 612 4370 ἅπαξ
624 4303 773 4373 γεννηθῆναι
785 4305 827 4356 καὶ
838 4304 868 4357 τδ
879 4302 948 4372 ἅπαξ
960 4301 1098 4357 ἀποθανεῖν
1110 4301 1144 4357 Β.
1242 4315 1283 4373 17.
1302 4302 1339 4358 εἷς
1351 4319 1409 4357 om.
1426 4305 1460 4359 B.

388 4372 422 4445 ιε]
436 4378 536 4442 στερῶς
550 4373 583 4426 B.
668 4390 710 4430 αι.
729 4375 780 4428 Καὶ
791 4371 892 4444 θήσεις]
906 4372 1028 4442 καθήσεις
1041 4372 1074 4426 Β.
1122 4372 1169 4442 τήν
1181 4374 1290 4433 κιβωτὸν
1302 4373 1348 4427 alt.
1377 4375 1462 4442 αὔτὴν

553 4459 595 4496 22.
615 4444 666 4514 γὰρ
678 4461 731 4497 om.
746 4444 778 4498 B.
940 4460 982 4515 ²3·
1002 4443 1062 4514 ἡμῖν
1073 4445 1088 4498 ὁ
1100 4445 1181 4515 λόγος
1192 4444 1299 4498 inverso
1311 4461 1345 4498 οτ
1365 4445 1410 4500 ine
1426 4447 1461 4500 B.

412 4535 434 4568 ιο
446 4522 615 4584 assumptum
629 4532 660 4566 ex
676 4513 707 4568 B.
