<?xml version="1.0" encoding="UTF-8"?>
<!DOCTYPE html PUBLIC "-//W3C//DTD XHTML 1.0 Transitional//EN"
    "http://www.w3.org/TR/xhtml1/DTD/xhtml1-transitional.dtd">
<html xmlns="http://www.w3.org/1999/xhtml" xml:lang="en" lang="en">
 <head>
  <title>
</title>
<meta http-equiv="Content-Type" content="text/html;charset=utf-8" />
  <meta name='ocr-system' content='tesseract 3.04.00' />
  <meta name='ocr-capabilities' content='ocr_page ocr_carea ocr_par ocr_line ocrx_word'/>
</head>
<body>
  <div class='ocr_page' id='page_1' title='image "./sanctipatrisnos00pusegoog_0306.png"; bbox 0 0 3038 5018; ppageno 0'>
   <div class='ocr_carea' id='block_1_1' title="bbox 90 285 1289 372">
    <p class='ocr_par' dir='ltr' id='par_1_1' title="bbox 90 285 1289 372">
     <span class='ocr_line' id='line_1_1' title="bbox 90 285 1289 372; baseline 0.002 -22"><span class='ocrx_word' id='word_1_1' title='bbox 90 285 133 350; x_wconf 85' lang='lat' dir='ltr'>iv.</span> <span class='ocrx_word' id='word_1_2' title='bbox 147 307 198 372; x_wconf 74' lang='lat'>34</span> <span class='ocrx_word' id='word_1_3' title='bbox 280 287 336 352; x_wconf 93' lang='lat' dir='ltr'>IN</span> <span class='ocrx_word' id='word_1_4' title='bbox 367 288 400 352; x_wconf 83' lang='lat' dir='ltr'>S.</span> <span class='ocrx_word' id='word_1_5' title='bbox 424 287 680 356; x_wconf 86' lang='lat' dir='ltr'><strong>JOANNEM.</strong></span> <span class='ocrx_word' id='word_1_6' title='bbox 725 290 821 357; x_wconf 80' lang='lat' dir='ltr'><strong>LIB.</strong></span> <span class='ocrx_word' id='word_1_7' title='bbox 844 289 892 357; x_wconf 91' lang='lat'>11.</span> <span class='ocrx_word' id='word_1_8' title='bbox 937 290 1040 356; x_wconf 87' lang='lat' dir='ltr'><strong>CAP.</strong></span> <span class='ocrx_word' id='word_1_9' title='bbox 1056 290 1097 354; x_wconf 89' lang='lat' dir='ltr'>V.</span> <span class='ocrx_word' id='word_1_10' title='bbox 1224 289 1289 353; x_wconf 78' lang='lat'>298</span> 
     </span>
    </p>
   </div>
   <div class='ocr_carea' id='block_1_2' title="bbox 45 453 1392 4007">
    <p class='ocr_par' dir='ltr' id='par_1_2' title="bbox 45 453 1324 1666">
     <span class='ocr_line' id='line_1_2' title="bbox 91 453 1290 563; baseline 0.003 -30"><span class='ocrx_word' id='word_1_11' title='bbox 91 453 258 556; x_wconf 75' lang='grc' dir='ltr'>δευτέραν</span> <span class='ocrx_word' id='word_1_12' title='bbox 285 453 394 560; x_wconf 82' lang='grc' dir='ltr'>ἀξίως</span> <span class='ocrx_word' id='word_1_13' title='bbox 422 453 576 560; x_wconf 84' lang='grc' dir='ltr'>έχοὺσης</span> <span class='ocrx_word' id='word_1_14' title='bbox 610 455 668 535; x_wconf 86' lang='grc' dir='ltr'>διά</span> <span class='ocrx_word' id='word_1_15' title='bbox 697 465 802 537; x_wconf 80' lang='grc' dir='ltr'>τοῦτο</span> <span class='ocrx_word' id='word_1_16' title='bbox 834 453 901 555; x_wconf 78' lang='grc' dir='ltr'>τὴν</span> <span class='ocrx_word' id='word_1_17' title='bbox 930 458 1114 563; x_wconf 84' lang='grc' dir='ltr'>φροντίδα.</span> <span class='ocrx_word' id='word_1_18' title='bbox 1162 453 1290 560; x_wconf 75' lang='grc' dir='ltr'>βράμα</span> 
     </span>
     <span class='ocr_line' id='line_1_3' title="bbox 90 572 1324 686; baseline 0.007 -31"><span class='ocrx_word' id='word_1_19' title='bbox 90 573 164 678; x_wconf 84' lang='grc' dir='ltr'>γάρ</span> <span class='ocrx_word' id='word_1_20' title='bbox 188 572 276 657; x_wconf 81' lang='grc' dir='ltr'>εἶναι</span> <span class='ocrx_word' id='word_1_21' title='bbox 301 576 419 679; x_wconf 90' lang='grc' dir='ltr'>λέγων</span> <span class='ocrx_word' id='word_1_22' title='bbox 437 579 551 686; x_wconf 78' lang='grc' dir='ltr'>ἑαυτῷ</span> <span class='ocrx_word' id='word_1_23' title='bbox 576 579 847 682; x_wconf 85' lang='grc' dir='ltr'>θυμηρέστατον</span> <span class='ocrx_word' id='word_1_24' title='bbox 864 579 907 659; x_wconf 89' lang='grc' dir='ltr'>τὸ</span> <span class='ocrx_word' id='word_1_25' title='bbox 934 578 1071 672; x_wconf 68' lang='grc' dir='ltr'>πιιῆσαι</span> <span class='ocrx_word' id='word_1_26' title='bbox 1096 581 1132 659; x_wconf 78' lang='grc' dir='ltr'>τὸ</span> <span class='ocrx_word' id='word_1_27' title='bbox 1158 576 1324 684; x_wconf 76' lang='grc' dir='ltr'>θέλημαί)</span> 
     </span>
     <span class='ocr_line' id='line_1_4' title="bbox 90 694 1290 810; baseline 0.002 -32"><span class='ocrx_word' id='word_1_28' title='bbox 90 701 146 778; x_wconf 83' lang='grc' dir='ltr'>τοὺ</span> <span class='ocrx_word' id='word_1_29' title='bbox 170 694 380 808; x_wconf 77' lang='grc' dir='ltr'>πέμφαντις</span> <span class='ocrx_word' id='word_1_30' title='bbox 404 697 512 782; x_wconf 80' lang='grc' dir='ltr'>αὑτὸν</span> <span class='ocrx_word' id='word_1_31' title='bbox 538 710 598 782; x_wconf 69' lang='grc' dir='ltr'>καὶ</span> <span class='ocrx_word' id='word_1_32' title='bbox 624 699 801 783; x_wconf 74' lang='grc' dir='ltr'>τελιιάσαι</span> <span class='ocrx_word' id='word_1_33' title='bbox 826 706 927 784; x_wconf 74' lang='grc' dir='ltr'>αὑτοῦ</span> <span class='ocrx_word' id='word_1_34' title='bbox 953 705 989 783; x_wconf 85' lang='grc' dir='ltr'>τὸ</span> <span class='ocrx_word' id='word_1_35' title='bbox 1016 704 1114 810; x_wconf 76' lang='grc' dir='ltr'>ἔργον,</span> <span class='ocrx_word' id='word_1_36' title='bbox 1138 704 1202 801; x_wconf 78' lang='grc' dir='ltr'>τῆς</span> <span class='ocrx_word' id='word_1_37' title='bbox 1224 699 1290 798; x_wconf 78' lang='grc' dir='ltr'>μέν</span> 
     </span>
     <span class='ocr_line' id='line_1_5' title="bbox 91 823 1291 930; baseline 0.002 -28"><span class='ocrx_word' id='word_1_38' title='bbox 91 823 337 924; x_wconf 79' lang='grc' dir='ltr'>ἀποστολικῆς</span> <span class='ocrx_word' id='word_1_39' title='bbox 363 825 586 928; x_wconf 81' lang='grc' dir='ltr'>λειτουργίας</span> <span class='ocrx_word' id='word_1_40' title='bbox 613 823 803 930; x_wconf 80' lang='grc' dir='ltr'>διαγράφει</span> <span class='ocrx_word' id='word_1_41' title='bbox 828 825 869 906; x_wconf 91' lang='grc' dir='ltr'>τὸ</span> <span class='ocrx_word' id='word_1_42' title='bbox 893 824 1116 926; x_wconf 81' lang='grc' dir='ltr'>ἐπιτήδευμα,</span> <span class='ocrx_word' id='word_1_43' title='bbox 1133 828 1291 906; x_wconf 86' lang='grc' dir='ltr'>ποταποὶ</span> 
     </span>
     <span class='ocr_line' id='line_1_6' title="bbox 57 943 1288 1056; baseline -0.003 -26"><span class='ocrx_word' id='word_1_44' title='bbox 57 943 131 1030; x_wconf 72' lang='grc' dir='ltr'>ὅδὲ</span> <span class='ocrx_word' id='word_1_45' title='bbox 154 943 221 1045; x_wconf 72' lang='grc' dir='ltr'>τὸν</span> <span class='ocrx_word' id='word_1_46' title='bbox 237 945 313 1054; x_wconf 81' lang='grc' dir='ltr'>ἕξιν</span> <span class='ocrx_word' id='word_1_47' title='bbox 330 946 501 1053; x_wconf 81' lang='grc' dir='ltr'>ὑπάρχειν</span> <span class='ocrx_word' id='word_1_48' title='bbox 524 948 714 1055; x_wconf 80' lang='grc' dir='ltr'>ὀφείλουσι</span> <span class='ocrx_word' id='word_1_49' title='bbox 739 948 950 1048; x_wconf 79' lang='grc' dir='ltr'>καταμηνύει</span> <span class='ocrx_word' id='word_1_50' title='bbox 974 955 1117 1056; x_wconf 80' lang='grc' dir='ltr'>σαφῶς.</span> <span class='ocrx_word' id='word_1_51' title='bbox 1156 982 1288 1028; x_wconf 88' lang='grc' dir='ltr'>συντε·</span> 
     </span>
     <span class='ocr_line' id='line_1_7' title="bbox 91 1067 1291 1173; baseline 0.008 -26"><span class='ocrx_word' id='word_1_52' title='bbox 91 1067 225 1149; x_wconf 87' lang='grc' dir='ltr'>τάσθαι</span> <span class='ocrx_word' id='word_1_53' title='bbox 248 1068 320 1173; x_wconf 89' lang='grc' dir='ltr'>γάρ</span> <span class='ocrx_word' id='word_1_54' title='bbox 345 1070 389 1171; x_wconf 79' lang='grc' dir='ltr'>δὴ</span> <span class='ocrx_word' id='word_1_55' title='bbox 415 1070 506 1150; x_wconf 88' lang='grc' dir='ltr'>κατά</span> <span class='ocrx_word' id='word_1_56' title='bbox 529 1068 572 1151; x_wconf 86' lang='grc' dir='ltr'>τὸ</span> <span class='ocrx_word' id='word_1_57' title='bbox 600 1068 692 1156; x_wconf 79' lang='grc' dir='ltr'>εἰκὸς</span> <span class='ocrx_word' id='word_1_58' title='bbox 716 1072 911 1173; x_wconf 85' lang='grc' dir='ltr'>ἀναγκαῖον</span> <span class='ocrx_word' id='word_1_59' title='bbox 934 1071 1061 1156; x_wconf 76' lang='grc' dir='ltr'>αὐτοὺς</span> <span class='ocrx_word' id='word_1_60' title='bbox 1087 1073 1145 1153; x_wconf 79' lang='grc' dir='ltr'>ἐπὶ</span> <span class='ocrx_word' id='word_1_61' title='bbox 1170 1069 1291 1168; x_wconf 89' lang='grc' dir='ltr'>μόνοις</span> 
     </span>
     <span class='ocr_line' id='line_1_8' title="bbox 91 1194 1291 1302; baseline 0.003 -31"><span class='ocrx_word' id='word_1_62' title='bbox 91 1197 166 1276; x_wconf 87' lang='grc' dir='ltr'>τοῖς</span> <span class='ocrx_word' id='word_1_63' title='bbox 185 1196 451 1278; x_wconf 88' lang='grc' dir='ltr'>διδασκαλικοῖς</span> <span class='ocrx_word' id='word_1_64' title='bbox 469 1195 730 1301; x_wconf 88' lang='grc' dir='ltr'>φροντίσμασι,</span> <span class='ocrx_word' id='word_1_65' title='bbox 750 1198 822 1274; x_wconf 82' lang='grc' dir='ltr'>δεῖν</span> <span class='ocrx_word' id='word_1_66' title='bbox 840 1194 877 1274; x_wconf 77' lang='grc' dir='ltr'>δὲ</span> <span class='ocrx_word' id='word_1_67' title='bbox 895 1202 1070 1273; x_wconf 81' lang='grc' dir='ltr'>τοσοῦτον</span> <span class='ocrx_word' id='word_1_68' title='bbox 1088 1198 1291 1302; x_wconf 84' lang='grc' dir='ltr'>ἀποφοιτάν</span> 
     </span>
     <span class='ocr_line' id='line_1_9' title="bbox 91 1314 1291 1424; baseline -0.001 -25"><span class='ocrx_word' id='word_1_69' title='bbox 91 1319 156 1414; x_wconf 80' lang='grc' dir='ltr'>τῆς</span> <span class='ocrx_word' id='word_1_70' title='bbox 183 1321 232 1400; x_wconf 82' lang='grc' dir='ltr'>είς</span> <span class='ocrx_word' id='word_1_71' title='bbox 255 1314 376 1420; x_wconf 81' lang='grc' dir='ltr'>σάρκα</span> <span class='ocrx_word' id='word_1_72' title='bbox 401 1322 551 1424; x_wconf 78' lang='grc' dir='ltr'>τρυφῆς,</span> <span class='ocrx_word' id='word_1_73' title='bbox 573 1318 621 1402; x_wconf 81' lang='grc' dir='ltr'>ὧς</span> <span class='ocrx_word' id='word_1_74' title='bbox 645 1317 730 1419; x_wconf 87' lang='grc' dir='ltr'>μηδ’</span> <span class='ocrx_word' id='word_1_75' title='bbox 750 1315 862 1416; x_wconf 83' lang='grc' dir='ltr'>αὐτὴν</span> <span class='ocrx_word' id='word_1_76' title='bbox 888 1319 969 1396; x_wconf 85' lang='grc' dir='ltr'>ἐσθ’</span> <span class='ocrx_word' id='word_1_77' title='bbox 991 1316 1048 1397; x_wconf 88' lang='grc' dir='ltr'>ότε</span> <span class='ocrx_word' id='word_1_78' title='bbox 1072 1318 1291 1421; x_wconf 86' lang='grc' dir='ltr'>προσίεσθαι</span> 
     </span>
     <span class='ocr_line' id='line_1_10' title="bbox 91 1437 1292 1546; baseline 0.002 -28"><span class='ocrx_word' id='word_1_79' title='bbox 91 1437 158 1539; x_wconf 77' lang='grc' dir='ltr'>την</span> <span class='ocrx_word' id='word_1_80' title='bbox 175 1440 224 1523; x_wconf 83' lang='grc' dir='ltr'>ὡς</span> <span class='ocrx_word' id='word_1_81' title='bbox 250 1440 294 1546; x_wconf 80' lang='grc' dir='ltr'>ἐξ</span> <span class='ocrx_word' id='word_1_82' title='bbox 315 1437 474 1541; x_wconf 86' lang='grc' dir='ltr'>ἀνάγκης</span> <span class='ocrx_word' id='word_1_83' title='bbox 498 1442 699 1545; x_wconf 88' lang='grc' dir='ltr'>θεραπείαν,</span> <span class='ocrx_word' id='word_1_84' title='bbox 718 1438 777 1519; x_wconf 90' lang='grc' dir='ltr'>διά</span> <span class='ocrx_word' id='word_1_85' title='bbox 800 1438 913 1540; x_wconf 89' lang='grc' dir='ltr'>μόνην</span> <span class='ocrx_word' id='word_1_86' title='bbox 935 1441 1207 1540; x_wconf 78' lang='grc' dir='ltr'>ἐπιτελουμένην</span> <span class='ocrx_word' id='word_1_87' title='bbox 1225 1440 1292 1541; x_wconf 80' lang='grc' dir='ltr'>τὴν</span> 
     </span>
     <span class='ocr_line' id='line_1_11' title="bbox 45 1559 583 1666; baseline 0.015 -30"><span class='ocrx_word' id='word_1_88' title='bbox 45 1594 79 1636; x_wconf 87' lang='grc' dir='ltr'>ιο</span> <span class='ocrx_word' id='word_1_89' title='bbox 91 1570 156 1643; x_wconf 83' lang='grc' dir='ltr'>τοῦ</span> <span class='ocrx_word' id='word_1_90' title='bbox 173 1559 337 1642; x_wconf 77' lang='grc' dir='ltr'>τεθνάναι</span> <span class='ocrx_word' id='word_1_91' title='bbox 354 1563 583 1666; x_wconf 84' lang='grc' dir='ltr'>παραίτησιν.</span> 
     </span>
    </p>

    <p class='ocr_par' dir='ltr' id='par_1_3' title="bbox 92 1684 1321 2163">
     <span class='ocr_line' id='line_1_12' title="bbox 151 1684 1321 1790; baseline 0.001 -25"><span class='ocrx_word' id='word_1_92' title='bbox 151 1688 223 1765; x_wconf 77' lang='grc' dir='ltr'>Καὶ</span> <span class='ocrx_word' id='word_1_93' title='bbox 241 1694 353 1766; x_wconf 87' lang='grc' dir='ltr'>ταῦτα</span> <span class='ocrx_word' id='word_1_94' title='bbox 371 1684 437 1786; x_wconf 77' lang='grc' dir='ltr'>μὲν</span> <span class='ocrx_word' id='word_1_95' title='bbox 455 1687 538 1787; x_wconf 81' lang='grc' dir='ltr'>ἡμῖν</span> <span class='ocrx_word' id='word_1_96' title='bbox 556 1685 712 1790; x_wconf 76' lang='grc' dir='ltr'>εἰρήσθω</span> <span class='ocrx_word' id='word_1_97' title='bbox 729 1686 820 1790; x_wconf 84' lang='grc' dir='ltr'>πρὸς</span> <span class='ocrx_word' id='word_1_98' title='bbox 839 1686 882 1767; x_wconf 87' lang='grc' dir='ltr'>τὸ</span> <span class='ocrx_word' id='word_1_99' title='bbox 899 1685 1026 1789; x_wconf 90' lang='grc' dir='ltr'>παρὸν,</span> <span class='ocrx_word' id='word_1_100' title='bbox 1046 1689 1093 1769; x_wconf 82' lang='grc' dir='ltr'>ὡς</span> <span class='ocrx_word' id='word_1_101' title='bbox 1112 1692 1159 1771; x_wconf 77' lang='grc' dir='ltr'>εἰς</span> <span class='ocrx_word' id='word_1_102' title='bbox 1176 1686 1321 1767; x_wconf 83' lang='grc' dir='ltr'>τόπονο</span> 
     </span>
     <span class='ocr_line' id='line_1_13' title="bbox 92 1807 1291 1913; baseline 0.002 -26"><span class='ocrx_word' id='word_1_103' title='bbox 92 1811 152 1888; x_wconf 82' lang='grc' dir='ltr'>καὶ</span> <span class='ocrx_word' id='word_1_104' title='bbox 180 1807 418 1913; x_wconf 75' lang='grc' dir='ltr'>ὑπογραμμὸν</span> <span class='ocrx_word' id='word_1_105' title='bbox 440 1814 686 1910; x_wconf 78' lang='grc' dir='ltr'>ἀποστολικῆς</span> <span class='ocrx_word' id='word_1_106' title='bbox 712 1812 943 1891; x_wconf 86' lang='grc' dir='ltr'>συντείνοντα</span> <span class='ocrx_word' id='word_1_107' title='bbox 970 1810 1165 1894; x_wconf 85' lang='grc' dir='ltr'>πολιτείας·</span> <span class='ocrx_word' id='word_1_108' title='bbox 1196 1817 1225 1890; x_wconf 81' lang='grc' dir='ltr'>εί</span> <span class='ocrx_word' id='word_1_109' title='bbox 1252 1809 1291 1889; x_wconf 77' lang='grc' dir='ltr'>δὲ</span> 
     </span>
     <span class='ocr_line' id='line_1_14' title="bbox 92 1929 1291 2036; baseline 0.003 -24"><span class='ocrx_word' id='word_1_110' title='bbox 92 1929 164 2036; x_wconf 83' lang='grc' dir='ltr'>χρὴ</span> <span class='ocrx_word' id='word_1_111' title='bbox 199 1939 273 2016; x_wconf 85' lang='grc' dir='ltr'>τοῖς</span> <span class='ocrx_word' id='word_1_112' title='bbox 311 1933 503 2036; x_wconf 76' lang='grc' dir='ltr'>εἰρημένοις</span> <span class='ocrx_word' id='word_1_113' title='bbox 542 1936 600 2014; x_wconf 81' lang='grc' dir='ltr'>καὶ</span> <span class='ocrx_word' id='word_1_114' title='bbox 642 1933 948 2036; x_wconf 81' lang='grc' dir='ltr'>δογματικάτερον</span> <span class='ocrx_word' id='word_1_115' title='bbox 980 1933 1291 2035; x_wconf 85' lang='grc' dir='ltr'>προσβάλλοντας</span> 
     </span>
     <span class='ocr_line' id='line_1_15' title="bbox 93 2054 1291 2163; baseline 0.002 -29"><span class='ocrx_word' id='word_1_116' title='bbox 93 2061 211 2152; x_wconf 76' lang='grc' dir='ltr'>εἰπεῖν,</span> <span class='ocrx_word' id='word_1_117' title='bbox 234 2054 463 2137; x_wconf 82' lang='grc' dir='ltr'>ἀπεστάλθαι</span> <span class='ocrx_word' id='word_1_118' title='bbox 490 2060 594 2163; x_wconf 76' lang='grc' dir='ltr'>φησὶ,</span> <span class='ocrx_word' id='word_1_119' title='bbox 620 2060 732 2155; x_wconf 72' lang='grc' dir='ltr'>δῆλον</span> <span class='ocrx_word' id='word_1_120' title='bbox 754 2055 792 2137; x_wconf 77' lang='grc' dir='ltr'>δέ</span> <span class='ocrx_word' id='word_1_121' title='bbox 820 2056 875 2137; x_wconf 88' lang='grc' dir='ltr'>ότι</span> <span class='ocrx_word' id='word_1_122' title='bbox 902 2055 1001 2159; x_wconf 89' lang='grc' dir='ltr'>παρά</span> <span class='ocrx_word' id='word_1_123' title='bbox 1026 2065 1090 2135; x_wconf 85' lang='grc' dir='ltr'>τοῦ</span> <span class='ocrx_word' id='word_1_124' title='bbox 1113 2061 1209 2136; x_wconf 78' lang='grc' dir='ltr'>θεοῦ</span> <span class='ocrx_word' id='word_1_125' title='bbox 1233 2060 1291 2137; x_wconf 83' lang='grc' dir='ltr'>καὶ</span> 
     </span>
    </p>

    <p class='ocr_par' dir='ltr' id='par_1_4' title="bbox 45 2177 1326 2774">
     <span class='ocr_line' id='line_1_16' title="bbox 45 2177 1291 2283; baseline -0.002 -20"><span class='ocrx_word' id='word_1_126' title='bbox 45 2202 79 2263; x_wconf 86' lang='lat'>¹5</span> <span class='ocrx_word' id='word_1_127' title='bbox 95 2177 250 2282; x_wconf 88' lang='grc' dir='ltr'>Πατρὸς,</span> <span class='ocrx_word' id='word_1_128' title='bbox 279 2177 301 2278; x_wconf 82' lang='grc' dir='ltr'>ἢ</span> <span class='ocrx_word' id='word_1_129' title='bbox 330 2179 422 2259; x_wconf 81' lang='grc' dir='ltr'>κατὰ</span> <span class='ocrx_word' id='word_1_130' title='bbox 450 2178 513 2259; x_wconf 89' lang='grc' dir='ltr'>τὸν</span> <span class='ocrx_word' id='word_1_131' title='bbox 540 2184 604 2279; x_wconf 81' lang='grc' dir='ltr'>τῆς</span> <span class='ocrx_word' id='word_1_132' title='bbox 631 2177 933 2283; x_wconf 80' lang='grc' dir='ltr'>ἐνανθρωπήσεως</span> <span class='ocrx_word' id='word_1_133' title='bbox 965 2177 1109 2280; x_wconf 91' lang='grc' dir='ltr'>τρόπον,</span> <span class='ocrx_word' id='word_1_134' title='bbox 1137 2178 1220 2277; x_wconf 86' lang='grc' dir='ltr'>καθ’</span> <span class='ocrx_word' id='word_1_135' title='bbox 1250 2178 1291 2260; x_wconf 83' lang='grc' dir='ltr'>ὸν</span> 
     </span>
     <span class='ocr_line' id='line_1_17' title="bbox 92 2300 1292 2411; baseline 0.002 -31"><span class='ocrx_word' id='word_1_136' title='bbox 92 2300 282 2405; x_wconf 76' lang='grc' dir='ltr'>ἐπέλαμψε</span> <span class='ocrx_word' id='word_1_137' title='bbox 311 2307 363 2410; x_wconf 79' lang='grc' dir='ltr'>τῷ</span> <span class='ocrx_word' id='word_1_138' title='bbox 390 2303 519 2411; x_wconf 82' lang='grc' dir='ltr'>κόσμιρ</span> <span class='ocrx_word' id='word_1_139' title='bbox 545 2302 634 2402; x_wconf 84' lang='grc' dir='ltr'>μετὰ</span> <span class='ocrx_word' id='word_1_140' title='bbox 662 2302 809 2406; x_wconf 89' lang='grc' dir='ltr'>σαρκὸς,</span> <span class='ocrx_word' id='word_1_141' title='bbox 835 2302 974 2410; x_wconf 79' lang='grc' dir='ltr'>εάδοκίᾳ</span> <span class='ocrx_word' id='word_1_142' title='bbox 1002 2305 1061 2382; x_wconf 83' lang='grc' dir='ltr'>καὶ</span> <span class='ocrx_word' id='word_1_143' title='bbox 1087 2303 1292 2383; x_wconf 90' lang='grc' dir='ltr'>συναινέσει</span> 
     </span>
     <span class='ocr_line' id='line_1_18' title="bbox 92 2424 1291 2531; baseline 0.002 -27"><span class='ocrx_word' id='word_1_144' title='bbox 92 2433 157 2505; x_wconf 83' lang='grc' dir='ltr'>τοῦ</span> <span class='ocrx_word' id='word_1_145' title='bbox 177 2424 333 2530; x_wconf 88' lang='grc' dir='ltr'>Πατρὸς,</span> <span class='ocrx_word' id='word_1_146' title='bbox 352 2425 374 2527; x_wconf 84' lang='grc' dir='ltr'>ἢ</span> <span class='ocrx_word' id='word_1_147' title='bbox 395 2430 442 2511; x_wconf 82' lang='grc' dir='ltr'>ὡς</span> <span class='ocrx_word' id='word_1_148' title='bbox 457 2425 578 2530; x_wconf 90' lang='grc' dir='ltr'>Λόγος</span> <span class='ocrx_word' id='word_1_149' title='bbox 595 2430 634 2507; x_wconf 84' lang='grc' dir='ltr'>ἐκ</span> <span class='ocrx_word' id='word_1_150' title='bbox 652 2436 715 2507; x_wconf 81' lang='grc' dir='ltr'>τοῦ</span> <span class='ocrx_word' id='word_1_151' title='bbox 734 2425 975 2531; x_wconf 83' lang='grc' dir='ltr'>γεννήσαντος</span> <span class='ocrx_word' id='word_1_152' title='bbox 994 2436 1056 2505; x_wconf 86' lang='grc' dir='ltr'>νοῦ</span> <span class='ocrx_word' id='word_1_153' title='bbox 1073 2427 1291 2527; x_wconf 80' lang='grc' dir='ltr'>προκόπτων</span> 
     </span>
     <span class='ocr_line' id='line_1_19' title="bbox 91 2547 1292 2656; baseline 0.001 -29"><span class='ocrx_word' id='word_1_154' title='bbox 91 2547 227 2653; x_wconf 90' lang='grc' dir='ltr'>τρόπον</span> <span class='ocrx_word' id='word_1_155' title='bbox 248 2549 330 2630; x_wconf 90' lang='grc' dir='ltr'>τινά</span> <span class='ocrx_word' id='word_1_156' title='bbox 355 2555 412 2630; x_wconf 81' lang='grc' dir='ltr'>καὶ</span> <span class='ocrx_word' id='word_1_157' title='bbox 435 2550 662 2650; x_wconf 87' lang='grc' dir='ltr'>πεμπόμενος</span> <span class='ocrx_word' id='word_1_158' title='bbox 687 2553 746 2631; x_wconf 81' lang='grc' dir='ltr'>καὶ</span> <span class='ocrx_word' id='word_1_159' title='bbox 770 2547 812 2630; x_wconf 83' lang='grc' dir='ltr'>τό</span> <span class='ocrx_word' id='word_1_160' title='bbox 838 2547 948 2656; x_wconf 82' lang='grc' dir='ltr'>δόξαν</span> <span class='ocrx_word' id='word_1_161' title='bbox 971 2553 1205 2651; x_wconf 80' lang='grc' dir='ltr'>ἀποπληρῶν,</span> <span class='ocrx_word' id='word_1_162' title='bbox 1224 2551 1292 2654; x_wconf 88' lang='grc' dir='ltr'>οὑχ</span> 
     </span>
     <span class='ocr_line' id='line_1_20' title="bbox 93 2667 1326 2774; baseline -0.001 -26"><span class='ocrx_word' id='word_1_163' title='bbox 93 2672 142 2753; x_wconf 85' lang='grc' dir='ltr'>ὡς</span> <span class='ocrx_word' id='word_1_164' title='bbox 159 2669 363 2772; x_wconf 75' lang='grc' dir='ltr'>ἀλλοτρίου</span> <span class='ocrx_word' id='word_1_165' title='bbox 381 2667 594 2768; x_wconf 87' lang='grc' dir='ltr'>θελημάτωυ</span> <span class='ocrx_word' id='word_1_166' title='bbox 613 2673 864 2774; x_wconf 80' lang='grc' dir='ltr'>παραληφθεὶς</span> <span class='ocrx_word' id='word_1_167' title='bbox 883 2668 1071 2772; x_wconf 90' lang='grc' dir='ltr'>ὑπουργὸς,</span> <span class='ocrx_word' id='word_1_168' title='bbox 1084 2670 1168 2749; x_wconf 90' lang='grc' dir='ltr'>ἀλλ’</span> <span class='ocrx_word' id='word_1_169' title='bbox 1184 2670 1326 2755; x_wconf 75' lang='grc' dir='ltr'>αὑτὸςι]</span> 
     </span>
    </p>

    <p class='ocr_par' dir='ltr' id='par_1_5' title="bbox 45 2788 1293 3386">
     <span class='ocr_line' id='line_1_21' title="bbox 45 2788 1291 2897; baseline 0.002 -25"><span class='ocrx_word' id='word_1_170' title='bbox 45 2822 82 2864; x_wconf 80' lang='grc' dir='ltr'>ιο</span> <span class='ocrx_word' id='word_1_171' title='bbox 93 2792 263 2896; x_wconf 86' lang='grc' dir='ltr'>ὑπάρχων</span> <span class='ocrx_word' id='word_1_172' title='bbox 291 2795 380 2893; x_wconf 83' lang='grc' dir='ltr'>ὁμοῦ</span> <span class='ocrx_word' id='word_1_173' title='bbox 410 2795 468 2872; x_wconf 84' lang='grc' dir='ltr'>καὶ</span> <span class='ocrx_word' id='word_1_174' title='bbox 497 2792 616 2896; x_wconf 88' lang='grc' dir='ltr'>Λόγος</span> <span class='ocrx_word' id='word_1_175' title='bbox 646 2795 666 2872; x_wconf 86' lang='grc' dir='ltr'>ό</span> <span class='ocrx_word' id='word_1_176' title='bbox 695 2791 763 2896; x_wconf 80' lang='grc' dir='ltr'>ζῶν</span> <span class='ocrx_word' id='word_1_177' title='bbox 791 2795 849 2870; x_wconf 81' lang='grc' dir='ltr'>καὶ</span> <span class='ocrx_word' id='word_1_178' title='bbox 881 2788 1022 2891; x_wconf 88' lang='grc' dir='ltr'>θέλημα</span> <span class='ocrx_word' id='word_1_179' title='bbox 1051 2801 1115 2872; x_wconf 84' lang='grc' dir='ltr'>τοῦ</span> <span class='ocrx_word' id='word_1_180' title='bbox 1144 2791 1291 2897; x_wconf 80' lang='grc' dir='ltr'>Πατρός</span> 
     </span>
     <span class='ocr_line' id='line_1_22' title="bbox 92 2912 1291 3019; baseline -0.001 -24"><span class='ocrx_word' id='word_1_181' title='bbox 92 2917 365 3019; x_wconf 81' lang='grc' dir='ltr'>ἐναργέστατον,</span> <span class='ocrx_word' id='word_1_182' title='bbox 385 2913 569 3017; x_wconf 83' lang='grc' dir='ltr'>διασιόζων</span> <span class='ocrx_word' id='word_1_183' title='bbox 587 2914 734 3011; x_wconf 85' lang='grc' dir='ltr'>ἑτοίμως</span> <span class='ocrx_word' id='word_1_184' title='bbox 752 2912 834 2999; x_wconf 88' lang='grc' dir='ltr'>τοὺς</span> <span class='ocrx_word' id='word_1_185' title='bbox 853 2914 1102 3000; x_wconf 89' lang='grc' dir='ltr'>ἀπολωλότας.</span> <span class='ocrx_word' id='word_1_186' title='bbox 1141 2913 1201 2994; x_wconf 87' lang='grc' dir='ltr'>διά</span> <span class='ocrx_word' id='word_1_187' title='bbox 1218 2916 1291 3019; x_wconf 85' lang='grc' dir='ltr'>γάρ</span> 
     </span>
     <span class='ocr_line' id='line_1_23' title="bbox 90 3035 1290 3144; baseline -0.001 -24"><span class='ocrx_word' id='word_1_188' title='bbox 90 3073 146 3120; x_wconf 92' lang='grc' dir='ltr'>τοι</span> <span class='ocrx_word' id='word_1_189' title='bbox 174 3043 370 3137; x_wconf 72' lang='grc' dir='ltr'>ταῦτακαὶ</span> <span class='ocrx_word' id='word_1_190' title='bbox 400 3048 463 3118; x_wconf 83' lang='grc' dir='ltr'>τοῦ</span> <span class='ocrx_word' id='word_1_191' title='bbox 489 3038 724 3144; x_wconf 86' lang='grc' dir='ltr'>πεπομφότος</span> <span class='ocrx_word' id='word_1_192' title='bbox 751 3035 859 3118; x_wconf 86' lang='grc' dir='ltr'>αὑτὸν</span> <span class='ocrx_word' id='word_1_193' title='bbox 881 3035 968 3116; x_wconf 81' lang='grc' dir='ltr'>εἶναι</span> <span class='ocrx_word' id='word_1_194' title='bbox 996 3042 1031 3117; x_wconf 82' lang='grc' dir='ltr'>τὸ</span> <span class='ocrx_word' id='word_1_195' title='bbox 1062 3037 1150 3142; x_wconf 78' lang='grc' dir='ltr'>ἔργον</span> <span class='ocrx_word' id='word_1_196' title='bbox 1173 3038 1290 3136; x_wconf 79' lang='grc' dir='ltr'>εἰπὼν,</span> 
     </span>
     <span class='ocr_line' id='line_1_24' title="bbox 91 3157 1293 3266; baseline 0.002 -25"><span class='ocrx_word' id='word_1_197' title='bbox 91 3161 198 3245; x_wconf 83' lang='grc' dir='ltr'>αὐτὸς</span> <span class='ocrx_word' id='word_1_198' title='bbox 223 3166 347 3266; x_wconf 84' lang='grc' dir='ltr'>ὁρᾶται</span> <span class='ocrx_word' id='word_1_199' title='bbox 374 3161 573 3262; x_wconf 84' lang='grc' dir='ltr'>τελειωτής·</span> <span class='ocrx_word' id='word_1_200' title='bbox 608 3160 727 3241; x_wconf 82' lang='grc' dir='ltr'>πάντα</span> <span class='ocrx_word' id='word_1_201' title='bbox 751 3159 823 3262; x_wconf 88' lang='grc' dir='ltr'>γάρ</span> <span class='ocrx_word' id='word_1_202' title='bbox 847 3159 946 3262; x_wconf 78' lang='grc' dir='ltr'>παρὰ</span> <span class='ocrx_word' id='word_1_203' title='bbox 967 3157 1113 3263; x_wconf 88' lang='grc' dir='ltr'>Πατρὸς</span> <span class='ocrx_word' id='word_1_204' title='bbox 1137 3163 1181 3240; x_wconf 91' lang='grc' dir='ltr'>δι’</span> <span class='ocrx_word' id='word_1_205' title='bbox 1201 3167 1293 3243; x_wconf 84' lang='grc' dir='ltr'>Υίοῦ</span> 
     </span>
     <span class='ocr_line' id='line_1_25' title="bbox 92 3280 1292 3386; baseline 0 -21"><span class='ocrx_word' id='word_1_206' title='bbox 92 3289 130 3365; x_wconf 81' lang='grc' dir='ltr'>ἐν</span> <span class='ocrx_word' id='word_1_207' title='bbox 150 3287 345 3384; x_wconf 86' lang='grc' dir='ltr'>Πνεόματι.</span> <span class='ocrx_word' id='word_1_208' title='bbox 386 3285 439 3365; x_wconf 85' lang='grc' dir='ltr'>ότι</span> <span class='ocrx_word' id='word_1_209' title='bbox 457 3285 530 3386; x_wconf 87' lang='grc' dir='ltr'>γάρ</span> <span class='ocrx_word' id='word_1_210' title='bbox 548 3287 606 3364; x_wconf 80' lang='grc' dir='ltr'>καὶ</span> <span class='ocrx_word' id='word_1_211' title='bbox 626 3283 745 3385; x_wconf 89' lang='grc' dir='ltr'>Λόγος</span> <span class='ocrx_word' id='word_1_212' title='bbox 764 3285 822 3362; x_wconf 83' lang='grc' dir='ltr'>καὶ</span> <span class='ocrx_word' id='word_1_213' title='bbox 840 3280 960 3380; x_wconf 77' lang='grc' dir='ltr'>βουλὴ</span> <span class='ocrx_word' id='word_1_214' title='bbox 983 3284 1041 3362; x_wconf 84' lang='grc' dir='ltr'>καὶ</span> <span class='ocrx_word' id='word_1_215' title='bbox 1066 3281 1208 3384; x_wconf 89' lang='grc' dir='ltr'>θέλημα</span> <span class='ocrx_word' id='word_1_216' title='bbox 1234 3289 1292 3365; x_wconf 80' lang='grc' dir='ltr'>καὶ</span> 
     </span>
    </p>

    <p class='ocr_par' dir='ltr' id='par_1_6' title="bbox 45 3403 1392 4007">
     <span class='ocr_line' id='line_1_26' title="bbox 45 3403 1292 3511; baseline 0 -23"><span class='ocrx_word' id='word_1_217' title='bbox 45 3408 240 3508; x_wconf 72' lang='grc' dir='ltr'>Ιεδὺναμις</span> <span class='ocrx_word' id='word_1_218' title='bbox 266 3418 330 3489; x_wconf 83' lang='grc' dir='ltr'>τοῦ</span> <span class='ocrx_word' id='word_1_219' title='bbox 354 3406 497 3511; x_wconf 84' lang='grc' dir='ltr'>Πατρός</span> <span class='ocrx_word' id='word_1_220' title='bbox 525 3411 625 3487; x_wconf 89' lang='grc' dir='ltr'>έστιν</span> <span class='ocrx_word' id='word_1_221' title='bbox 649 3409 669 3485; x_wconf 89' lang='grc' dir='ltr'>ό</span> <span class='ocrx_word' id='word_1_222' title='bbox 692 3405 790 3504; x_wconf 82' lang='grc' dir='ltr'>Υἱὸς,</span> <span class='ocrx_word' id='word_1_223' title='bbox 813 3403 898 3486; x_wconf 80' lang='grc' dir='ltr'>εἶναι</span> <span class='ocrx_word' id='word_1_224' title='bbox 927 3403 991 3505; x_wconf 75' lang='grc' dir='ltr'>μέν</span> <span class='ocrx_word' id='word_1_225' title='bbox 1017 3404 1135 3487; x_wconf 85' lang='grc' dir='ltr'>ἅπασι</span> <span class='ocrx_word' id='word_1_226' title='bbox 1163 3408 1292 3510; x_wconf 77' lang='grc' dir='ltr'>νομίζω</span> 
     </span>
     <span class='ocr_line' id='line_1_27' title="bbox 93 3528 1293 3638; baseline -0.003 -24"><span class='ocrx_word' id='word_1_227' title='bbox 93 3534 305 3638; x_wconf 85' lang='grc' dir='ltr'>καταφανές·</span> <span class='ocrx_word' id='word_1_228' title='bbox 337 3530 496 3612; x_wconf 79' lang='grc' dir='ltr'>λυπεῖδέ</span> <span class='ocrx_word' id='word_1_229' title='bbox 519 3530 696 3611; x_wconf 73' lang='grc' dir='ltr'>οὐδένκαὶ</span> <span class='ocrx_word' id='word_1_230' title='bbox 717 3528 793 3618; x_wconf 84' lang='grc' dir='ltr'>ἀπὸ</span> <span class='ocrx_word' id='word_1_231' title='bbox 819 3533 883 3629; x_wconf 85' lang='grc' dir='ltr'>τῆς</span> <span class='ocrx_word' id='word_1_232' title='bbox 909 3529 1005 3614; x_wconf 85' lang='grc' dir='ltr'>θείας</span> <span class='ocrx_word' id='word_1_233' title='bbox 1028 3531 1293 3611; x_wconf 79' lang='grc' dir='ltr'>πιστώσασθαι</span> 
     </span>
     <span class='ocr_line' id='line_1_28' title="bbox 92 3652 1323 3763; baseline -0.006 -23"><span class='ocrx_word' id='word_1_234' title='bbox 92 3662 248 3763; x_wconf 81' lang='grc' dir='ltr'>γραφῆς.</span> <span class='ocrx_word' id='word_1_235' title='bbox 298 3656 424 3734; x_wconf 81' lang='grc' dir='ltr'>οὐκοῦν</span> <span class='ocrx_word' id='word_1_236' title='bbox 455 3654 573 3757; x_wconf 87' lang='grc' dir='ltr'>ὁράτω</span> <span class='ocrx_word' id='word_1_237' title='bbox 603 3654 668 3752; x_wconf 88' lang='grc' dir='ltr'>μέν</span> <span class='ocrx_word' id='word_1_238' title='bbox 696 3689 750 3739; x_wconf 90' lang='grc' dir='ltr'>τις</span> <span class='ocrx_word' id='word_1_239' title='bbox 782 3652 989 3757; x_wconf 88' lang='grc' dir='ltr'>ὑπάρχοντα</span> <span class='ocrx_word' id='word_1_240' title='bbox 1020 3653 1144 3756; x_wconf 91' lang='grc' dir='ltr'>Λόγον</span> <span class='ocrx_word' id='word_1_241' title='bbox 1173 3657 1210 3735; x_wconf 83' lang='grc' dir='ltr'>έν</span> <span class='ocrx_word' id='word_1_242' title='bbox 1240 3660 1323 3762; x_wconf 77' lang='grc' dir='ltr'>τφο</span> 
     </span>
     <span class='ocr_line' id='line_1_29' title="bbox 93 3775 1392 3897; baseline -0.003 -37"><span class='ocrx_word' id='word_1_243' title='bbox 93 3791 114 3826; x_wconf 90' lang='lat'>“</span> <span class='ocrx_word' id='word_1_244' title='bbox 131 3781 198 3860; x_wconf 89' lang='grc' dir='ltr'>Ἐν</span> <span class='ocrx_word' id='word_1_245' title='bbox 221 3781 316 3884; x_wconf 78' lang='grc' dir='ltr'>ἀρχῇ</span> <span class='ocrx_word' id='word_1_246' title='bbox 342 3775 387 3876; x_wconf 87' lang='grc' dir='ltr'>ἦν</span> <span class='ocrx_word' id='word_1_247' title='bbox 411 3780 431 3857; x_wconf 89' lang='grc' dir='ltr'>ό</span> <span class='ocrx_word' id='word_1_248' title='bbox 451 3779 571 3878; x_wconf 90' lang='grc' dir='ltr'>Λόγος</span> <span class='ocrx_word' id='word_1_249' title='bbox 596 3781 654 3856; x_wconf 83' lang='grc' dir='ltr'>καὶ</span> <span class='ocrx_word' id='word_1_250' title='bbox 678 3778 698 3855; x_wconf 91' lang='grc' dir='ltr'>ό</span> <span class='ocrx_word' id='word_1_251' title='bbox 718 3775 838 3880; x_wconf 91' lang='grc' dir='ltr'>Λόγος</span> <span class='ocrx_word' id='word_1_252' title='bbox 860 3777 904 3878; x_wconf 85' lang='grc' dir='ltr'>ἧν</span> <span class='ocrx_word' id='word_1_253' title='bbox 921 3776 1012 3881; x_wconf 86' lang='grc' dir='ltr'>πρὸς</span> <span class='ocrx_word' id='word_1_254' title='bbox 1038 3776 1101 3857; x_wconf 88' lang='grc' dir='ltr'>τὸν</span> <span class='ocrx_word' id='word_1_255' title='bbox 1120 3775 1216 3857; x_wconf 84' lang='grc' dir='ltr'>Θεὸν</span> <span class='ocrx_word' id='word_1_256' title='bbox 1234 3780 1292 3856; x_wconf 83' lang='grc' dir='ltr'>καὶ</span> <span class='ocrx_word' id='word_1_257' title='bbox 1338 3781 1392 3897; x_wconf 50' lang='grc' dir='ltr'>ξιξ)</span> 
     </span>
     <span class='ocr_line' id='line_1_30' title="bbox 93 3899 1293 4007; baseline 0.002 -25"><span class='ocrx_word' id='word_1_258' title='bbox 93 3913 114 3951; x_wconf 86' lang='grc'><strong>“</strong></span> <span class='ocrx_word' id='word_1_259' title='bbox 133 3902 226 3986; x_wconf 83' lang='grc' dir='ltr'>Θεὸς</span> <span class='ocrx_word' id='word_1_260' title='bbox 251 3899 296 4002; x_wconf 85' lang='grc' dir='ltr'>ἦν</span> <span class='ocrx_word' id='word_1_261' title='bbox 314 3904 334 3981; x_wconf 89' lang='grc' dir='ltr'>ό</span> <span class='ocrx_word' id='word_1_262' title='bbox 354 3900 510 4004; x_wconf 89' lang='grc' dir='ltr'>Λόγος.”</span> <span class='ocrx_word' id='word_1_263' title='bbox 549 3899 666 4002; x_wconf 85' lang='grc' dir='ltr'>ὁράτω</span> <span class='ocrx_word' id='word_1_264' title='bbox 691 3899 830 3999; x_wconf 81' lang='grc' dir='ltr'>βουλὴν</span> <span class='ocrx_word' id='word_1_265' title='bbox 847 3902 885 3980; x_wconf 85' lang='grc' dir='ltr'>ἐν</span> <span class='ocrx_word' id='word_1_266' title='bbox 903 3906 954 4007; x_wconf 78' lang='grc' dir='ltr'>τῷ</span> <span class='ocrx_word' id='word_1_267' title='bbox 980 3900 1109 4002; x_wconf 88' lang='grc' dir='ltr'>λέγειν,</span> <span class='ocrx_word' id='word_1_268' title='bbox 1129 3904 1176 3984; x_wconf 85' lang='grc' dir='ltr'>ὡς</span> <span class='ocrx_word' id='word_1_269' title='bbox 1201 3899 1293 4003; x_wconf 89' lang='grc' dir='ltr'>πρὸς</span> 
     </span>
    </p>
   </div>
   <div class='ocr_carea' id='block_1_3' title="bbox 45 4020 1461 4131">
    <p class='ocr_par' dir='ltr' id='par_1_7' title="bbox 45 4020 1461 4131">
     <span class='ocr_line' id='line_1_31' title="bbox 45 4020 1461 4131; baseline -0.008 -24"><span class='ocrx_word' id='word_1_270' title='bbox 45 4052 79 4109; x_wconf 80' lang='lat'>30</span> <span class='ocrx_word' id='word_1_271' title='bbox 91 4026 187 4106; x_wconf 86' lang='grc' dir='ltr'>θεὸν</span> <span class='ocrx_word' id='word_1_272' title='bbox 214 4029 276 4106; x_wconf 71' lang='grc' dir='ltr'>καὶ</span> <span class='ocrx_word' id='word_1_273' title='bbox 302 4026 459 4130; x_wconf 88' lang='grc' dir='ltr'>Πατέρα,</span> <span class='ocrx_word' id='word_1_274' title='bbox 482 4025 545 4105; x_wconf 88' lang='grc' dir='ltr'>τὸν</span> <span class='ocrx_word' id='word_1_275' title='bbox 570 4021 734 4131; x_wconf 88' lang='grc' dir='ltr'>μελιρδόν</span> <span class='ocrx_word' id='word_1_276' title='bbox 753 4035 774 4071; x_wconf 82' lang='grc'><strong>“</strong></span> <span class='ocrx_word' id='word_1_277' title='bbox 790 4026 856 4103; x_wconf 89' lang='grc' dir='ltr'>Ἐν</span> <span class='ocrx_word' id='word_1_278' title='bbox 881 4057 927 4129; x_wconf 82' lang='grc' dir='ltr'>τη</span> <span class='ocrx_word' id='word_1_279' title='bbox 954 4028 1074 4127; x_wconf 79' lang='grc' dir='ltr'>βουλῇ</span> <span class='ocrx_word' id='word_1_280' title='bbox 1101 4056 1174 4102; x_wconf 94' lang='grc' dir='ltr'>σου</span> <span class='ocrx_word' id='word_1_281' title='bbox 1201 4021 1293 4123; x_wconf 86' lang='grc' dir='ltr'>ὡδή-</span> <span class='ocrx_word' id='word_1_282' title='bbox 1339 4020 1461 4072; x_wconf 68' lang='lat' dir='ltr'>P⁸·¹¹¹⁵⁵·</span> 
     </span>
    </p>
   </div>
   <div class='ocr_carea' id='block_1_4' title="bbox 1342 4102 1379 4149">
    <p class='ocr_par' dir='ltr' id='par_1_8' title="bbox 1342 4102 1379 4149">
     <span class='ocr_line' id='line_1_32' title="bbox 1342 4102 1379 4149; baseline 0 0"><span class='ocrx_word' id='word_1_283' title='bbox 1342 4102 1379 4149; x_wconf 74' lang='grc' dir='ltr'>ιι</span> 
     </span>
    </p>
   </div>
   <div class='ocr_carea' id='block_1_5' title="bbox 92 4221 1294 4577">
    <p class='ocr_par' dir='ltr' id='par_1_9' title="bbox 92 4221 1294 4577">
     <span class='ocr_line' id='line_1_33' title="bbox 130 4221 1292 4313; baseline -0.005 -30"><span class='ocrx_word' id='word_1_284' title='bbox 130 4247 153 4283; x_wconf 87' lang='lat'>1.</span> <span class='ocrx_word' id='word_1_285' title='bbox 166 4228 244 4296; x_wconf 80' lang='grc' dir='ltr'>ἀξίως</span> <span class='ocrx_word' id='word_1_286' title='bbox 256 4239 424 4300; x_wconf 74' lang='lat' dir='ltr'><strong>assumptum</strong></span> <span class='ocrx_word' id='word_1_287' title='bbox 438 4247 469 4282; x_wconf 86' lang='lat' dir='ltr'>ex</span> <span class='ocrx_word' id='word_1_288' title='bbox 485 4228 516 4282; x_wconf 89' lang='lat' dir='ltr'>B.</span> <span class='ocrx_word' id='word_1_289' title='bbox 553 4228 599 4295; x_wconf 74' lang='grc' dir='ltr'>τὴν</span> <span class='ocrx_word' id='word_1_290' title='bbox 610 4222 750 4308; x_wconf 78' lang='grc' dir='ltr'>φροντίδα]</span> <span class='ocrx_word' id='word_1_291' title='bbox 765 4226 910 4313; x_wconf 63' lang='grc' dir='ltr'>τῆςγριίας</span> <span class='ocrx_word' id='word_1_292' title='bbox 920 4223 967 4293; x_wconf 78' lang='grc' dir='ltr'>τὴν</span> <span class='ocrx_word' id='word_1_293' title='bbox 978 4221 1153 4311; x_wconf 28' lang='grc' dir='ltr'>φροντίδαηΒ.</span> <span class='ocrx_word' id='word_1_294' title='bbox 1193 4224 1219 4278; x_wconf 91' lang='grc'>8.</span> <span class='ocrx_word' id='word_1_295' title='bbox 1231 4245 1292 4294; x_wconf 89' lang='grc' dir='ltr'>τρο·</span> 
     </span>
     <span class='ocr_line' id='line_1_34' title="bbox 92 4293 1292 4369; baseline -0.006 -14"><span class='ocrx_word' id='word_1_296' title='bbox 92 4300 146 4369; x_wconf 74' lang='grc' dir='ltr'>φῆς</span> <span class='ocrx_word' id='word_1_297' title='bbox 159 4299 191 4352; x_wconf 88' lang='grc' dir='ltr'>Β.</span> <span class='ocrx_word' id='word_1_298' title='bbox 230 4298 285 4354; x_wconf 82' lang='grc' dir='ltr'>ε’σθ</span> <span class='ocrx_word' id='word_1_299' title='bbox 299 4299 341 4352; x_wconf 82' lang='grc' dir='ltr'>ὅτε</span> <span class='ocrx_word' id='word_1_300' title='bbox 355 4309 523 4368; x_wconf 80' lang='lat' dir='ltr'><strong>assumptum</strong></span> <span class='ocrx_word' id='word_1_301' title='bbox 535 4317 568 4352; x_wconf 83' lang='lat' dir='ltr'>ex</span> <span class='ocrx_word' id='word_1_302' title='bbox 583 4298 615 4352; x_wconf 87' lang='lat' dir='ltr'>B.</span> <span class='ocrx_word' id='word_1_303' title='bbox 653 4297 748 4351; x_wconf 80' lang='lat' dir='ltr'>Statlm</span> <span class='ocrx_word' id='word_1_304' title='bbox 761 4295 899 4364; x_wconf 87' lang='grc' dir='ltr'>προιεσθαι</span> <span class='ocrx_word' id='word_1_305' title='bbox 912 4293 945 4348; x_wconf 88' lang='grc' dir='ltr'>Β.</span> <span class='ocrx_word' id='word_1_306' title='bbox 1021 4310 1062 4348; x_wconf 87' lang='lat'>11.</span> <span class='ocrx_word' id='word_1_307' title='bbox 1075 4310 1199 4362; x_wconf 73' lang='grc' dir='ltr'>ημινιιεσ.</span> <span class='ocrx_word' id='word_1_308' title='bbox 1213 4311 1245 4346; x_wconf 82' lang='lat' dir='ltr'>ex</span> <span class='ocrx_word' id='word_1_309' title='bbox 1260 4293 1292 4348; x_wconf 90' lang='grc' dir='ltr'>Β.</span> 
     </span>
     <span class='ocr_line' id='line_1_35' title="bbox 96 4361 1293 4493; baseline -0.004 0"><span class='ocrx_word' id='word_1_310' title='bbox 96 4387 138 4493; x_wconf 67' lang='grc' dir='ltr'>τι·</span> <span class='ocrx_word' id='word_1_311' title='bbox 155 4366 754 4493; x_wconf 72' lang='grc' dir='ltr'>νοαιιααιν...</span> <span class='ocrx_word' id='word_1_312' title='bbox 853 4368 1020 4489; x_wconf 74' lang='grc' dir='ltr'>αι.</span> <span class='ocrx_word' id='word_1_313' title='bbox 1033 4361 1293 4489; x_wconf 64' lang='grc' dir='ltr'>..ααα</span> 
     </span>
     <span class='ocr_line' id='line_1_36' title="bbox 96 4453 1294 4577; baseline -0.006 -13"><span class='ocrx_word' id='word_1_314' title='bbox 96 4456 668 4577; x_wconf 48' lang='lat' dir='ltr'>21:{ffifgsffimhoessfdinest⁸⁸</span> <span class='ocrx_word' id='word_1_315' title='bbox 727 4476 770 4577; x_wconf 70' lang='grc' dir='ltr'>3ἀ.</span> <span class='ocrx_word' id='word_1_316' title='bbox 790 4476 841 4561; x_wconf 88' lang='grc' dir='ltr'>σόυ</span> <span class='ocrx_word' id='word_1_317' title='bbox 855 4456 1054 4574; x_wconf 46' lang='grc' dir='ltr'>Β.1).,μο’ὑοΕά.</span> <span class='ocrx_word' id='word_1_318' title='bbox 1125 4453 1143 4506; x_wconf 72' lang='lat' dir='ltr'><strong>p</strong></span> <span class='ocrx_word' id='word_1_319' title='bbox 1209 4497 1216 4506; x_wconf 47' lang='lat'><em>⁴</em></span> <span class='ocrx_word' id='word_1_320' title='bbox 1287 4474 1294 4489; x_wconf 40' lang='grc' dir='ltr'>ι</span> 
     </span>
    </p>
   </div>
   <div class='ocr_carea' id='block_1_6' title="bbox 0 0 1528 5018">
    <p class='ocr_par' dir='ltr' id='par_1_10' title="bbox 0 0 1528 5018">
     <span class='ocr_line' id='line_1_37' title="bbox 0 0 1528 5018; baseline 0 0"><span class='ocrx_word' id='word_1_321' title='bbox 0 0 1528 5018; x_wconf 95' lang='lat' dir='ltr'> </span> 
     </span>
    </p>
   </div>
  </div>
 </body>
</html>
