3038 5018
91 299 133 363 iv.
149 301 264 389 28-30.
290 302 349 368 IN
379 305 411 372 S.
437 304 691 370 JOANNEM.
736 303 829 369 LIB.
854 304 901 368 ΙΙ.
947 301 1049 367 CAP.
1066 300 1107 363 V.
1225 301 1289 362 289

91 470 150 544 καῖ
168 469 299 560 ἀμείνω
322 469 369 548 τά
391 469 492 573 παρά
509 475 604 549 θεοῦ
624 468 831 574 ληψόμεθα.
872 475 908 547 τί
932 466 1003 570 γὰρ
1029 469 1123 568 ὕδωρ
1148 461 1189 543 τῦ
1216 461 1287 542 ἀπὸ

90 592 155 688 Τῆς
174 595 250 692 γῆς,
268 595 317 676 ὡς
334 591 425 696 πρὸς
443 592 508 692 τὴν
527 593 662 673 ἀνωθεν
681 592 853 688 σῦνεσιν;

106 804 163 868 Καὶ
191 807 277 881 λέςει
303 805 371 873 τοῖς
399 809 585 897 ἀνθρώποις
611 811 713 875 Δεῦτε
742 807 827 875 ι’δετε
855 809 1030 896 ἄνθρωπον
1058 809 1094 874 ὃς
1123 798 1274 878 εἶττὲμοι
1303 826 1339 881 29

230 934 336 998 πάντα
363 937 383 998 ἅ
411 935 561 1002 ὲττοίιιοοι·
602 939 678 1012 μεἰτι
706 933 799 1003 οὗτός
826 937 913 1002 ἐστιν
941 935 958 1000 ὁ
986 933 1142 1020 Χριστόα;

58 1115 77 1175 5
142 1092 194 1172 Ὦ
217 1096 424 1204 παραδόξου
449 1097 713 1198 μεταβολῆς,ῶ
736 1097 897 1200 μεγάλης
921 1097 1030 1178 ὅντως
1054 1101 1112 1173 καὶ
1139 1100 1285 1193 θεοπρε-

90 1225 182 1301 ποῦς
212 1217 337 1323 ἱσχιίος
368 1223 422 1300 ἐπ’
451 1223 593 1330 ἀῤῥήτερ
626 1227 822 1326 διαφανοῦς
851 1229 901 1327 τῷ
933 1219 1096 1316 θαύματι.
1140 1223 1288 1320 τεχνῖτις

92 1341 161 1442 ἤδη
178 1342 270 1446 πρὸς
288 1343 420 1445 λόγους
440 1348 497 1423 καὶ
516 1345 767 1447 μυσταγωγὸς,
787 1347 809 1444 ἡ
828 1352 992 1424 συνιεῖσα
1015 1340 1080 1441 μέν
1098 1340 1197 1420 οὐδέν
1216 1346 1323 1419 τῶνιί

91 1468 130 1545 έν
149 1469 242 1572 ἀρχῇ
263 1470 477 1570 λεγομένων,
492 1469 550 1547 διὰ
568 1468 605 1548 δέ
625 1477 729 1547 τοῦτο
749 1473 888 1550 δικαίως
907 1467 1097 1546 ἀκούσασα
1112 1463 1288 1565 “’Ύπαγε

92 1600 115 1636 “
135 1589 308 1696 φώνησόν
327 1625 397 1671 σου
415 1589 479 1672 τὸν
498 1592 611 1692 ἀνδρα
629 1594 687 1671 καὶ
706 1592 788 1671 ε’λθέ
807 1590 963 1671 ε’νθάδε.”
1004 1589 1070 1691 όρα
1096 1587 1167 1690 γάρ
1193 1587 1289 1669 ὅπως

45 1740 79 1781 10
91 1713 261 1817 ἐντέχνως
280 1711 346 1813 τὴν
363 1713 453 1817 πρὸς
473 1714 696 1821 Σαμαρείτας
720 1717 868 1794 ε’ποιεῖτο
893 1713 1061 1820 διάλεξιν.
1101 1714 1164 1790 οὐκ
1189 1710 1290 1792 εὐθὺς

1335 1454 1417 1526 Supra

1335 1544 1386 1577 ver.
1400 1527 1437 1576 16.

92 1834 272 1938 εὑρηκέναι
299 1842 394 1943 φησὶ
420 1835 484 1917 τὸν
509 1837 682 1940 Χριστὸν,
712 1838 790 1917 οὐδὲ
817 1840 855 1916 ε’ν
882 1838 1036 1938 πρώτοις
1065 1838 1184 1918 αὐτοῖς
1211 1840 1287 1913 εἱσ-

93 1958 193 2064 φέρει
220 1961 461 2062 διηγήσ[εσ]ιν
488 1958 551 2040 τὸν
578 1961 735 2059 Ἰησοῦν·
784 1958 806 2060 ἢ
835 1960 906 2063 γάρ
935 1958 979 2038 ἀν
1007 1965 1064 2037 καὶ
1093 1957 1290 2055 διεπτιίσθη

93 2085 244 2180 δικαίως,
281 2086 329 2165 ὡς
364 2083 461 2163 πολῦ
497 2083 562 2180 μέν
596 2083 638 2162 τὸ
674 2084 804 2183 μέτρον
841 2090 913 2161 τῶν
950 2084 1039 2186 αὐτῇ
1079 2080 1290 2184 πρεπόντων

92 2205 340 2300 ἀναβαίνουσα
372 2205 504 2307 λόγων,
537 2209 600 2286 οῦκ
632 2210 796 2307 ἀγνῶτας
829 2205 866 2286 δὲ
904 2213 976 2285 τῶν
1008 2206 1116 2304 αὐτῆς
1146 2203 1289 2306 τρόπων

45 2345 77 2405 ¹5
91 2327 175 2413 τοῦς
196 2329 438 2432 ἀκροωμένους
460 2329 686 2432 εῦρίσκουσα.
724 2330 1009 2437 προεξευμαρίζει
1032 2336 1221 2429 τοιγαροῦν
1239 2334 1320 2435 τῶς

93 2450 258 2550 θαύματι,
295 2456 353 2533 καὶ
391 2459 442 2561 τῷ
483 2450 678 2560 παραδόξῳ
719 2452 1071 2559 προκαταπλήξασα,
1109 2452 1290 2554 λειοτέραν

91 2572 216 2678 ῶσπερ
248 2581 293 2680 τῇ
324 2577 445 2656 πίστει
479 2575 544 2673 τὴν
576 2574 660 2656 όδῦν
692 2574 940 2678 ἀπεργάζεταιζ
986 2572 1075 2656 θεῦτε
1112 2578 1170 2655 καὶ
1208 2571 1296 2656 ίάετέ

92 2705 188 2801 φησι
215 2706 383 2794 συνετῶς,
412 2701 601 2803 μονονουχὶ
630 2701 855 2802 θερμοτέροις
882 2707 1011 2794 βοῶσα
1043 2707 1177 2802 φωναῖς
1204 2701 1289 2800 Ἀρ-

92 2821 189 2900 κέσει
227 2825 285 2901 καὶ
321 2822 413 2922 μόνη
448 2819 541 2925 πρὸς
578 2824 704 2902 πίστιν
740 2825 762 2922 ή
804 2823 877 2919 θέα,
915 2827 973 2901 καῖ
1013 2820 1289 2927 πληροφορήσει

45 2976 78 3016 ιο
90 2944 271 3047 παρόντας
299 2945 594 3053 ἀξιολογωτέροις
621 2954 694 3029 τοῖς
721 2945 912 3044 θαύμασιν.
954 2949 973 3023 ὁ
1002 2945 1073 3046 γάρ
1101 2945 1290 3045 γινώσκων

91 3067 137 3149 τά
167 3072 397 3173 κεκρυμμένα,
426 3072 483 3149 καὶ
518 3069 559 3148 τὸ
589 3068 682 3170 μέγα
710 3078 815 3147 τοῦτο
844 3073 901 3148 καὶ
930 3066 1121 3170 θεοπρεπὲς
1148 3068 1289 3172 ἀξίωμα

91 3192 227 3296 λαχὼν,
264 3200 342 3277 πῶς
379 3196 443 3273 οῦκ
480 3194 523 3300 ἐξ
557 3193 675 3296 οὐρίας
712 3197 893 3294 δραμεῖται
930 3189 1020 3295 πρὸς
1057 3189 1123 3290 τὴν
1159 3186 1209 3270 ὦν
1245 3190 1289 3270 ἀν

91 3314 263 3408 βούλοιτο
289 3315 504 3419 πλήρωσινς

1302 3447 1319 3484 a
1343 3433 1405 3486 195
1417 3431 1457 3485 A.

205 3521 365 3590 Ἐξῆλθον
393 3524 429 3588 ὲκ
457 3532 513 3588 τῆς
540 3526 681 3603 πόλεως,
710 3523 762 3589 καί
790 3524 929 3611 ῦρχοντο
956 3525 1037 3612 πρὸς
1065 3525 1175 3593 αὐτόν.
1303 3552 1341 3608 30

45 3707 78 3767 ι5
141 3681 325 3788 Ἔλεγχος
361 3690 424 3784 τῆς
459 3684 639 3765 Ἰουδαίων
676 3686 964 3789 σκληροκαρδίας
998 3687 1020 3785 ἡ
1059 3691 1289 3789 Σαμαρειτῶν

90 3807 273 3903 εὐπείθεια,
304 3813 362 3887 καὶ
399 3808 440 3887 τὸ
478 3812 515 3888 έν
547 3811 688 3891 ε’κείνοις
724 3810 968 3910 ἀπάνθρωπον
999 3812 1036 3887 ἐν
1072 3816 1117 3912 τῇ
1154 3807 1288 3887 τούτων

91 3928 279 4033 ἡμερότητι
308 3934 538 4037 διαφαίνεται.
577 3936 635 4011 καὶ
663 3930 779 4036 ὁράτω
807 3932 919 4011 πόλιν
945 3934 964 4010 ὁ
993 3931 1197 4038 φιλομαθὴς
1226 3936 1288 4030 τῆς

91 4055 129 4131 έν
157 4057 293 4158 ἀμφοῖν
321 4055 427 4161 ἕξεως
459 4054 524 4154 τὴν
552 4054 738 4162 διαφορὰν,
766 4055 824 4134 ἵνα
852 4054 896 4154 δὴ
927 4058 985 4134 καὶ
1016 4053 1118 4153 μάλα
1148 4057 1288 4140 δικαίως

130 4255 153 4291 ι.
172 4240 204 4291 τὰ
216 4255 308 4293 assum
327 4249 384 4294 tum
398 4258 430 4294 ex
445 4240 477 4294 B.
585 4257 610 4294 α.
630 4241 664 4296 ὣς
675 4257 729 4293 om.
745 4239 776 4294 B.
890 4257 916 4311 3.
934 4262 978 4309 μοι
990 4251 1156 4310 assumptum
1170 4260 1202 4295 ex
1215 4241 1285 4296 B.D.

91 4327 118 4376 4.
136 4308 154 4361 ἃ
168 4309 200 4363 Β.
213 4309 264 4363 ὅσα
278 4258 328 4363 [δεῖ1
413 4310 441 4365 6.
459 4314 569 4381 τεχνῖτις
582 4310 652 4364 BD.
664 4311 782 4380 τεχνίτης
795 4309 845 4365 Ed.
929 4327 970 4364 11.
989 4310 1075 4366 αῦτοῖς
1088 4311 1121 4365 B.
1133 4313 1224 4380 εἀυτῆς
1237 4311 1288 4367 Ed.

95 4391 136 4449 17.
155 4383 186 4447 τῇ
198 4381 287 4434 πίστει
299 4380 344 4448 τὴν
356 4379 429 4452 ὁδὸν]
443 4381 489 4449 τὴν
499 4381 589 4435 πίστιν
599 4381 646 4450 τὴν
657 4380 721 4451 ὅλην
734 4380 767 4434 B.
850 4382 889 4435 18.
909 4378 1020 4451 φωναῖς]
1034 4381 1133 4450 θερμῶς
1145 4385 1242 4453 φωναῖς
1255 4382 1288 4437 Β.

93 4464 136 4502 22.
150 4450 179 4519 ἐξ
191 4450 279 4520 οὐρίας
293 4451 324 4504 Β.
337 4451 367 4519 ἐξ
379 4452 495 4520 ε’ξουρίας
509 4451 559 4507 Ed.
603 4472 624 4504 π
645 4448 740 4533 ‘enm
752 4450 981 4521 upoow(=vrpt*›t
993 4449 1053 4520 ἣνὶ)
1069 4452 1099 4506 B.
1172 4451 1288 4524 23.βοῦ-

91 4522 165 4573 λεται
178 4519 211 4574 Β.
318 4537 361 4586 24.
381 4521 504 4593 ἐξῆλθον]
521 4529 549 4584 -Ι-
564 4521 609 4576 οῦν
647 4520 770 4576 d-invlto
784 4521 816 4576 B.
925 4521 1195 4592 17.τὴνρ1·οτῦς[).

136 4620 206 4665 τοι.
223 4622 244 4665 1.
667 4622 721 4688 Pp
