3038 5018
221 302 286 367 686
527 306 566 370 B.
590 304 799 371 CYRILLI
830 303 1122 370 ALEXANDR.
1334 302 1387 368 vi's
1399 320 1439 389 37.

229 468 404 572 Χριστὸν,
432 467 557 573 ώοπερ
585 471 630 579 ἐξ
657 471 853 574 ἀναγκαίου
881 467 977 556 τινάς
1006 468 1124 571 λόγου
1156 473 1222 549 καὶ
1255 473 1317 576 τῷ
1343 474 1460 575 καιριρῗ·

223 592 422 692 πρέποντος
451 597 527 675 κατ’
551 596 662 696 αὐτὴν
687 595 852 694 μάλιστα
879 602 953 678 τοῖς
970 594 1161 676 Ἰουδαίοις
1190 598 1318 674 εἰπεῖν
1338 596 1384 672 Ε]
1399 628 1441 676 τις

225 710 324 826 διψᾷ
348 717 491 825 ἔρχεσθαι
518 722 601 827 πρός
626 756 672 826 με
699 730 758 800 καὶ
787 719 916 800 πινίτυ.
955 715 1001 816 ἦν
1024 717 1091 815 μέν
1115 716 1196 822 γὰρ
1224 720 1293 797 καὶ
1322 718 1442 820 ἑτέροις

56 852 173 908 468A.
194 837 335 919 nahrbv
362 841 646 948 ἀποχρήσασθαι
674 841 808 945 λύγοις·
843 841 918 923 οἷον
941 843 1041 945 Ἐγώ
1068 846 1143 940 εἶμι
1174 839 1222 924 τὸ
1256 847 1356 946 φῶς,
1380 841 1441 942 ἐγώ

226 971 297 1063 εἶμι
328 966 350 1065 ἡ
383 966 542 1067 ἀλήθεια.
594 970 678 1047 ἀλλ’
711 974 759 1051 είς
788 967 852 1047 τὸν
884 975 949 1046 τοῦ
981 966 1167 1046 πιστεύειν
1196 967 1461 1072 παρατρεψοιι

227 1088 341 1190 λόγον
372 1088 438 1190 τὴν
471 1091 655 1199 ἐξήγησιν,
683 1090 726 1171 τύ
757 1091 889 1188 Πινίτω,
918 1093 1112 1192 ἀναγκαῖον
1146 1085 1290 1193 ώσπερ
1327 1125 1365 1170 τι
1392 1091 1440 1169 καί

226 1215 521 1318 χρεωστούμενον
553 1224 627 1300 τοῖς
657 1220 739 1321 περὶ
769 1219 833 1315 τῆς
867 1216 992 1318 ἑορτῆς
1027 1212 1264 1311 είσκεκόμικε
1307 1212 1437 1315 λύγας.

226 1336 289 1417 τὸν
324 1337 361 1418 δὲ
394 1340 431 1418 ε’ν
461 1345 513 1446 τῷ
548 1340 768 1448 προκειμένῳ
804 1338 947 1420 σκοπὸν
984 1343 1032 1422 ὡς
1066 1339 1104 1416 ἐν
1144 1339 1303 1442 ὀλίγοις
1340 1343 1439 1418 εἰπεῖν

226 1458 455 1561 πειράσομαι.

277 1582 369 1665 Ὅτε
387 1587 506 1666 τοίνυν
524 1584 569 1668 τά
586 1591 667 1690 περὶ
684 1592 748 1686 τῆς
771 1591 894 1690 ἑορτῆς
912 1592 976 1687 τῆς
995 1587 1257 1688 σκηνοπηγίας
1278 1584 1470 1666 διετύιιονῑο

58 1694 128 1808 {fi}
141 1772 181 1820 34·
228 1707 320 1791 Θεὸς
348 1712 441 1788 οὕτω
468 1710 558 1814 πρὸς
586 1711 649 1791 τὸν
674 1714 843 1811 Μωυσῆν
867 1721 889 1757 “
903 1716 961 1816 Τῇ
988 1709 1304 1815 πεντεκαιδεκάτη
1332 1709 1437 1814 ήμίρρ

60 1823 99 1888 ³⁶⁹
114 1837 153 1888 ³⁵·
228 1841 249 1877 “
269 1840 332 1910 τοῦ
364 1833 474 1933 μηνὸς
508 1845 572 1915 τοῦ
610 1835 766 1935 ἑβδόμου
802 1833 906 1937 ἑορτὴ
938 1840 1083 1933 σκηνῶν
1112 1838 1167 1941 τῷ
1201 1835 1355 1942 Κυρίῳ,
1385 1834 1436 1911 καί

191 1957 249 2022 b“
267 1957 472 2065 προσάξετε
505 1960 789 2060 ὁλοκαυτώματα
820 1963 878 2038 καὶ
913 1960 1041 2041 θυσίας
1068 1956 1161 2038 ἑπτά
1192 1958 1355 2058 ἡμέρας,
1384 1960 1435 2036 καί

227 2091 248 2127 “
267 2081 381 2186 ἡμέρα
399 2083 563 2185 ἡπρώτη
582 2082 697 2185 κλητή
717 2084 801 2185 ἁγία
818 2083 920 2162 ἔσται
939 2079 1051 2182 ύμῖν.”
1092 2078 1169 2162 εἶτα
1189 2083 1342 2167 τούτοις
1361 2085 1431 2162 ἑπι-

58 2185 149 2314 {2239'
228 2205 398 2313 διατάξας
423 2214 494 2287 τῶν
523 2214 660 2288 θυσιῶν
686 2206 769 2292 τούς
796 2206 960 2312 τρόπους,
983 2205 1153 2306 ἐπήνεγκε
1182 2204 1309 2286 πάλιν
1329 2218 1351 2253 “
1369 2207 1470 2286 Rois

228 2337 251 2376 ‘⁶
269 2337 314 2434 τῇ
332 2331 625 2437 πεντεκαιδεκάτη
647 2330 761 2438 ἡμέρᾳ
784 2338 848 2410 τοῦ
873 2328 984 2430 μηνός
1009 2337 1074 2410 τοῦ
1098 2327 1264 2428 ἑβδόμου
1290 2328 1431 2425 τούτου,

229 2465 250 2501 “
269 2454 486 2558 προσοίσετε
519 2454 803 2556 ὁλοκαυτώματα
834 2459 886 2562 τῷ
917 2455 1039 2562 Κυρίῳ
1072 2450 1164 2534 ἑπτά
1196 2452 1351 2557 ἡμέρας,
1381 2457 1434 2534 καὶ

228 2589 250 2625 “
269 2577 380 2682 ήρίρα
413 2580 435 2678 ή
467 2578 592 2680 πρώτη
625 2577 838 2675 ἀνάπαυσις,
868 2581 927 2657 καὶ
959 2576 1074 2680 ἡμέρα
1106 2577 1128 2677 ή
1161 2576 1308 2678 ἑβδόμη
1344 2577 1432 2656 ἀντί·

228 2712 248 2747 “
267 2736 413 2786 παυσις.
470 2707 527 2781 καὶ
560 2709 606 2808 τῇ
634 2702 747 2809 ἡμίρρ
776 2707 821 2806 τῇ
852 2701 978 2806 πρώτη
1010 2700 1180 2807 λήψεσθε
1215 2701 1435 2805 κοίλλυντρο

228 2836 249 2872 “
269 2825 439 2930 φοινίκων
468 2831 525 2905 καὶ
555 2826 710 2911 κλάδους
742 2825 857 2933 ξύλου
889 2831 1011 2909 δασεῖς
1044 2828 1103 2904 καὶ
1136 2824 1283 2927 καρπὸν
1317 2827 1471 2932 ξύλονιο

198 2960 250 3006 ⁰“
270 2951 400 3052 ὡραίου
419 2955 477 3030 καί
496 2950 588 3059 ἰτέας
605 2953 664 3030 καὶ
683 2951 796 3052 ἄγνου
814 2949 968 3034 κλάδους
987 2953 1026 3028 ἐκ
1050 2948 1431 3054 χειμάῤῥουεύφραν·

228 3085 248 3120 “
270 3073 409 3174 θῆναι.”
443 3075 511 3175 ἤδη
539 3072 604 3173 μὲν
629 3075 691 3154 οὖν
714 3076 751 3153 ἐν
774 3079 826 3182 τῷ
854 3074 1003 3180 δευτίριρ
1029 3076 1166 3180 βιβλίῳ
1195 3074 1342 3153 ἕκαστα
1372 3082 1434 3154 τοῦ

227 3197 486 3300 παροισθέντος
514 3201 624 3302 ῥητοῦ
654 3196 841 3304 διεξιόντες
871 3195 917 3276 τὰ
949 3195 1049 3300 με’ρη,
1076 3194 1215 3299 μακρὸν
1247 3199 1303 3277 ἐπ’
1335 3199 1433 3304 αύτῷ

228 3322 518 3423 δεδαπανήκαμεν
537 3320 660 3423 λόγον,
679 3320 914 3420 σνντεμόντες
943 3322 976 3401 δ’
997 3321 1060 3399 οὖν
1085 3318 1182 3418 ὅμως
1209 3321 1250 3398 ίν
1275 3323 1430 3425 ὀλίγας,

135 3543 142 3557 ⁴
227 3445 328 3530 αὖθις
356 3445 667 3545 ε’παναμνήσομεν.
707 3445 915 3552 ἐφόσκομεν
936 3441 1009 3546 γάρ
1036 3440 1102 3542 τὴν
1124 3442 1189 3539 μὲν
1211 3444 1347 3546 ἑορτήν
1369 3451 1469 3545 τήςιε

226 3569 472 3670 σκηνοπηγίας
499 3567 563 3647 τὸν
592 3566 807 3672 τριπόθητον
839 3569 921 3667 ἡμῖν
951 3571 1015 3665 τῆς
1044 3561 1284 3651 ἀναστάσεως
1315 3604 1429 3649 κατα·

226 3693 413 3795 σημαίνειν
446 3693 579 3795 καιρόν.
631 3691 674 3773 τὸ
707 3689 745 3771 δὲ
779 3691 987 3792 κάλλυντρα
1019 3696 1159 3787 λαβεῖν,
1192 3694 1253 3769 καὶ
1287 3694 1432 3797 καρπὸν

226 3820 355 3921 ὡραίου
384 3817 509 3925 ξύλον,
534 3820 592 3896 καὶ
620 3812 711 3918 πρὸς
738 3814 876 3898 τούτοις
905 3814 955 3892 ἔτι
982 3812 1029 3893 τά
1056 3813 1170 3917 ἕτερα,
1191 3815 1432 3924 ε’πανοίληψίν

264 4073 288 4110 2.
308 4054 361 4109 κατ’
374 4055 452 4123 αὐτὴν
464 4054 535 4108 Aub.
549 4072 563 4107 e
576 4053 634 4107 Cat.
648 4064 673 4106 et
689 4053 727 4106 sic
741 4070 764 4106 α.
778 4053 820 4106 καὶ
830 4031 962 4106 ταύτάνΒ.
976 4052 1016 4105 καί
1029 4049 1123 4119 ταύτην
1137 4050 1227 4105 Holst.
1313 4067 1345 4122 3.
1364 4050 1429 4125 γάρ]

230 4132 259 4191 4
274 4148 329 4181 τινα
344 4125 375 4180 Β.
391 4125 439 4180 Ht.
531 4124 556 4178 6.
574 4127 604 4177 τό
617 4124 717 4177 Πινέτω
729 4141 743 4176 e
757 4122 815 4177 Cat.
828 4122 974 4192 assumpsit
987 4121 1058 4176 Aub.
1071 4131 1097 4175 et
1110 4121 1148 4175 sic
1160 4138 1185 4174 s.
1226 4119 1340 4176 Desunt
1354 4123 1384 4177 in
1399 4123 1430 4178 B.

226 4197 364 4266 ἀναγκαῖον
378 4205 405 4249 et
421 4194 632 4282 γρεαστούμενον
649 4193 789 4248 emendavi
807 4213 838 4247 ex
858 4211 881 4248 a.
895 4192 1037 4262 ἀναγκαίαν
1050 4201 1076 4246 et
1092 4190 1313 4262 χρεοστουμίνων
1329 4193 1365 4247 Β.
1379 4193 1430 4248 Ed.

230 4285 271 4321 11.
290 4270 354 4336 πρὸς
366 4289 455 4334 μωσεα
466 4265 550 4336 φησίν
562 4283 586 4317 a.
713 4282 754 4330 14.
772 4263 821 4333 ήμέ
852 4261 988 4353 ]ήήμε’ρο
1001 4280 1025 4317 a.
1079 4261 1194 4332 ἡπρώτη
1208 4261 1268 4315 ΒΑ.
1284 4261 1335 4317 Ht.
1349 4264 1431 4336 ὀγδόη

227 4337 377 4391 emendavit
389 4336 461 4390 Aub.
563 4336 603 4389 18.
623 4334 821 4405 ήμίρο-ήμίρο
847 4332 1008 4403 ηήμέρο-ή
1021 4331 1102 4402 ήμίρα
1114 4351 1138 4387 a.
1187 4332 1286 4400 ἑβδόμη
1301 4333 1365 4388 Bas.
1381 4335 1430 4389 Hk·

226 4409 305 4477 ὀγδόη
318 4407 391 4462 λυί).
474 4423 514 4477 19.
533 4408 661 4475 κάλυντρο
673 4423 697 4458 a.
779 4422 822 4475 23.
841 4403 1028 4474 παροισθίντος
1042 4401 1232 4474 [παρυσθίντος
1244 4398 1431 4529 cod-Astapa·

226 4477 269 4528 4⁴-
327 4476 354 4488 ''
560 4493 601 4542 24.
621 4475 667 4530 οὖν
679 4486 847 4546 assumptum
860 4492 892 4528 ex
906 4475 939 4528 Β.
1057 4487 1100 4544 27.
1119 4471 1280 4546 κάλλυντρο]
1352 4497 1431 4547 υπρο
