3038 5018
91 315 121 358 v.
137 313 185 359 10.
281 293 337 358 IN
369 295 402 358 S.
426 293 680 360 JOANNEM.
726 293 822 359 LIB.
846 294 893 358 II.
939 292 1040 358 CAP.
1057 293 1097 357 V.
1224 293 1289 356 309

90 469 112 507 “
130 458 174 566 ἐξ
198 465 317 539 οἰκιῶν
340 463 438 559 ὑμῶν
459 467 505 566 τῆ
533 462 647 568 ῆμέρηι
674 470 738 541 τοῦ
766 459 993 556 σαββάτου·”
1023 463 1080 539 καὶ
1108 461 1149 540 οὐ
1175 459 1289 558 δήπου

90 581 241 687 φήσειεν
268 585 317 671 ἅν,
340 619 405 683 τις,
434 585 472 673 ὅς
501 620 542 688 γε
569 584 791 692 σωφρονοίη,
819 584 1093 691 καταφρονητήν
1121 617 1200 663 τινα
1231 585 1320 662 nala
1341 599 1461 661 aooA.

89 706 229 812 ἐξήνιον
247 714 319 788 τῶν
337 712 440 790 θείων
461 707 695 809 ἐνταλμάτιυν
717 711 973 788 ἀποτελεῖσθαι
998 705 1062 788 τὸν
1084 707 1288 810 ἄνθρωπον,

90 831 175 909 ἀλλ’
195 833 244 915 ὡς
267 835 305 912 ἐν
322 833 425 942 τάπερ
448 839 522 917 τοῖς
550 832 721 916 Ιουδαίοις
739 829 897 937 φανερὸν
916 833 1024 911 ἐποίει
1043 831 1217 933 Χριστὸς,
1237 831 1291 911 ὅτι

58 953 418 1054 5θεραπευθήσονται
445 955 510 1055 μέν
535 957 577 1037 δι’
607 958 764 1055 ὑπακοῆς
793 957 852 1034 καὶ
878 955 1035 1038 πίστεως
1063 956 1099 1033 ἐν
1124 953 1292 1059 ἐσχάτοις

89 1085 154 1156 τοῦ
172 1084 297 1163 αἰῶνος
317 1087 459 1182 καιροῖς·
479 1088 585 1160 τοῦτο
604 1078 676 1181 γὰρ
695 1076 793 1178 οἶμαι
812 1077 855 1158 τό
875 1075 1065 1171 Σάββατα
1078 1080 1292 1178 ὑποδηλοῦν,

89 1204 296 1283 τελευταίαν
320 1204 435 1283 οὖσαν
460 1208 524 1303 τῆς
552 1204 750 1299 ἑβδομάδος
778 1203 924 1305 ἡμέραν·
966 1201 1226 1301 κομισαμένους
1254 1203 1292 1282 δέ

89 1322 195 1433 ἅπαξ
214 1325 281 1426 τῆν
298 1326 358 1407 διὰ
382 1328 539 1411 πίστεως
565 1328 766 1431 θεραπείαν,
785 1331 844 1405 καί
869 1330 918 1410 εἰς
942 1325 1131 1425 καινότητα
1156 1328 1289 1430 μεταῤ·

88 1449 353 1553 ῥυθμισθέντας
370 1446 471 1552 ζωῆς,
490 1449 556 1549 τῆν
574 1451 640 1549 μὲν
658 1457 722 1530 τοῦ
740 1457 886 1547 νομικοῖν
905 1449 1115 1552 γράμματος
1137 1448 1289 1529 παλαιό-
1304 1464 1326 1529 b

45 1607 77 1648 ιο
89 1605 182 1672 τητα
205 1575 289 1675 παρ’
310 1571 413 1653 οὐδὲν
434 1573 573 1674 ἀνάγκη
597 1578 788 1669 ποιεῖσθαι,
811 1580 1062 1675 παραιτεῖσθαι
1091 1570 1128 1652 δέ
1156 1571 1222 1671 τῆν
1245 1576 1293 1658 ὡς

89 1699 129 1776 ἐν
145 1703 264 1780 σκιαῖς
283 1696 526 1797 αἰνιγματώδη
546 1697 714 1799 λατρείαν
733 1700 791 1775 καὶ
810 1700 873 1795 τῆς
891 1697 1086 1795 Ἰουδαϊκῆς
1103 1700 1293 1796 συνηθείας

90 1819 157 1918 τῆν
183 1822 317 1900 εἰκαίαν
341 1819 564 1921 ἐπιτήρησιν.
602 1823 762 1899 ἐντεῦθεν
781 1816 878 1916 οἶμαι
904 1816 1067 1915 λαβόντα
1090 1819 1294 1921 τοῦλόγου

90 1942 155 2029 τὰς
173 1944 342 2050 ἀφορμάς
360 1947 418 2024 καί
440 1943 504 2023 τὸν
523 1942 697 2043 μακάριον
715 1947 915 2022 ἐπιστεῖλαι
938 1948 1088 2022 Παῦλον
1108 1951 1181 2027 τοῖς
1203 1944 1293 2042 μετὰ

90 2068 157 2169 τὴν
181 2069 307 2148 πίστιν
331 2070 643 2170 παλινδρομυῦσιν
672 2068 729 2146 ἐπὶ
757 2065 821 2144 τὸν
847 2065 957 2157 νόμον
976 2079 997 2113 “
1013 2069 1118 2167 Λέγω
1147 2065 1184 2146 δέ
1212 2070 1294 2167 ὑμῖν
1338 2088 1462 2138 calm.

45 2217 78 2276 ¹5
92 2203 114 2240 “
132 2191 187 2272 ὅτι
209 2189 271 2271 ἐὰν
290 2191 550 2295 περιτέμνησθε
575 2188 738 2295 Χριστὸς
764 2191 854 2288 ὑμᾶς
880 2189 981 2270 οὐδὲν
999 2189 1213 2296 ὥφελήσει,”
1235 2194 1294 2270 καί

90 2315 206 2396 πάλιν
225 2327 246 2362 “
262 2313 522 2418 Κατηργήθητε
551 2313 624 2395 ἀπὸ
653 2321 817 2418 Χριστοῦ
844 2314 967 2399 οἵτινες
991 2316 1028 2394 ἐν
1053 2315 1150 2422 νόμῳ
1176 2318 1290 2394 δικαι·
1340 2331 1379 2383 lb·
1393 2347 1417 2396 4·

93 2450 115 2487 “
133 2444 255 2537 οὓσθε,
273 2443 337 2538 τῆς
354 2438 499 2544 χάριτος
518 2438 740 2546 ἐξεπέσατε.”

123 2695 261 2772 Ἔλεγον
288 2693 345 2763 οὖν
371 2695 401 2764 οἰ
424 2695 578 2765 Ἰουδαῖοι
606 2702 652 2782 τῷ
680 2700 951 2787 τεθεραπευμένῳ
978 2698 1148 2776 Σάββατόν
1175 2698 1252 2763 ἐστι·
1309 2717 1346 2758 ιο

272 2825 325 2890 καὶ
352 2824 411 2889 οὐκ
437 2824 543 2892 ἔξεστί
570 2848 621 2891 σοι
648 2819 725 2913 ἆραι
753 2824 809 2891 τὸν
838 2825 1017 2912 κράββατόν
1046 2847 1112 2889 σου.
1305 2800 1322 2843 ⁰

45 3026 78 3067 ιο
148 2986 444 3089 Ἐπικαιρότατον
462 2985 558 3085 οἶμαι
577 2995 669 3083 βοᾶν
686 2991 743 3068 ἐπὶ
762 2989 899 3071 τούτοις
918 2999 939 3033 “
953 2986 1047 3067 Ἰδοὺ
1065 2986 1155 3070 λαὸς
1172 2984 1292 3089 μωρὸς
1336 2980 1409 3096 gif*
1421 2997 1446 3033 ⁹·

91 3121 114 3158 “
178 3115 188 3137 κ
220 3112 229 3136 2
268 3109 279 3134 Ι
410 3113 419 3138 2
576 3115 588 3141 χ
647 3112 656 3136 5
704 3119 719 3133 Α
804 3114 816 3141 χ
873 3111 881 3135 2
973 3108 983 3134 Ι
1103 3112 1123 3137 ἱ,
1192 3112 1201 3137 Ι
1255 3111 1265 3137 λ

133 3144 192 3190 και
208 3115 383 3214 ακαρδιος,
403 3117 589 3219 οφθαλμοι
615 3146 733 3194 αυτοις
759 3145 817 3190 και
843 3145 885 3190 ου
909 3118 1100 3205 βλεπουσι.
1163 3145 1197 3190 τι
1219 3144 1292 3212 γαρ

91 3233 138 3313 ἂν
164 3235 302 3336 γένοιτυ
330 3242 402 3316 τῶν
430 3236 598 3315 τοιούτων
624 3232 930 3337 άπαιδευτάτερον,
955 3232 979 3333 ἢ
1007 3235 1045 3313 τί
1069 3235 1159 3335 πρὸς
1186 3238 1289 3316 άναι·

92 3360 254 3458 σθησίαν
282 3358 323 3438 τὸ
355 3359 472 3462 μεῖζον
484 3391 495 3457 ;
536 3358 578 3438 τὸ
608 3358 673 3456 μέν
701 3356 773 3461 γὰρ
805 3356 859 3437 ὅτι
891 3356 1072 3460 προσήκοι
1105 3361 1293 3464 θαυμάζειν

93 3480 221 3566 αὐτοὺς
250 3483 316 3582 τῆν
344 3491 407 3561 τοῦ
437 3484 726 3587 θεραπεύσαντος
758 3480 907 3579 δύναμιν
935 3484 977 3561 οὐ
1007 3483 1170 3586 δέχονται
1202 3484 1294 3562 κατὰ

44 3632 79 3694 ι5
94 3613 190 3684 νοῦν·
231 3609 349 3708 πικροὶ
378 3605 416 3685 δέ
444 3606 543 3691 ὅντες
570 3610 781 3706 ἐπιτιμηταί,
809 3610 867 3685 καὶ
895 3603 1007 3705 μόνον
1031 3606 1161 3690 εἰδότες
1188 3615 1328 3688 soffred

94 3736 224 3827 καλῶς,
252 3731 476 3833 παρανομίας
508 3730 707 3833 ἐγκλήματι
739 3730 1007 3832 περιβάλλουσι
1035 3728 1098 3810 τὸν
1126 3729 1207 3832 άρτι
1235 3733 1294 3808 καί

93 3853 197 3957 μόγις
234 3858 297 3953 τῆς
331 3860 470 3957 μακροῖς
503 3855 740 3956 άνακιίψαντα
777 3854 898 3951 νόσου,
931 3860 1071 3933 κεῖσθαι
1107 3854 1144 3932 δέ
1181 3852 1295 3933 πάλιν

93 3979 345 4058 ἐπιτάττουσιν
364 3982 522 4077 ἀμαθῶς,
542 3980 590 4060 ὡς
608 3980 665 4056 καί
685 3981 791 4084 ἐντῷ
810 3982 938 4083 χρῆναι
958 3984 1078 4056 νοσεῖν
1097 3981 1160 4074 τῆς
1183 3983 1229 4060 εἰς
1252 3975 1294 4056 τὸ

95 4101 289 4196 σάββατον
307 4100 557 4205 πληρουμένης
574 4105 687 4199 τιμῆς.

137 4339 160 4374 ι.
178 4323 248 4389 ὑμῶν
260 4322 360 4374 correxi
374 4330 435 4390 post
448 4319 551 4390 Μίμοις.
563 4317 634 4386 ἡμῶν
646 4316 717 4372 Αυί).
730 4315 818 4386 (231.)
890 4332 914 4369 2.
933 4317 1069 4385 σωφρονοῖ
1084 4315 1115 4369 Β.
1187 4313 1213 4370 6.
1232 4315 1295 4369 ὑπο·

98 4393 194 4458 δηλοῦν
210 4394 240 4445 B.
254 4393 348 4458 δηλοῦν
362 4391 412 4445 Ed.
588 4406 629 4444 11.
652 4388 724 4455 Haec
737 4389 778 4442 καὶ
790 4389 834 4455 τῆς
845 4385 985 4455 Ἰουδαϊκῆς
996 4386 1132 4455 συνηθείας
1144 4387 1190 4455 τῆν
1201 4386 1297 4440 εἰκαίαν

101 4462 206 4534 [εἰκείαν
219 4463 301 4533 Cod.]
315 4460 466 4530 ἐπιτήρησιν
478 4471 617 4531 assumpta
628 4478 660 4515 ex
675 4460 707 4514 Β.
857 4473 899 4528 23.
918 4455 1046 4528 προσήκοι
1060 4457 1092 4511 Β.
1105 4455 1231 4528 προσήκει
1245 4455 1296 4511 Ed.

100 4550 143 4599 24.
163 4531 368 4603 θεραπεύσοντος
381 4532 414 4587 Β.
523 4547 565 4602 27.
583 4534 658 4601 μόγις
672 4530 704 4584 Β.
716 4531 791 4598 μόλις
804 4527 855 4582 Ed·
