3038 5018
89 285 155 368 i.4.
277 287 332 353 IN
365 289 399 355 S.
423 289 679 355 JOANNEM.
726 288 873 354 LIB.I.
919 288 1020 354 CAP.
1045 288 1104 355 VI.
1249 294 1289 356 ⁷5

90 450 182 559 αὐτῷ
211 452 275 563 (ab
303 450 348 549 ἧι·
384 458 426 537 οῦ
452 455 576 556 μόνον,
596 459 702 562 φησὶ,
720 455 763 536 δι’
783 458 894 538 αὐτοῦ
921 457 968 537 τὰ
993 456 1114 538 πάντα
1141 458 1290 560 ἐγένετο,

88 575 190 656 ἀλλὰ
227 582 286 658 καὶ
322 578 387 659 ε’ίτι
423 578 567 683 γέγονεν,
601 575 634 673 ἦν
672 582 702 662 ἓν
739 586 830 690 αὐτῷ
865 581 887 680 ἦ
926 579 1001 690 ζωῆ,
1035 581 1232 680 τουτέστιν,
1268 583 1291 661 ό

86 699 283 801 μονογενὴς
309 711 374 783 τοῦ
400 708 496 784 Θεοῦ
520 703 651 806 Λόγος,
674 705 697 804 ἡ
724 702 871 790 πάντων
892 702 985 809 ἀρχὴ
1010 707 1069 784 καὶ
1095 704 1289 804 σόστασις,

87 822 229 924 ὁρατῶν
245 859 284 905 τε
304 829 363 907 καὶ
380 826 555 932 ἀοράτων,
574 829 802 932 ἐπουρανίων,
821 831 881 908 καὶ
898 829 1072 931 ἐπιγείων,
1091 831 1149 909 καὶ
1174 862 1299 914 κατα·.

54 946 254 1050 ὄχθονίων.
304 948 411 1035 αὐτὸς
434 949 504 1055 γὰρ
530 951 701 1058 ὑπάρχων
723 953 745 1052 ἡ
771 950 864 1031 κατὰ
888 950 1003 1059 φῦσιν
1027 948 1109 1054 (af,
1132 950 1173 1032 τὸ
1201 950 1290 1034 εἶναι

88 1071 147 1149 καὶ
174 1068 323 1173 ζῆνκαὶ
351 1080 526 1155 κινεῖσθαι
553 1072 794 1178 πολυτρόπως
821 1081 894 1160 τοῖς
922 1074 1005 1154 οὖσι
1033 1075 1222 1179 χαρίζεται,
1246 1078 1319 1156 οῦν
1358 1089 1457 1147 5οὼ

88 1193 180 1274 κατὰ
197 1196 376 1301 μερισμόν
394 1233 475 1279 τινα
496 1201 556 1278 καὶ
579 1199 780 1278 ἀλλοίωσιν
798 1203 848 1282 είς
866 1198 1004 1277 ἕκαστα
1022 1204 1095 1278 τῶν
1112 1203 1158 1305 τῇ
1177 1198 1289 1306 φόσει

87 1317 327 1419 διεστηκότων
355 1328 494 1427 χωρῶν·
529 1323 614 1401 ἀλλ’
647 1323 670 1422 ἡ
701 1319 767 1421 μέν
795 1320 922 1419 κτίσις,
951 1324 1000 1404 ῶς
1029 1320 1121 1423 πρὸς
1150 1320 1288 1423 ἑαυτὸν,

88 1441 217 1550 ἅφάτῳ
235 1443 380 1544 δυνάμει
398 1449 458 1526 καὶ
476 1446 592 1553 σοφίᾳ
614 1454 678 1526 τοῦ
697 1453 930 1548 Δημιουργοῦ
953 1444 1193 1526 ποικίλλεται·
1222 1446 1289 1546 μία

36 1563 126 1644 ῐοδέ
144 1565 166 1664 ἡ
184 1564 331 1648 πάντων
349 1567 419 1671 ζωὴ
437 1579 609 1673 χωροῦσα
627 1569 718 1673 πρὸς
736 1569 900 1668 ἕκαστον,
915 1571 963 1654 ῶς
983 1566 1027 1648 ἂν
1045 1571 1141 1678 αὐτῷ
1158 1568 1288 1676 πρέπῃ,

89 1690 147 1767 καὶ
174 1689 319 1791 δυνήται
344 1699 550 1797 μετασχεῖν.
591 1690 710 1793 ἐπειδὴ
734 1691 771 1773 δὲ
790 1690 831 1773 τό
850 1695 889 1773 ἐκ
907 1701 971 1773 τοῦ
989 1691 1039 1792 μὴ
1058 1692 1161 1778 ὄντος
1178 1699 1227 1778 είς
1245 1692 1288 1776 τὸ

88 1808 175 1892 εἶναι
192 1815 409 1921 παρενεχθὲν
427 1815 566 1919 ἀνάγκη
585 1818 644 1896 καὶ
662 1817 887 1924 φθείρεσθαι,
908 1818 967 1896 καὶ
991 1813 1034 1896 τὸ
1060 1814 1175 1922 ἀρχὴν
1193 1815 1288 1904 όλως

87 1932 170 2039 ἕχον
191 1943 241 2022 είς
264 1938 369 2024 τέλος
389 1941 577 2042 ἐπείγεται·
612 1939 704 2045 μόνη
732 1939 804 2044 γὰρ
832 1946 877 2044 τῇ
905 1941 983 2046 θείᾳ
1010 1942 1069 2019 καὶ
1095 1939 1141 2019 τὰ
1169 1938 1321 2024 πόνταο

89 2060 316 2169 ὑπερκειμένη
344 2062 463 2168 φύσει,
491 2061 533 2143 τό
561 2061 649 2162 μήτε
681 2061 753 2143 ἀπὸ
786 2064 899 2168 ἀρχῆς
931 2061 1066 2167 ἦρχθαί
1095 2097 1200 2161 τινος,
1229 2066 1288 2143 καὶ

34 2212 73 2273 15
88 2184 329 2286 ἀτελευτήτως
361 2184 448 2266 εἶναι
479 2187 617 2291 πρέπει·
660 2183 847 2292 σοφίζεται
877 2183 1012 2291 τρόπον
1041 2184 1123 2266 τινὰ
1154 2184 1221 2286 τὴν
1249 2189 1288 2267 ἐν

87 2315 162 2392 τοῖς
189 2310 436 2410 πεποιημένοις
468 2309 697 2391 ἀσθένειανὸ
726 2309 964 2413 Δημιουργὸς,
993 2313 1051 2390 καὶ
1082 2311 1290 2415 μηχανᾶταί

85 2465 165 2517 πως
182 2436 221 2513 ἐκ
247 2433 373 2540 τέχνης
398 2436 516 2519 αὐτοῖς
534 2431 576 2515 τό
595 2433 719 2516 ἀΐδιον.
760 2441 796 2515 αἱ
814 2433 886 2538 γὰρ
905 2439 953 2518 εἷς
970 2434 1126 2514 ἕκαστον
1143 2436 1195 2515 ἀεὶ
1213 2441 1286 2515 τῶν

87 2557 220 2655 ὁμοίων
256 2561 428 2663 διαδοχαὶ,
464 2561 523 2639 καὶ
557 2564 629 2638 τῶν
667 2560 848 2660 ὁμογενῶν
886 2555 908 2659 ἢ
950 2560 1122 2658 ὁμοειδῶν
1159 2563 1196 2638 αἱ
1236 2564 1285 2644 εἷς

87 2679 236 2780 ἄλληλα
252 2681 472 2781 μεταβάσεις
490 2684 642 2786 φυσικαὶ
659 2682 749 2786 πρὸς
767 2680 830 2762 τὸν
848 2681 979 2788 ἐφεξῆς
1001 2685 1055 2762 ἀεὶ
1077 2680 1285 2779 βλέπουσαι

35 2839 75 2879 20
87 2801 231 2906 δρόμον,
249 2809 401 2911 ἁειφανῆ
428 2803 494 2902 μὲν
516 2803 582 2904 τὴν
604 2806 723 2884 κτίσιν
744 2803 961 2908 ἐργάζονται,
984 2805 1224 2886 όεισόστατον
1245 2803 1285 2885 δὲ

87 2931 138 3035 τῷ
164 2927 371 3028 πεποιηκότι
398 2935 550 3031 τηροῦσι
577 2929 672 3035 Θεῷ.
720 2931 778 3007 καὶ
805 2935 911 3007 τοῦτο
938 2927 1009 3033 ἄρα
1035 2930 1115 3007 ἐστὶ
1142 2926 1184 3008 τό
1211 2934 1314 3012 τῶνα

87 3052 201 3136 ὅντων
227 3055 382 3135 ἕκαστον
408 3057 446 3135 ε’ν
474 3057 587 3161 ἑαυτῷ
613 3054 773 3156 σπείρειν
800 3051 949 3155 σπέρμα
976 3050 1068 3132 κατὰ
1096 3052 1197 3154 γένος
1224 3055 1284 3132 καὶ

86 3179 169 3261 καθ’
195 3179 377 3277 ὁμοίωσιν,
399 3177 491 3258 κατὰ
518 3176 584 3277 τὴν
608 3176 751 3282 ἄφατον
776 3184 840 3256 τοῦ
867 3179 1165 3278 δημιουργοῦντας
1193 3174 1283 3255 ἀπό-

87 3306 214 3407 φασιν.
273 3297 306 3395 ἦν
343 3301 406 3382 οῦν
444 3303 473 3382 ἐν
509 3298 648 3381 ἅπασιν
686 3300 708 3400 ἡ
746 3297 821 3410 ζωὴ,
857 3308 964 3380 τοῦτο
1001 3296 1073 3402 γὰρ
1110 3295 1152 3378 τό
1187 3332 1279 3401 προ-

33 3450 73 3511 25
86 3425 254 3521 κείμενον.

140 3549 248 3628 Ἀλλ’
267 3545 297 3627 ῶ
320 3547 505 3643 βέλτιστε·
543 3546 656 3628 πόλιν
681 3549 753 3651 ε’ρεῖ
775 3581 830 3631 τις
856 3545 1014 3648 εῦλόγως
1036 3543 1128 3648 πρὸς
1152 3542 1284 3652 τὸντῇ

86 3674 235 3780 ἀληθείᾳ
252 3671 456 3777 μαχόμενον
474 3668 663 3774 αἱρετικόν·
693 3672 730 3751 τί
752 3673 810 3751 καὶ
835 3668 927 3773 πρὸς
950 3676 1057 3749 τοῦτο
1078 3669 1176 3770 ε’ρεῖς,
1196 3666 1283 3747 όταν

86 3795 243 3903 ἀκούσῃς
279 3805 343 3876 τοῦ
378 3794 676 3903 πνευματοφόρου
712 3794 893 3898 λέγοντος,
932 3797 981 3878 ὡς
1017 3794 1047 3873 ἓν
1079 3798 1173 3871 πᾶσι
1209 3797 1283 3876 τοῖς

84 3919 329 4021 γεγενημένοις
356 3914 389 4013 ἦν
411 3920 433 4018 ἡ
459 3916 534 4028 ζωῆ,
560 3919 755 4016 τουτέστιν,
781 3919 802 3997 ό
828 3915 949 4018 Λόγος
976 3916 997 3994 ό
1025 3913 1076 3993 ῶν
1099 3915 1137 3992 ε’ν
1160 3915 1278 4018 ἀρχῇς
1354 3970 1356 3977 -

29 4073 72 4131 30
85 4039 156 4146 ἆρα
181 4046 239 4124 καὶ
267 4051 330 4124 νῦν
349 4040 617 4142 ἀποτολμήσεις
643 4047 761 4138 εἰπεῖν,
781 4044 829 4123 ὡς
855 4041 920 4120 οῦκ
944 4038 1045 4118 ἔστιν
1062 4038 1102 4116 ἐκ
1128 4040 1192 4136 τῆς
1216 4044 1281 4116 τοῦ

123 4229 147 4271 1.
165 4216 197 4269 τὰ
208 4213 290 4269 πάντα
302 4212 335 4267 δι’
347 4213 426 4268 αὐτοῦ
438 4212 493 4267 inv·
505 4211 563 4267 ord.
576 4210 610 4267 Β.
740 4211 766 4266 8.
785 4209 931 4265 διεστώτων
943 4207 967 4262 I.
980 4206 1062 4263 Cord.
1110 4211 1197 4278 χορῶν
1209 4206 1282 4265 Ῑ).Ε.

84 4285 176 4353 ἑαυτὴν
189 4284 294 4339 Β.Ι).Ε.
308 4283 359 4338 Ed.
372 4301 427 4354 mg.
441 4284 532 4338 ἑαυτὸν
545 4281 597 4337 Ed.
766 4297 793 4351 9.
811 4279 915 4349 δυνάμει
927 4279 969 4333 καὶ
981 4278 1065 4349 σοφίᾳ
1078 4276 1129 4332 hoc
1140 4276 1234 4332 ordine
1246 4277 1282 4335 B.

87 4397 129 4451 13.
149 4380 189 4433 καὶ
202 4380 233 4434 τὰ
246 4379 279 4434 Β.
292 4380 355 4434 κατὰ
367 4378 420 4433 Ed.
494 4394 539 4465 143
553 4375 630 4448 ἦχθαι
644 4376 677 4431 Β.
752 4389 793 4443 15.
809 4360 977 4443 ἅτελεῦτητῦς
989 4372 1024 4465 Β.
1098 4389 1139 4443 19.
1155 4370 1280 4498 φυσιεαὲ]

83 4451 166 4520 φύσει
178 4451 221 4503 καὶ
234 4449 266 4504 Β.
277 4472 322 4521 γρ.
335 4451 376 4519 (=
390 4448 489 4521 γράφε)
501 4450 586 4520 φυσιν
596 4449 637 4501 καὶ
652 4447 676 4501 D
689 4464 745 4516 mg.
871 4460 914 4499 τε.
932 4465 1050 4514 σπειρειν
1062 4443 1094 4500 Β.
1107 4443 1251 4514 σπειρονΕ
1273 4480 1280 4496 .

85 4538 128 4592 ²³·
147 4523 282 4591 ὁμοιότητα
297 4520 329 4577 Β.
472 4518 516 4577 τό.
533 4519 647 4589 εὐλόγως
659 4517 769 4571 accessit
780 4533 813 4571 ex
826 4515 884 4570 B.l.
899 4515 981 4571 Cord.

656 4617 710 4667 122
