3038 5018
90 291 111 357 i.
124 315 177 382 32,
191 319 242 385 33.
284 299 342 364 IN
372 301 405 367 s,
430 299 685 366 JoANNEM.
731 298 826 364 Lm.
850 298 898 364 11.
944 297 1046 364 cAP.
1070 299 1100 362 1.
1225 297 1288 363 189

136 463 198 508 τις
282 469 299 487 a
514 464 588 494 tn

89 492 148 539 και
211 496 351 561 πνενμα
385 469 563 549 νὶοθεσιας
618 464 772 566 λέγεται,
801 463 860 542 καὶ
887 463 926 542 ἐν
953 463 1050 569 αὐτῷ
1078 471 1101 510 “
1113 457 1287 563 κράζομεν
1334 461 1461 591 ξξωγίῂ·

90 594 112 629 “
128 583 254 677 Ἀββά
279 588 299 666 ὁ
324 586 474 690 πατήρ,”
495 591 553 667 καὶ
575 589 623 671 ὡς
647 589 667 667 ὁ
692 585 865 688 μακάριός
887 621 958 667 πον
985 587 1102 691 φησὶν
1118 582 1287 682 Ἰωάννης

90 718 111 753 “
129 709 197 788 Ἐκ
228 709 356 790 τοῦτου
388 709 628 811 γινώσκομεν,
660 709 715 790 ὅτι
746 712 783 789 ἐν
812 711 897 811 ἡμῖν
927 712 1040 802 ε’στιν,
1068 707 1123 789 ὅτι
1154 709 1194 787 ἐκ
1222 715 1288 797 τοῦ
1334 704 1459 832 {vsffgffl

91 842 112 878 “
133 830 343 930 Πνεῦματος
362 836 470 914 αὐτοῦ
489 834 618 913 ἔδωκεν
636 831 754 933 ἡμῖν.”

59 983 77 1043 5
149 953 261 1052 Οἶμαι
289 955 354 1053 μὲν
381 958 444 1037 οῦν
469 956 675 1062 ἐξαρκέσειν
700 958 758 1035 καὶ
785 963 898 1035 ταῦτα
925 953 1017 1058 πρὸς
1044 953 1085 1035 τὸ
1113 955 1321 1035 δάνασθαιθ

85 1070 137 1155 ’τά
162 1082 225 1176 τῆς
243 1077 465 1180 Ἐκκλησίας
491 1078 596 1159 τέκνα
619 1078 666 1159 τὰ
689 1085 763 1160 τῶν
785 1079 1084 1191 ἑτεροδοξούντιον
1107 1078 1286 1183 ἀποκροῦ-

90 1207 230 1281 σασθαι
249 1202 389 1303 βλάβη·
426 1209 455 1284 εἰ
481 1202 524 1282 δέ
544 1237 599 1288 τις
623 1202 767 1312 άκράτερ
785 1207 848 1302 τῆς
867 1202 1021 1301 ἀμαθίας
1046 1200 1291 1298 βεβάπτισται

90 1324 191 1429 με’θῃ,
209 1325 288 1405 τότε
307 1328 345 1406 δὲ
362 1334 507 1429 πρῶτον
525 1324 567 1406 τὸ
588 1332 737 1425 Πνεῦμα
755 1333 882 1421 λαβεῖν
900 1325 1009 1405 οἰέται
1030 1325 1093 1405 τὸν
1112 1324 1212 1422 Υὶῦν,
1232 1324 1290 1405 ὅτε

90 1447 238 1548 γε’γονεν
268 1450 467 1554 ἅνθρωπος·
514 1449 752 1531 ἀποδεικνότω
782 1447 854 1552 πρὸ
886 1453 950 1548 τῆς
987 1449 1290 1553 ε’νανθρωπήσεως

45 1609 78 1649 ιο
91 1567 195 1673 άγιον
212 1574 276 1652 οῦκ
295 1571 382 1654 ὅντα
400 1570 465 1653 τὸν
480 1582 545 1653 τοῦ
563 1579 660 1654 Θεοῦ
675 1571 809 1675 Λόγον,
822 1576 880 1652 καὶ
899 1572 998 1672 ἡμεῖς
1015 1572 1264 1672 σιωπήσομεν.

142 1693 423 1796 Ἀποθαομάσαι
441 1699 475 1775 δ’
497 1696 541 1776 ἄν
556 1731 609 1782 τις
629 1700 687 1776 καὶ
706 1697 790 1776 λίαν
808 1695 949 1781 εἰκότως
968 1694 1032 1777 τὸν
1050 1694 1154 1798 ἅγιον
1167 1696 1290 1797 Εῦαγ-

90 1818 265 1919 γελιστὴν
284 1818 330 1899 τά
351 1827 396 1925 τῇ
415 1820 492 1928 θείᾳ
515 1820 699 1923 πρέποντα
718 1819 828 1927 φύσει
846 1817 938 1920 μετὰ
955 1823 1098 1919 πολλῆς
1114 1852 1209 1904 τινος
1226 1825 1292 1919 τῆς

90 1943 330 2046 ἐπιτηρὴσεως
366 1948 533 2048 πανταχῆ
571 1943 803 2047 διασώζοντα.
855 1941 974 2044 ἐπειδὴ
1011 1940 1082 2047 γάρ
1114 1943 1185 2051 ἔφη
1217 1942 1289 2048 πρὸ

90 2065 226 2145 τούτων
244 2066 298 2147 ὅτι
318 2078 340 2115 “
354 2068 449 2147 Θεὸν
467 2070 578 2152 οὐδεὶς
597 2067 728 2168 ἑώρακε
747 2066 922 2165 πώποτε,”
943 2072 1134 2147 τεθεᾶσθαι
1153 2067 1189 2148 δὲ
1213 2071 1288 2149 νυνὶ
1334 2071 1434 2185 ξξξῗε

45 2219 77 2279 [5
91 2187 133 2268 τὸ
162 2189 312 2288 Πνεῦμά
339 2197 433 2299 φησι
460 2190 524 2271 τὸν
551 2190 726 2293 μακάριον
751 2189 969 2289 βαπτιστὴν,
997 2195 1205 2286 καταβαῖνον
1231 2193 1319 2273 ἐπὶν
1345 2209 1404 2266 127
1417 2209 1458 2262 A

91 2311 155 2390 τὸν
173 2313 264 2395 Υἱὸν
281 2316 316 2422 ἐξ
340 2317 474 2422 οὐρανοῦ,
492 2315 736 2418 προστίθησιν
755 2311 1048 2415 άναγκαίωςὍτι
1066 2313 1227 2421 τεθέαμαι
1249 2316 1286 2397 τὶ

92 2439 242 2543 Πνεῦμα,
263 2437 362 2538 πλὴν
384 2442 422 2519 ἐν
447 2439 527 2519 εἴδει
555 2443 761 2545 περιστερᾶς,
781 2439 844 2516 οῦκ
873 2437 959 2517 αῦτὸ
988 2437 1026 2518 δὲ
1053 2437 1145 2518 κατὰ
1173 2441 1289 2550 φύσιν

92 2558 181 2664 ὅπερ
204 2560 353 2668 ὑπάρχει
375 2562 523 2665 γυμνὸν,
541 2564 626 2642 ἀλλ’
646 2564 685 2642 ἐν
702 2566 753 2669 τῷ
771 2560 963 2670 πραοτάτῳ
981 2559 1289 2666 σχηματιῷμενον

92 2681 181 2793 ζῴῳ·
224 2687 282 2764 ἵνα
314 2687 483 2791 φαίνηται
512 2684 626 2766 πάλιν
659 2688 718 2766 καὶ
752 2684 811 2765 διὰ
843 2684 971 2765 τοῦτον
1003 2684 1198 2785 οἰκειότητα
1229 2689 1288 2767 καὶ

45 2844 78 2884 ιο
92 2810 264 2906 ὁμοίωσιν
299 2810 474 2913 διασῶζον
507 2809 665 2915 φυσικὴν
697 2808 787 2912 πρὸς
824 2809 888 2889 τὸν
915 2809 1005 2889 Υὶὸν
1036 2808 1100 2889 τὸν
1132 2812 1288 2910 λέγοντα

91 2943 113 2980 “
134 2933 279 3013 Μάθετε
299 2935 359 3014 ἀπ’
379 2935 476 3031 ἐμοῦ,
497 2933 552 3013 ὅτι
569 2931 683 3040 πρᾷός
702 2940 772 3027 εἰμι
789 2936 846 3013 καὶ
865 2931 1029 3017 ταπεινὸς
1054 2936 1100 3037 τῇ
1125 2933 1285 3040 καρδίᾳ.”
1331 2931 1453 3064 2⁵22&

92 3056 218 3135 οῦκοῦν
250 3058 314 3137 οῦκ
350 3061 584 3138 άποπεσεῖται
619 3066 682 3137 τοῦ
719 3052 806 3134 εἶναι
840 3055 931 3141 Θεὸς
968 3053 1059 3135 κατὰ
1097 3054 1212 3163 φύσιν
1244 3054 1286 3137 τὸ

92 3184 251 3277 Πνεῦμα·
292 3179 481 3285 τετήρηται
512 3179 584 3285 γάρ
617 3181 712 3287 αὐτῷ
745 3178 786 3260 τὸ
818 3178 869 3279 μὴ
900 3184 1090 3260 τεθεᾶσθαι
1122 3179 1320 3278 πώποτε,1)

89 3301 189 3401 πλὴν
211 3301 301 3383 ὅσον
324 3306 436 3412 ἐντῷ
462 3308 526 3403 τῆς
554 3310 744 3413 περιστερᾶς
771 3309 1028 3411 σχηματισμῷ,
1048 3300 1106 3383 διὰ
1133 3301 1200 3402 τὴν
1221 3312 1286 3386 τοῦ

45 3458 77 3518 25
90 3423 332 3524 μανθάνοντος
356 3429 488 3532 χρείαν.
535 3431 582 3512 ὡς
609 3424 680 3531 γὰρ
708 3429 746 3506 ἐν
772 3427 923 3527 σημείου
950 3430 1009 3506 καὶ
1036 3428 1289 3531 γνωρίσματος

90 3549 190 3656 τάξει
222 3549 392 3632 δεδόσθαι
425 3554 539 3655 φησὶν
566 3554 680 3658 ἑαυτῷ
707 3546 774 3648 τὴν
800 3559 865 3631 τοῦ
893 3552 1101 3650 Πνεῦματος
1134 3551 1289 3631 κάθοδον

90 3674 111 3751 ὁ
138 3671 309 3777 μακάριος
336 3673 553 3774 βαπτιστὴς,
573 3680 650 3757 ταῖς
676 3676 757 3775 περὶ
785 3683 849 3754 τοῦ
875 3681 1053 3803 Σωτῆρος.
1069 3676 1170 3774 ἡμῶν
1194 3709 1288 3777 μαρ-

90 3796 223 3898 τυρίαις
239 3797 437 3899 ἐπενεγκὼν
455 3798 509 3876 ὅτι
528 3807 542 3878 ὁ
561 3791 718 3902 πέμψας
738 3833 784 3902 με
802 3799 982 3906 βαπτίζειν
1000 3803 1029 3880 ἐν
1048 3793 1155 3894 θθατι,
1172 3800 1288 3884 ἐκεῖνός

90 3955 149 4024 μοι
176 3917 265 4000 εἶπεν
282 3925 359 4027 Ἐφ’
379 3925 411 4002 ιὃν
433 3920 474 4002 ἂν
494 3917 563 4014 ἴθης
589 3923 625 4000 τῦ
647 3924 785 4026 Πνεῦμα
812 3924 1021 4015 καταβαῖνον
1040 3931 1098 4003 καὶ
1123 3921 1214 4024 μένιν
1232 3921 1285 4002 ἐπ’

70 4041 436 4074 ·ικτνν«
567 4040 1285 4079 νιιιιςςρκε

45 4075 78 4134 30
92 4076 198 4140 αυτον,
213 4079 302 4129 ουτος
320 4078 405 4124 εστιν
422 4083 437 4125 ο
456 4044 636 4152 βαπτιζαν
654 4078 684 4124 εν
701 4061 871 4150 Πνενματι
899 4058 1009 4150 Αγιιρ.
1042 4052 1087 4149 εφ
1117 4081 1146 4154 (ρ
1165 4049 1209 4144 δη
1228 4079 1287 4124 και

126 4248 152 4302 6.
165 4249 196 4301 τὰ
208 4247 283 4317 prius
296 4254 358 4317 post
369 4245 507 4315 ἐκκλησίας
519 4246 669 4314 transponit
683 4244 715 4298 B.
776 4264 817 4312 14.
831 4245 924 4299 τούτου
939 4245 971 4304 Β,
1008 4245 1036 4298 δι’
1050 4262 1103 4299 om.
1119 4245 1150 4299 Β.
1187 4248 1240 4302 νυνὶ
1255 4247 1287 4303 Β.

91 4322 135 4373 νῦν
149 4318 199 4373 Ed¹
292 4317 333 4372 16.
351 4317 469 4385 τεθέαμαι
481 4317 511 4369 τὸ
524 4319 628 4382 Πνεῦμα
641 4315 672 4369 Β.
687 4316 807 4379 θεάσοιτο
818 4317 866 4386 μὲν
880 4316 930 4370 Ed.
1018 4331 1059 4386 17.
1079 4316 1288 4387 &assumptum

91 4406 123 4443 ex
137 4388 170 4441 B.
251 4405 292 4459 19.
312 4386 540 4443 τούτωνα.()οτᾶ.
612 4402 654 4452 24.
673 4384 752 4457 ὅσον]
769 4395 797 4450 -Ι-
812 4389 842 4440 τὸ
855 4386 888 4440 B.
901 4385 991 4441 invitis
1004 4386 1112 4441 catenis.
1184 4402 1227 4452 25.
1247 4390 1288 4442 καὶ

89 4476 140 4547 Pro
152 4460 186 4513 ὡς
198 4467 313 4514 catenae.
416 4458 458 4512 26.
477 4457 607 4528 δεδεῖχθαι
620 4464 668 4526 pro
680 4457 803 4522 δεδόσθαι
816 4467 932 4513 catenae.
1035 4474 1078 4528 30.
1097 4454 1138 4528 ι’ν]
1156 4463 1184 4519 ÷
1199 4460 1235 4530 τῷ
1250 4457 1288 4514 Ι).

98 4526 182 4601 Λγίφ]
197 4532 232 4600 τῴ
244 4528 323 4601 Ἀγίῳ
337 4528 387 4582 Ed.
401 4528 484 4582 invito
497 4528 530 4582 B.
580 4529 620 4582 καὶ
633 4544 687 4581 om.
701 4527 734 4583 B.
