<?xml version="1.0" encoding="UTF-8"?>
<!DOCTYPE html PUBLIC "-//W3C//DTD XHTML 1.0 Transitional//EN"
    "http://www.w3.org/TR/xhtml1/DTD/xhtml1-transitional.dtd">
<html xmlns="http://www.w3.org/1999/xhtml" xml:lang="en" lang="en">
 <head>
  <title>
</title>
<meta http-equiv="Content-Type" content="text/html;charset=utf-8" />
  <meta name='ocr-system' content='tesseract 3.04.00' />
  <meta name='ocr-capabilities' content='ocr_page ocr_carea ocr_par ocr_line ocrx_word'/>
</head>
<body>
  <div class='ocr_page' id='page_1' title='image "./sanctipatrisnos00pusegoog_0077.png"; bbox 0 0 3038 5018; ppageno 0'>
   <div class='ocr_carea' id='block_1_1' title="bbox 221 225 1419 298">
    <p class='ocr_par' dir='ltr' id='par_1_1' title="bbox 221 225 1419 298">
     <span class='ocr_line' id='line_1_1' title="bbox 221 225 1419 298; baseline -0.001 -6"><span class='ocrx_word' id='word_1_1' title='bbox 221 225 265 292; x_wconf 75' lang='lat'>64</span> <span class='ocrx_word' id='word_1_2' title='bbox 399 273 404 281; x_wconf 85' lang='lat'><em>·</em></span> <span class='ocrx_word' id='word_1_3' title='bbox 525 230 565 296; x_wconf 84' lang='lat' dir='ltr'>B.</span> <span class='ocrx_word' id='word_1_4' title='bbox 587 228 798 297; x_wconf 80' lang='lat' dir='ltr'>CYRILLI</span> <span class='ocrx_word' id='word_1_5' title='bbox 828 229 1115 298; x_wconf 82' lang='lat' dir='ltr'><strong>ALEXANDR.</strong></span> <span class='ocrx_word' id='word_1_6' title='bbox 1347 230 1374 295; x_wconf 72' lang='grc' dir='ltr'>ἱ.</span> <span class='ocrx_word' id='word_1_7' title='bbox 1390 249 1419 297; x_wconf 82' lang='grc' dir='ltr'>α.</span> 
     </span>
    </p>
   </div>
   <div class='ocr_carea' id='block_1_2' title="bbox 56 392 1467 2681">
    <p class='ocr_par' dir='ltr' id='par_1_2' title="bbox 56 392 1467 2681">
     <span class='ocr_line' id='line_1_2' title="bbox 221 392 1421 504; baseline 0.002 -31"><span class='ocrx_word' id='word_1_8' title='bbox 221 393 348 474; x_wconf 88' lang='grc' dir='ltr'>οῦκοῦν</span> <span class='ocrx_word' id='word_1_9' title='bbox 369 392 520 476; x_wconf 76' lang='grc' dir='ltr'>λέλυται</span> <span class='ocrx_word' id='word_1_10' title='bbox 543 393 586 475; x_wconf 85' lang='grc' dir='ltr'>τό</span> <span class='ocrx_word' id='word_1_11' title='bbox 611 395 834 499; x_wconf 77' lang='grc' dir='ltr'>ζητούμενον.</span> <span class='ocrx_word' id='word_1_12' title='bbox 871 395 949 482; x_wconf 77' lang='grc' dir='ltr'>πῶς</span> <span class='ocrx_word' id='word_1_13' title='bbox 976 394 1047 501; x_wconf 75' lang='grc' dir='ltr'>γὰρ</span> <span class='ocrx_word' id='word_1_14' title='bbox 1075 398 1095 478; x_wconf 86' lang='grc' dir='ltr'><em>ὃ</em></span> <span class='ocrx_word' id='word_1_15' title='bbox 1123 395 1172 482; x_wconf 82' lang='grc' dir='ltr'>εἷς</span> <span class='ocrx_word' id='word_1_16' title='bbox 1196 395 1332 504; x_wconf 72' lang='grc' dir='ltr'>διδάξει</span> <span class='ocrx_word' id='word_1_17' title='bbox 1355 394 1421 475; x_wconf 89' lang='grc' dir='ltr'>τδν</span> 
     </span>
     <span class='ocr_line' id='line_1_3' title="bbox 222 513 1421 627; baseline 0.003 -31"><span class='ocrx_word' id='word_1_18' title='bbox 222 513 353 621; x_wconf 70' lang='grc' dir='ltr'>ἕτερον,</span> <span class='ocrx_word' id='word_1_19' title='bbox 385 522 434 604; x_wconf 87' lang='grc' dir='ltr'>ὡς</span> <span class='ocrx_word' id='word_1_20' title='bbox 467 517 567 604; x_wconf 78' lang='grc' dir='ltr'>εἰδὼς</span> <span class='ocrx_word' id='word_1_21' title='bbox 597 516 648 618; x_wconf 78' lang='grc' dir='ltr'>μὴ</span> <span class='ocrx_word' id='word_1_22' title='bbox 679 519 916 622; x_wconf 76' lang='grc' dir='ltr'>γινώσκοντα,</span> <span class='ocrx_word' id='word_1_23' title='bbox 946 519 1042 625; x_wconf 86' lang='grc' dir='ltr'>ε’ίπερ</span> <span class='ocrx_word' id='word_1_24' title='bbox 1074 520 1148 601; x_wconf 79' lang='grc' dir='ltr'>ἴσοι</span> <span class='ocrx_word' id='word_1_25' title='bbox 1181 519 1273 601; x_wconf 81' lang='grc' dir='ltr'>κατὰ</span> <span class='ocrx_word' id='word_1_26' title='bbox 1306 518 1421 627; x_wconf 81' lang='grc' dir='ltr'>φύσιν</span> 
     </span>
     <span class='ocr_line' id='line_1_4' title="bbox 56 640 1421 750; baseline 0.001 -31"><span class='ocrx_word' id='word_1_27' title='bbox 56 656 152 714; x_wconf 68' lang='lat' dir='ltr'>m.</span> <span class='ocrx_word' id='word_1_28' title='bbox 193 643 316 720; x_wconf 76' lang='grc' dir='ltr'>οείσὶν</span> <span class='ocrx_word' id='word_1_29' title='bbox 347 641 543 750; x_wconf 81' lang='grc' dir='ltr'>ἀμφότεροι</span> <span class='ocrx_word' id='word_1_30' title='bbox 555 675 567 741; x_wconf 86' lang='grc'><strong>;</strong></span> <span class='ocrx_word' id='word_1_31' title='bbox 610 640 837 748; x_wconf 82' lang='grc' dir='ltr'>πανταχόθεν</span> <span class='ocrx_word' id='word_1_32' title='bbox 869 650 1060 746; x_wconf 80' lang='grc' dir='ltr'>τοιγαροῦν</span> <span class='ocrx_word' id='word_1_33' title='bbox 1089 645 1326 729; x_wconf 72' lang='grc' dir='ltr'>ἀσθενοῦντος</span> <span class='ocrx_word' id='word_1_34' title='bbox 1357 650 1421 723; x_wconf 91' lang='grc' dir='ltr'>τοῦ</span> 
     </span>
     <span class='ocr_line' id='line_1_5' title="bbox 224 764 1422 869; baseline 0.001 -25"><span class='ocrx_word' id='word_1_35' title='bbox 224 764 309 869; x_wconf 88' lang='grc' dir='ltr'>παρ’</span> <span class='ocrx_word' id='word_1_36' title='bbox 338 766 479 851; x_wconf 86' lang='grc' dir='ltr'>ἐκείνοις</span> <span class='ocrx_word' id='word_1_37' title='bbox 506 765 629 869; x_wconf 86' lang='grc' dir='ltr'>λόγον,</span> <span class='ocrx_word' id='word_1_38' title='bbox 656 764 841 869; x_wconf 78' lang='grc' dir='ltr'>παρέλκον</span> <span class='ocrx_word' id='word_1_39' title='bbox 865 765 910 847; x_wconf 81' lang='grc' dir='ltr'>ἂν</span> <span class='ocrx_word' id='word_1_40' title='bbox 935 766 988 866; x_wconf 82' lang='grc' dir='ltr'>ε’ίη</span> <span class='ocrx_word' id='word_1_41' title='bbox 1017 765 1148 847; x_wconf 84' lang='grc' dir='ltr'>λοιπόν</span> <span class='ocrx_word' id='word_1_42' title='bbox 1171 768 1422 867; x_wconf 85' lang='grc' dir='ltr'>μεσιτεύεσθαι</span> 
     </span>
     <span class='ocr_line' id='line_1_6' title="bbox 224 887 1453 996; baseline 0.005 -27"><span class='ocrx_word' id='word_1_43' title='bbox 224 887 325 993; x_wconf 76' lang='grc' dir='ltr'>παρά</span> <span class='ocrx_word' id='word_1_44' title='bbox 347 924 442 974; x_wconf 88' lang='grc' dir='ltr'>τινος</span> <span class='ocrx_word' id='word_1_45' title='bbox 466 892 628 972; x_wconf 76' lang='grc' dir='ltr'>ὑπονοεῖν</span> <span class='ocrx_word' id='word_1_46' title='bbox 645 887 710 971; x_wconf 86' lang='grc' dir='ltr'>τόν</span> <span class='ocrx_word' id='word_1_47' title='bbox 728 887 830 989; x_wconf 78' lang='grc' dir='ltr'>Υἰδν,</span> <span class='ocrx_word' id='word_1_48' title='bbox 850 893 908 971; x_wconf 78' lang='grc' dir='ltr'>καὶ</span> <span class='ocrx_word' id='word_1_49' title='bbox 935 891 1014 996; x_wconf 75' lang='grc' dir='ltr'>οὐχὶ</span> <span class='ocrx_word' id='word_1_50' title='bbox 1040 897 1187 990; x_wconf 78' lang='grc' dir='ltr'>μᾶλλον</span> <span class='ocrx_word' id='word_1_51' title='bbox 1204 889 1314 971; x_wconf 80' lang='grc' dir='ltr'>αὐτόν</span> <span class='ocrx_word' id='word_1_52' title='bbox 1334 887 1453 975; x_wconf 80' lang='grc' dir='ltr'>εἷναι5</span> 
     </span>
     <span class='ocr_line' id='line_1_7' title="bbox 224 1010 1358 1122; baseline 0.002 -30"><span class='ocrx_word' id='word_1_53' title='bbox 224 1012 404 1094; x_wconf 81' lang='grc' dir='ltr'>πιστεύειν</span> <span class='ocrx_word' id='word_1_54' title='bbox 421 1012 486 1094; x_wconf 88' lang='grc' dir='ltr'>τδν</span> <span class='ocrx_word' id='word_1_55' title='bbox 504 1017 542 1095; x_wconf 84' lang='grc' dir='ltr'>ἐν</span> <span class='ocrx_word' id='word_1_56' title='bbox 561 1019 644 1122; x_wconf 73' lang='grc' dir='ltr'>θεῷ</span> <span class='ocrx_word' id='word_1_57' title='bbox 663 1018 782 1118; x_wconf 82' lang='grc' dir='ltr'>Πατρὶ</span> <span class='ocrx_word' id='word_1_58' title='bbox 801 1012 899 1094; x_wconf 86' lang='grc' dir='ltr'>Θεδν</span> <span class='ocrx_word' id='word_1_59' title='bbox 917 1011 1054 1116; x_wconf 84' lang='grc' dir='ltr'>Λόγον,</span> <span class='ocrx_word' id='word_1_60' title='bbox 1077 1011 1116 1098; x_wconf 87' lang='grc' dir='ltr'>ῦς</span> <span class='ocrx_word' id='word_1_61' title='bbox 1133 1010 1178 1112; x_wconf 86' lang='grc' dir='ltr'>ἧν</span> <span class='ocrx_word' id='word_1_62' title='bbox 1196 1016 1234 1093; x_wconf 84' lang='grc' dir='ltr'>ἐν</span> <span class='ocrx_word' id='word_1_63' title='bbox 1252 1017 1358 1119; x_wconf 77' lang='grc' dir='ltr'>ἀρχῇ.</span> 
     </span>
     <span class='ocr_line' id='line_1_8' title="bbox 281 1134 1424 1246; baseline 0.008 -34"><span class='ocrx_word' id='word_1_64' title='bbox 281 1165 384 1214; x_wconf 68' lang='lat' dir='ltr'><em>Almo.</em></span> <span class='ocrx_word' id='word_1_65' title='bbox 417 1138 485 1217; x_wconf 90' lang='grc' dir='ltr'>Ἐν</span> <span class='ocrx_word' id='word_1_66' title='bbox 501 1142 579 1246; x_wconf 73' lang='grc' dir='ltr'>Υίῷ</span> <span class='ocrx_word' id='word_1_67' title='bbox 603 1143 719 1245; x_wconf 83' lang='grc' dir='ltr'>φησιν</span> <span class='ocrx_word' id='word_1_68' title='bbox 744 1139 764 1217; x_wconf 84' lang='grc' dir='ltr'><em>ὃ</em></span> <span class='ocrx_word' id='word_1_69' title='bbox 791 1134 963 1240; x_wconf 81' lang='grc' dir='ltr'>μακάριος</span> <span class='ocrx_word' id='word_1_70' title='bbox 990 1142 1138 1221; x_wconf 81' lang='grc' dir='ltr'>Παῦλος</span> <span class='ocrx_word' id='word_1_71' title='bbox 1166 1135 1250 1221; x_wconf 86' lang='grc' dir='ltr'>τοῦς</span> <span class='ocrx_word' id='word_1_72' title='bbox 1277 1137 1424 1237; x_wconf 81' lang='grc' dir='ltr'>ἁπάσης</span> 
     </span>
     <span class='ocr_line' id='line_1_9' title="bbox 58 1259 1421 1369; baseline -0.002 -26"><span class='ocrx_word' id='word_1_73' title='bbox 58 1279 180 1343; x_wconf 47' lang='grc' dir='ltr'>θοῐιῑῑιι·</span> <span class='ocrx_word' id='word_1_74' title='bbox 225 1259 361 1366; x_wconf 89' lang='grc' dir='ltr'>σοφίας</span> <span class='ocrx_word' id='word_1_75' title='bbox 385 1264 443 1342; x_wconf 81' lang='grc' dir='ltr'>καὶ</span> <span class='ocrx_word' id='word_1_76' title='bbox 467 1261 590 1362; x_wconf 77' lang='grc' dir='ltr'>πόσης</span> <span class='ocrx_word' id='word_1_77' title='bbox 614 1260 783 1364; x_wconf 85' lang='grc' dir='ltr'>γνώσεως</span> <span class='ocrx_word' id='word_1_78' title='bbox 803 1260 1071 1369; x_wconf 81' lang='grc' dir='ltr'>ἀποκεκρύφθαι</span> <span class='ocrx_word' id='word_1_79' title='bbox 1090 1260 1305 1364; x_wconf 82' lang='grc' dir='ltr'>θησαυρούς·</span> <span class='ocrx_word' id='word_1_80' title='bbox 1335 1264 1421 1340; x_wconf 82' lang='grc' dir='ltr'>ἀλλ’</span> 
     </span>
     <span class='ocr_line' id='line_1_10' title="bbox 225 1381 1421 1489; baseline 0 -25"><span class='ocrx_word' id='word_1_81' title='bbox 225 1383 322 1489; x_wconf 86' lang='grc' dir='ltr'>ε’ίπερ</span> <span class='ocrx_word' id='word_1_82' title='bbox 347 1388 424 1466; x_wconf 80' lang='grc' dir='ltr'>ἐστὶ</span> <span class='ocrx_word' id='word_1_83' title='bbox 451 1383 633 1487; x_wconf 79' lang='grc' dir='ltr'>λέγωντὰ</span> <span class='ocrx_word' id='word_1_84' title='bbox 656 1393 802 1465; x_wconf 88' lang='grc' dir='ltr'>τοιαῦτα</span> <span class='ocrx_word' id='word_1_85' title='bbox 826 1381 976 1483; x_wconf 79' lang='grc' dir='ltr'>ἀληθὴς,</span> <span class='ocrx_word' id='word_1_86' title='bbox 998 1389 1076 1467; x_wconf 84' lang='grc' dir='ltr'>πῶς</span> <span class='ocrx_word' id='word_1_87' title='bbox 1102 1381 1147 1464; x_wconf 86' lang='grc' dir='ltr'>διν</span> <span class='ocrx_word' id='word_1_88' title='bbox 1170 1385 1221 1465; x_wconf 77' lang='grc' dir='ltr'>ἔτι</span> <span class='ocrx_word' id='word_1_89' title='bbox 1248 1388 1312 1483; x_wconf 81' lang='grc' dir='ltr'>τῆς</span> <span class='ocrx_word' id='word_1_90' title='bbox 1338 1383 1421 1489; x_wconf 85' lang='grc' dir='ltr'>παρ’</span> 
     </span>
     <span class='ocr_line' id='line_1_11' title="bbox 225 1504 1467 1610; baseline -0.002 -24"><span class='ocrx_word' id='word_1_91' title='bbox 225 1504 343 1610; x_wconf 71' lang='grc' dir='ltr'>ε’τέρου</span> <span class='ocrx_word' id='word_1_92' title='bbox 362 1512 549 1607; x_wconf 73' lang='grc' dir='ltr'>δεδεῆσθαι</span> <span class='ocrx_word' id='word_1_93' title='bbox 571 1505 805 1591; x_wconf 77' lang='grc' dir='ltr'>διδασκαλίας</span> <span class='ocrx_word' id='word_1_94' title='bbox 828 1504 1093 1606; x_wconf 78' lang='grc' dir='ltr'>ὑπονοήσωμεν</span> <span class='ocrx_word' id='word_1_95' title='bbox 1111 1507 1231 1607; x_wconf 82' lang='grc' dir='ltr'>αὐτόν,</span> <span class='ocrx_word' id='word_1_96' title='bbox 1251 1507 1273 1609; x_wconf 79' lang='grc' dir='ltr'>ἢ</span> <span class='ocrx_word' id='word_1_97' title='bbox 1299 1512 1336 1589; x_wconf 80' lang='grc' dir='ltr'>ἐν</span> <span class='ocrx_word' id='word_1_98' title='bbox 1354 1511 1423 1589; x_wconf 89' lang='grc' dir='ltr'>τίνι</span> <span class='ocrx_word' id='word_1_99' title='bbox 1442 1542 1467 1583; x_wconf 84' lang='grc' dir='ltr'>ιι</span> 
     </span>
     <span class='ocr_line' id='line_1_12' title="bbox 191 1627 1424 1735; baseline 0.003 -25"><span class='ocrx_word' id='word_1_100' title='bbox 191 1629 356 1711; x_wconf 65' lang='grc' dir='ltr'>ὓλοιπδν</span> <span class='ocrx_word' id='word_1_101' title='bbox 380 1627 423 1711; x_wconf 88' lang='grc' dir='ltr'>τδ</span> <span class='ocrx_word' id='word_1_102' title='bbox 452 1633 490 1711; x_wconf 81' lang='grc' dir='ltr'>ἐν</span> <span class='ocrx_word' id='word_1_103' title='bbox 510 1629 644 1735; x_wconf 79' lang='grc' dir='ltr'>γνώσει</span> <span class='ocrx_word' id='word_1_104' title='bbox 671 1629 807 1711; x_wconf 75' lang='grc' dir='ltr'>τέλειον</span> <span class='ocrx_word' id='word_1_105' title='bbox 831 1627 1103 1732; x_wconf 81' lang='grc' dir='ltr'>ε’πιζητήσομεν,</span> <span class='ocrx_word' id='word_1_106' title='bbox 1126 1630 1224 1734; x_wconf 88' lang='grc' dir='ltr'>ε’ίπερ</span> <span class='ocrx_word' id='word_1_107' title='bbox 1252 1635 1272 1712; x_wconf 89' lang='grc' dir='ltr'>ὁ</span> <span class='ocrx_word' id='word_1_108' title='bbox 1298 1639 1424 1714; x_wconf 84' lang='grc' dir='ltr'>πᾶσαν</span> 
     </span>
     <span class='ocr_line' id='line_1_13' title="bbox 225 1752 1424 1864; baseline 0.002 -29"><span class='ocrx_word' id='word_1_109' title='bbox 225 1754 319 1859; x_wconf 80' lang='grc' dir='ltr'>ἔχων</span> <span class='ocrx_word' id='word_1_110' title='bbox 341 1753 452 1855; x_wconf 81' lang='grc' dir='ltr'>αὐτὴν</span> <span class='ocrx_word' id='word_1_111' title='bbox 472 1753 556 1860; x_wconf 83' lang='grc' dir='ltr'>παρ’</span> <span class='ocrx_word' id='word_1_112' title='bbox 580 1752 699 1858; x_wconf 73' lang='grc' dir='ltr'>ε’τέρου</span> <span class='ocrx_word' id='word_1_113' title='bbox 726 1759 927 1860; x_wconf 87' lang='grc' dir='ltr'>σοφοῦται;</span> <span class='ocrx_word' id='word_1_114' title='bbox 957 1760 1033 1838; x_wconf 83' lang='grc' dir='ltr'>πῶς</span> <span class='ocrx_word' id='word_1_115' title='bbox 1059 1753 1098 1835; x_wconf 76' lang='grc' dir='ltr'>δὲ</span> <span class='ocrx_word' id='word_1_116' title='bbox 1121 1752 1216 1839; x_wconf 81' lang='grc' dir='ltr'>ὅλως</span> <span class='ocrx_word' id='word_1_117' title='bbox 1240 1755 1357 1864; x_wconf 80' lang='grc' dir='ltr'>σοφία</span> <span class='ocrx_word' id='word_1_118' title='bbox 1381 1752 1424 1837; x_wconf 82' lang='grc' dir='ltr'>τό</span> 
     </span>
     <span class='ocr_line' id='line_1_14' title="bbox 225 1877 1425 1988; baseline 0 -29"><span class='ocrx_word' id='word_1_119' title='bbox 225 1880 478 1988; x_wconf 84' lang='grc' dir='ltr'>σοφοόμενον;</span> <span class='ocrx_word' id='word_1_120' title='bbox 518 1877 636 1979; x_wconf 78' lang='grc' dir='ltr'>ἐπειδὴ</span> <span class='ocrx_word' id='word_1_121' title='bbox 660 1877 697 1958; x_wconf 77' lang='grc' dir='ltr'>δὲ</span> <span class='ocrx_word' id='word_1_122' title='bbox 724 1878 766 1958; x_wconf 86' lang='grc' dir='ltr'>οῦ</span> <span class='ocrx_word' id='word_1_123' title='bbox 791 1882 864 1962; x_wconf 86' lang='grc' dir='ltr'>τοῖς</span> <span class='ocrx_word' id='word_1_124' title='bbox 887 1878 972 1981; x_wconf 87' lang='grc' dir='ltr'>παρ’</span> <span class='ocrx_word' id='word_1_125' title='bbox 998 1879 1141 1959; x_wconf 83' lang='grc' dir='ltr'>ἐκείνων</span> <span class='ocrx_word' id='word_1_126' title='bbox 1165 1877 1300 1981; x_wconf 78' lang='grc' dir='ltr'>λόγοις,</span> <span class='ocrx_word' id='word_1_127' title='bbox 1323 1879 1425 1960; x_wconf 77' lang='grc' dir='ltr'>ἀλλὰ</span> 
     </span>
     <span class='ocr_line' id='line_1_15' title="bbox 224 1999 1420 2110; baseline 0 -26"><span class='ocrx_word' id='word_1_128' title='bbox 224 2011 299 2089; x_wconf 86' lang='grc' dir='ltr'>τοῖς</span> <span class='ocrx_word' id='word_1_129' title='bbox 324 2001 383 2083; x_wconf 83' lang='grc' dir='ltr'>διὰ</span> <span class='ocrx_word' id='word_1_130' title='bbox 406 2012 470 2085; x_wconf 93' lang='grc' dir='ltr'>τοῦ</span> <span class='ocrx_word' id='word_1_131' title='bbox 490 2003 699 2102; x_wconf 83' lang='grc' dir='ltr'>Πνεῦματος</span> <span class='ocrx_word' id='word_1_132' title='bbox 721 1999 913 2106; x_wconf 74' lang='grc' dir='ltr'>προσέχειν</span> <span class='ocrx_word' id='word_1_133' title='bbox 933 2001 1027 2102; x_wconf 85' lang='grc' dir='ltr'>ἡμᾶς</span> <span class='ocrx_word' id='word_1_134' title='bbox 1050 2002 1253 2104; x_wconf 81' lang='grc' dir='ltr'>ἀναγκαῖον,</span> <span class='ocrx_word' id='word_1_135' title='bbox 1273 2003 1344 2110; x_wconf 78' lang='grc' dir='ltr'>ἔχει</span> <span class='ocrx_word' id='word_1_136' title='bbox 1367 2003 1420 2103; x_wconf 71' lang='grc' dir='ltr'>δὲ,</span> 
     </span>
     <span class='ocr_line' id='line_1_16' title="bbox 225 2122 1467 2235; baseline -0.003 -27"><span class='ocrx_word' id='word_1_137' title='bbox 225 2130 274 2214; x_wconf 81' lang='grc' dir='ltr'>ὡς</span> <span class='ocrx_word' id='word_1_138' title='bbox 302 2129 323 2209; x_wconf 86' lang='grc' dir='ltr'><strong>ὁ</strong></span> <span class='ocrx_word' id='word_1_139' title='bbox 352 2127 502 2212; x_wconf 88' lang='grc' dir='ltr'>Παῦλός</span> <span class='ocrx_word' id='word_1_140' title='bbox 529 2133 654 2235; x_wconf 83' lang='grc' dir='ltr'>φησιν,</span> <span class='ocrx_word' id='word_1_141' title='bbox 682 2128 702 2206; x_wconf 85' lang='grc' dir='ltr'><strong><em>ὁ</em></strong></span> <span class='ocrx_word' id='word_1_142' title='bbox 729 2122 818 2210; x_wconf 76' lang='grc' dir='ltr'>Υίδς</span> <span class='ocrx_word' id='word_1_143' title='bbox 846 2122 929 2209; x_wconf 88' lang='grc' dir='ltr'>τοῦς</span> <span class='ocrx_word' id='word_1_144' title='bbox 956 2127 1019 2224; x_wconf 77' lang='grc' dir='ltr'>τῆς</span> <span class='ocrx_word' id='word_1_145' title='bbox 1047 2126 1182 2233; x_wconf 79' lang='grc' dir='ltr'>σοφίας</span> <span class='ocrx_word' id='word_1_146' title='bbox 1211 2129 1269 2206; x_wconf 84' lang='grc' dir='ltr'>καὶ</span> <span class='ocrx_word' id='word_1_147' title='bbox 1299 2126 1424 2228; x_wconf 78' lang='grc' dir='ltr'>πόσης</span> <span class='ocrx_word' id='word_1_148' title='bbox 1441 2169 1467 2224; x_wconf 66' lang='lat'>¹5</span> 
     </span>
     <span class='ocr_line' id='line_1_17' title="bbox 225 2244 1423 2356; baseline -0.002 -24"><span class='ocrx_word' id='word_1_149' title='bbox 225 2251 395 2354; x_wconf 86' lang='grc' dir='ltr'>γνώσεως</span> <span class='ocrx_word' id='word_1_150' title='bbox 420 2252 458 2330; x_wconf 83' lang='grc' dir='ltr'>ἐν</span> <span class='ocrx_word' id='word_1_151' title='bbox 483 2251 595 2356; x_wconf 73' lang='grc' dir='ltr'>ἑαυτῷ</span> <span class='ocrx_word' id='word_1_152' title='bbox 622 2244 836 2353; x_wconf 78' lang='grc' dir='ltr'>θησαυροὺς,</span> <span class='ocrx_word' id='word_1_153' title='bbox 855 2248 897 2327; x_wconf 88' lang='grc' dir='ltr'>οῦ</span> <span class='ocrx_word' id='word_1_154' title='bbox 919 2244 1020 2349; x_wconf 81' lang='grc' dir='ltr'>παρά</span> <span class='ocrx_word' id='word_1_155' title='bbox 1044 2281 1147 2331; x_wconf 80' lang='grc' dir='ltr'>τινος·</span> <span class='ocrx_word' id='word_1_156' title='bbox 1164 2248 1284 2352; x_wconf 73' lang='grc' dir='ltr'>ἑτέρου</span> <span class='ocrx_word' id='word_1_157' title='bbox 1308 2248 1353 2330; x_wconf 79' lang='grc' dir='ltr'>τὰ</span> <span class='ocrx_word' id='word_1_158' title='bbox 1378 2250 1423 2330; x_wconf 83' lang='grc' dir='ltr'>δι’</span> 
     </span>
     <span class='ocr_line' id='line_1_18' title="bbox 226 2369 1425 2481; baseline 0 -26"><span class='ocrx_word' id='word_1_159' title='bbox 226 2371 277 2455; x_wconf 84' lang='grc' dir='ltr'>ὧν</span> <span class='ocrx_word' id='word_1_160' title='bbox 304 2376 383 2454; x_wconf 87' lang='grc' dir='ltr'>ε’στι</span> <span class='ocrx_word' id='word_1_161' title='bbox 412 2374 530 2481; x_wconf 87' lang='grc' dir='ltr'>σοφία</span> <span class='ocrx_word' id='word_1_162' title='bbox 556 2372 745 2475; x_wconf 82' lang='grc' dir='ltr'>γνώσεται,</span> <span class='ocrx_word' id='word_1_163' title='bbox 774 2372 860 2450; x_wconf 82' lang='grc' dir='ltr'>ἀλλ’</span> <span class='ocrx_word' id='word_1_164' title='bbox 890 2369 1061 2475; x_wconf 76' lang='grc' dir='ltr'>ὑπάρχων</span> <span class='ocrx_word' id='word_1_165' title='bbox 1088 2372 1126 2451; x_wconf 83' lang='grc' dir='ltr'>ἐν</span> <span class='ocrx_word' id='word_1_166' title='bbox 1154 2375 1273 2476; x_wconf 80' lang='grc' dir='ltr'>Πατρὶ</span> <span class='ocrx_word' id='word_1_167' title='bbox 1304 2371 1425 2455; x_wconf 85' lang='grc' dir='ltr'>πάντα</span> 
     </span>
     <span class='ocr_line' id='line_1_19' title="bbox 226 2492 1059 2602; baseline -0.006 -24"><span class='ocrx_word' id='word_1_168' title='bbox 226 2496 396 2600; x_wconf 82' lang='grc' dir='ltr'>γινώσκει</span> <span class='ocrx_word' id='word_1_169' title='bbox 413 2493 460 2578; x_wconf 81' lang='grc' dir='ltr'>τὰ</span> <span class='ocrx_word' id='word_1_170' title='bbox 476 2504 540 2576; x_wconf 94' lang='grc' dir='ltr'>τοῦ</span> <span class='ocrx_word' id='word_1_171' title='bbox 559 2492 717 2600; x_wconf 81' lang='grc' dir='ltr'>Πατρός,</span> <span class='ocrx_word' id='word_1_172' title='bbox 737 2497 785 2580; x_wconf 87' lang='grc' dir='ltr'>ὡς</span> <span class='ocrx_word' id='word_1_173' title='bbox 803 2495 920 2602; x_wconf 88' lang='grc' dir='ltr'>σοφία</span> <span class='ocrx_word' id='word_1_174' title='bbox 937 2495 1059 2575; x_wconf 80' lang='grc' dir='ltr'>αὐτοῦ.</span> 
     </span>
     <span class='ocr_line' id='line_1_20' title="bbox 197 2635 216 2681; baseline 0 0"><span class='ocrx_word' id='word_1_175' title='bbox 197 2635 216 2681; x_wconf 87' lang='grc' dir='ltr'>ο</span> 
     </span>
    </p>
   </div>
   <div class='ocr_carea' id='block_1_3' title="bbox 263 2728 1425 2807">
    <p class='ocr_par' dir='ltr' id='par_1_3' title="bbox 263 2728 1425 2807">
     <span class='ocr_line' id='line_1_21' title="bbox 263 2728 1425 2807; baseline -0.001 -17"><span class='ocrx_word' id='word_1_176' title='bbox 263 2750 290 2807; x_wconf 83' lang='lat'>3.</span> <span class='ocrx_word' id='word_1_177' title='bbox 307 2735 447 2806; x_wconf 80' lang='grc' dir='ltr'>τοῦλόγου</span> <span class='ocrx_word' id='word_1_178' title='bbox 459 2736 504 2788; x_wconf 85' lang='grc' dir='ltr'>τοῦ</span> <span class='ocrx_word' id='word_1_179' title='bbox 515 2732 574 2804; x_wconf 82' lang='grc' dir='ltr'>παρ’</span> <span class='ocrx_word' id='word_1_180' title='bbox 587 2733 691 2791; x_wconf 80' lang='grc' dir='ltr'>εἰιείνοις</span> <span class='ocrx_word' id='word_1_181' title='bbox 704 2732 738 2787; x_wconf 87' lang='grc' dir='ltr'>Β.</span> <span class='ocrx_word' id='word_1_182' title='bbox 859 2747 885 2796; x_wconf 88' lang='grc'>4.</span> <span class='ocrx_word' id='word_1_183' title='bbox 901 2731 995 2786; x_wconf 78' lang='grc' dir='ltr'>λοιπὸν</span> <span class='ocrx_word' id='word_1_184' title='bbox 1007 2747 1062 2786; x_wconf 86' lang='lat' dir='ltr'>om.</span> <span class='ocrx_word' id='word_1_185' title='bbox 1075 2728 1110 2785; x_wconf 87' lang='grc' dir='ltr'>Β.</span> <span class='ocrx_word' id='word_1_186' title='bbox 1231 2751 1257 2806; x_wconf 88' lang='lat'>9.</span> <span class='ocrx_word' id='word_1_187' title='bbox 1274 2734 1307 2789; x_wconf 82' lang='grc' dir='ltr'>τὰ</span> <span class='ocrx_word' id='word_1_188' title='bbox 1318 2737 1425 2789; x_wconf 78' lang='grc' dir='ltr'>τοιαῦτα</span> 
     </span>
    </p>
   </div>
   <div class='ocr_carea' id='block_1_4' title="bbox 225 2814 1424 2973">
    <p class='ocr_par' dir='ltr' id='par_1_4' title="bbox 225 2814 1424 2973">
     <span class='ocr_line' id='line_1_22' title="bbox 225 2814 1424 2904; baseline -0.002 -17"><span class='ocrx_word' id='word_1_189' title='bbox 225 2831 311 2904; x_wconf 82' lang='grc' dir='ltr'>λε’γον</span> <span class='ocrx_word' id='word_1_190' title='bbox 322 2832 427 2887; x_wconf 70' lang='lat' dir='ltr'><strong>inverso</strong></span> <span class='ocrx_word' id='word_1_191' title='bbox 438 2830 531 2887; x_wconf 82' lang='lat' dir='ltr'>ordine</span> <span class='ocrx_word' id='word_1_192' title='bbox 543 2830 578 2887; x_wconf 79' lang='grc' dir='ltr'>Β.</span> <span class='ocrx_word' id='word_1_193' title='bbox 674 2845 715 2885; x_wconf 86' lang='lat'>10.</span> <span class='ocrx_word' id='word_1_194' title='bbox 731 2814 1145 2898; x_wconf 60' lang='grc' dir='ltr'>ῦπονοῆσώμεν-ἒπιζητὴσώρεν</span> <span class='ocrx_word' id='word_1_195' title='bbox 1157 2828 1193 2887; x_wconf 89' lang='lat' dir='ltr'>D.</span> <span class='ocrx_word' id='word_1_196' title='bbox 1204 2829 1424 2900; x_wconf 77' lang='grc' dir='ltr'>ὑπονοήσωμεν-</span> 
     </span>
     <span class='ocr_line' id='line_1_23' title="bbox 226 2897 1167 2973; baseline -0.004 -15"><span class='ocrx_word' id='word_1_197' title='bbox 226 2901 419 2973; x_wconf 69' lang='grc' dir='ltr'>ίπιζιγτόσοριν</span> <span class='ocrx_word' id='word_1_198' title='bbox 431 2902 464 2958; x_wconf 84' lang='grc' dir='ltr'>Ε.</span> <span class='ocrx_word' id='word_1_199' title='bbox 573 2913 615 2972; x_wconf 83' lang='lat'>¹7·</span> <span class='ocrx_word' id='word_1_200' title='bbox 632 2903 770 2972; x_wconf 83' lang='grc' dir='ltr'>γνώσεται,</span> <span class='ocrx_word' id='word_1_201' title='bbox 782 2899 842 2955; x_wconf 77' lang='grc' dir='ltr'>ἀλλ’</span> <span class='ocrx_word' id='word_1_202' title='bbox 856 2900 889 2955; x_wconf 87' lang='grc' dir='ltr'>Β.</span> <span class='ocrx_word' id='word_1_203' title='bbox 900 2902 1021 2971; x_wconf 77' lang='grc' dir='ltr'>γνώσεως</span> <span class='ocrx_word' id='word_1_204' title='bbox 1031 2897 1102 2956; x_wconf 72' lang='grc' dir='ltr'>ἀλλὰ</span> <span class='ocrx_word' id='word_1_205' title='bbox 1113 2899 1167 2956; x_wconf 86' lang='lat' dir='ltr'>Ed.</span> 
     </span>
    </p>
   </div>
   <div class='ocr_carea' id='block_1_5' title="bbox 0 0 1531 5018">
    <p class='ocr_par' dir='ltr' id='par_1_5' title="bbox 0 0 1531 5018">
     <span class='ocr_line' id='line_1_24' title="bbox 0 0 1531 5018; baseline 0 0"><span class='ocrx_word' id='word_1_206' title='bbox 0 0 1531 5018; x_wconf 95' lang='lat' dir='ltr'> </span> 
     </span>
    </p>
   </div>
  </div>
 </body>
</html>
