3038 5018
263 302 328 365 526
568 303 607 367 B.
632 302 841 367 CYRILLI
872 302 1160 366 ALEXANDR.
1290 300 1334 364 vi.
1348 314 1403 384 52,
1416 315 1471 383 53·

229 474 387 546 ἀκαλεῖν
406 469 487 570 περὶ
505 465 555 546 ὧν
574 466 620 547 ἀν
642 469 826 574 φαίνοιντο
854 467 1160 572 δυσχεραίνοντες·
1193 466 1307 545 πάλιν
1326 463 1370 543 τό
1389 461 1473 547 Πὸς

263 589 421 690 ἀνοήτως
439 593 495 671 ἐπὶ
515 596 611 670 Θεοῦ
631 591 814 693 λέγουσιν,
835 591 961 692 ὥσπερ
988 593 1052 670 οὐκ
1079 589 1219 685 εἰδότες,
1238 588 1293 668 ότι
1319 592 1470 691 δυσφη-

262 715 345 811 μίας
378 713 524 814 ἀπάσης
556 714 743 800 ἀνάπλεως
779 718 799 795 5
832 714 941 817 λόγος
975 717 1113 817 ὁρᾶται.
1164 714 1207 794 τὸ
1239 712 1310 817 γάρ
1348 711 1474 793 πάντα

264 836 441 917 δυ’νασθαι
466 844 664 941 κατορθοῦν
689 842 823 918 ἀκονιτὶ
848 837 1029 941 πρόσεστι
1052 844 1103 946 τῷ
1127 844 1222 945 θεῷ·
1254 835 1472 943 φυχικοὶδέ

263 959 373 1060 ὅντες,
392 959 552 1065 καθάπερ
571 965 687 1066 φησὶν
705 964 725 1042 5
743 962 916 1062 μακάριος
935 967 1096 1058 Παῦλος,
1115 963 1179 1041 οῦκ
1200 960 1365 1065 ἐδέχοντο
1387 970 1412 1006 “
1426 959 1501 1040 τά5

263 1095 286 1133 “
303 1092 368 1164 τοῦ
397 1084 598 1183 πνεύματος
628 1094 693 1165 τοῦ
721 1092 827 1183 θεοῦ,
857 1087 997 1186 μωρία”
1029 1086 1067 1166 δέ
1100 1087 1219 1171 αὐτοῖς
1250 1083 1293 1164 τὸ
1328 1082 1472 1165 σεπτὸν

263 1211 376 1293 οὕτως
397 1210 522 1311 ὁρᾶται
544 1208 753 1312 μυστήριον.

319 1340 391 1414 Δεῖ
415 1342 605 1437 τοιγαροῦν
633 1336 793 1415 ἐντεῦθεν
819 1335 913 1435 ἡμᾶς
940 1334 1222 1440 ὠφελουμένους,
1252 1335 1311 1411 καὶ
1341 1331 1389 1437 ἐξ
1420 1328 1471 1409 ὧν

263 1456 373 1560 ἕτεροι
409 1459 578 1537 πταίουσι
614 1456 677 1537 τὸν
715 1465 841 1539 οἰκεῖον
872 1462 1157 1561 ἐπανορθοῦντας
1189 1460 1282 1553 βίον,
1319 1460 1358 1535 ἐν
1392 1463 1470 1538 ταῖς

233 1580 504 1688 οπαραλήφεσι
536 1587 608 1659 τῶν
638 1581 741 1661 θείων
771 1583 980 1684 μυστηρίων
1009 1584 1136 1663 πίστιν
1163 1581 1227 1680 μέν
1254 1580 1349 1683 ἔχειν
1378 1577 1467 1680 ἀζή·
1485 1610 1518 1651 ιο

263 1739 382 1804 τητου,
393 1705 515 1803 μηδενὶ
535 1704 572 1783 δέ
590 1712 662 1784 τῶν
680 1706 884 1808 λεγομέυωυ
901 1706 1080 1812 ἐπιφέρειν
1095 1706 1137 1785 τό
1158 1703 1248 1790 Πῶτ·
1268 1701 1470 1783 Ἰουδαϊκὸν

263 1827 335 1931 γὰρ
367 1826 410 1907 τὸ
441 1831 548 1932 ῥῆμα,
579 1831 638 1906 καὶ
671 1826 857 1913 κολάσεως
894 1829 931 1909 δέ
968 1833 1032 1928 τῆς
1069 1828 1227 1933 ἐσχάτης
1263 1826 1324 1907 διὰ
1362 1836 1471 1907 τοῦτο

263 1953 463 2053 παραίτιον·
504 1955 578 2032 ἐπεὶ
601 1955 660 2032 καὶ
686 1955 705 2032 5
730 1957 794 2052 τῆς
812 1953 995 2032 Ἰουδαίων
1013 1956 1232 2054 συναγωγῆς
1254 1951 1469 2052 ἡγούμενος·

265 2077 469 2176 Νικόδημος
488 2076 525 2157 δέ
545 2077 646 2160 οὗτος
665 2074 721 2175 ἦν·
753 2075 795 2158 τό
816 2089 836 2125 “
853 2082 940 2161 Πῶς
964 2076 1109 2155 δυ’ναται
1132 2084 1246 2156 ταῦτα
1269 2074 1469 2177 γενέσθαι”

264 2201 392 2303 λέγων,
418 2200 477 2280 ὅτε
505 2207 578 2279 τῶν
606 2201 709 2280 θείων
737 2208 960 2304 κατηκροάτο
988 2198 1119 2302 λόγων,
1145 2201 1296 2302 ἐγελᾶτο
1323 2200 1471 2282 δικαίως
1486 2232 1518 2290 ¹5

92 2347 132 2399 lb.
145 2361 183 2399 ιο.
263 2323 422 2408 ἀκούσας
446 2336 467 2373 “
486 2322 538 2403 Σῦ
566 2321 599 2402 εἶ
624 2326 644 2403 5
673 2322 893 2407 διδάσκαλος
920 2333 985 2404 τοῦ
1013 2321 1167 2424 Ἰσραὴλ
1196 2326 1254 2402 καὶ
1281 2331 1402 2402 ταῦτα
1430 2325 1472 2402 οῦ

264 2458 285 2496 “
299 2448 486 2551 γινώσκεις
494 2448 524 2542 ;”
544 2449 806 2553 ἐντεχνέστεροι
818 2449 937 2527 τοίνυν
951 2445 1040 2549 πρὸς
1059 2444 1125 2546 τὴν
1135 2454 1200 2526 τοῦ
1214 2445 1472 2551 συμφέροντος

92 2583 209 2639 859A.
230 2570 375 2673 νθῆραν
403 2575 461 2651 καὶ
495 2571 554 2650 διὰ
585 2577 650 2671 τῆς
681 2570 810 2675 ἑτέρων
840 2573 990 2654 ἀτοπίας
1022 2567 1281 2673 εὑρισκόμενοι,
1313 2569 1358 2650 τό
1390 2569 1472 2656 Πῶς

261 2695 381 2797 λέγειν
406 2697 462 2802 ἐφ’
489 2694 541 2781 οἷς
569 2693 613 2775 ἀν
637 2694 827 2800 ἐργάζηται
853 2693 946 2778 θεὸς
973 2695 1240 2797 παραιτώμεθα,
1262 2694 1472 2773 ἀνατιθέναι

261 2817 300 2899 δέ
332 2825 478 2917 μᾶλλον
505 2820 761 2918 μελετήσωμεν
789 2820 885 2924 αὐτῷ
915 2824 988 2896 τῶν
1017 2819 1114 2897 ἰδίων
1142 2817 1258 2919 ἔργων
1285 2815 1354 2915 τὴν
1385 2816 1473 2898 ὁδὸν
1487 2857 1517 2896 2·

259 2943 533 3051 ἐξανίστασθαι·
571 2943 679 3045 όνπερ
705 2941 777 3043 γὰρ
803 2939 936 3044 τρόπον
960 2941 1094 3020 εἵσεται
1119 2939 1185 3040 μὲν
1212 2942 1337 3039 οὐδεὶς,
1364 2942 1476 3022 τὸτί

1253 3075 1275 3111 “
1289 3063 1346 3143 ὅτι
1371 3068 1470 3164 ἐστὶ,

93 2067 177 2132 Supra

93 2134 129 2183 iii.
142 2150 166 2200 9.

261 3065 353 3146 κατά
372 3068 486 3172 φύσιν
504 3070 604 3147 ἐστὶν
623 3068 642 3145 5
662 3065 766 3163 θεὸς,
786 3070 979 3145 δικαιοῦται
999 3063 1037 3144 δέ
1055 3064 1237 3144 πιστεύων

261 3200 284 3238 “
301 3194 359 3270 καὶ
387 3198 460 3275 τοῖς
487 3190 693 3293 ἐκζητοῦσιν
721 3188 829 3268 αῦτδυ
857 3188 1128 3288 μισθαποδότης
1156 3186 1324 3290 γίνεται,”
1354 3191 1473 3274 οὕτως

261 3313 433 3415 ἀγνοήσει
460 3313 525 3412 μέν
548 3313 661 3394 πάλιν
687 3313 751 3393 τὸν
776 3315 831 3416 ἐφ’
858 3311 1000 3420 ἑκάστῳ
1027 3319 1100 3391 τῶν
1128 3310 1353 3411 τελουμένων
1380 3316 1470 3416 παρ’

263 3443 372 3521 αὐτοῦ
402 3441 547 3543 τρόπον,
571 3445 745 3524 ἀνατιθεὶς
773 3441 810 3520 δέ
838 3475 883 3546 τη
911 3444 1031 3522 πίστει
1059 3437 1125 3539 τὴν
1148 3441 1311 3536 ἔκβασιν,
1333 3444 1396 3520 καὶ
1427 3442 1472 3521 τὸ
1488 3478 1519 3517 ι-

263 3564 382 3646 πάντα
410 3565 587 3644 δύνασθαι
614 3571 794 3644 σνναινιῦν
820 3569 872 3671 τῷ
898 3563 985 3667 ῦπέρ
1011 3562 1150 3650 πάντας
1173 3568 1271 3671 θεῷ,
1293 3572 1473 3664 κομιεῖται

228 3692 326 3788 ὴτῆς
364 3691 476 3772 οῦτως
513 3691 649 3789 ἀγαθῆς
694 3686 901 3793 διαλήφεως
941 3690 1005 3766 οῦκ
1046 3685 1362 3794 εὐκαταφρόνητον
1403 3689 1473 3770 τὸν

263 3812 407 3911 μισθόν.
458 3813 551 3891 οὕτω
589 3810 661 3913 γὰρ
694 3811 786 3909 ἡμᾶς
819 3817 1016 3892 διακεῖσθαι
1048 3815 1105 3890 καὶ
1139 3810 1244 3895 αὐτὸς
1275 3809 1418 3892 ἐθέλων
1452 3817 1473 3894 5

96 3947 138 3996 Fa.
149 3946 182 3996 lv.
194 3946 217 4004 ⁸·
261 3934 408 4017 πάντων
431 3936 625 4034 Δεσπότης
653 3932 711 4013 διά
738 3941 802 4012 τοῦ
829 3933 1018 4040 προφήτου
1046 3940 1161 4043 φησὶν
1186 3936 1349 4014 Ἠσαίου
1373 3947 1396 3983 “
1410 3940 1474 4017 Οῦ

96 4027 121 4077 ⁹⁹
263 4072 285 4107 ‘⁴
303 4060 373 4163 γάρ
406 4067 497 4140 είσιν
525 4064 561 4137 αί
591 4058 727 4153 βουλαί
755 4092 824 4154 μου
853 4055 976 4161 ὥσπερ
1009 4065 1045 4138 αἱ
1077 4060 1211 4152 βουλαὶ
1243 4059 1356 4156 ὑμῶν,
1386 4060 1473 4140 οῦδέ
1487 4087 1517 4144 3·

263 4194 284 4231 “
302 4183 425 4287 ὥσπερ
451 4190 486 4263 αί
514 4186 588 4262 ὁδοὶ
615 4183 714 4278 ὑμῶν
739 4187 776 4260 αἱ
801 4182 880 4262 ὁδοί
900 4216 982 4280 μου,
1012 4181 1109 4285 λέγει
1134 4182 1278 4284 Κύριος·
1308 4183 1399 4262 ἀλλ’
1422 4190 1473 4271 ὡς

301 4413 323 4450 1.
342 4397 475 4465 φαίνοιντο
490 4395 521 4448 Β.
535 4392 693 4465 φαίνονται(
701 4394 889 4463 τφαίνωνται)
904 4393 954 4448 Ed.
1020 4408 1046 4466 5.
1059 4394 1144 4465 φησὶν
1155 4410 1210 4447 om.
1226 4391 1258 4446 Β.
1327 4392 1355 4450 6.
1369 4397 1474 4450 σεπτὸν

263 4465 297 4520 Β.
310 4468 417 4520 συνετὸν
431 4465 481 4518 Ed.
564 4483 604 4532 14.
622 4464 744 4535 γενέσθαι
756 4481 810 4516 om.
826 4462 858 4517 Β.
937 4467 978 4519 18.
997 4463 1118 4536 ἀτοπίας]
1132 4463 1262 4520 ἀπειθείας
1275 4462 1309 4518 Β.
1391 4470 1474 4522 ηδ

262 4554 315 4590 om.
331 4537 363 4590 B.
437 4551 479 4601 24.
498 4536 577 4590 πόλιν
588 4554 642 4590 om.
657 4535 689 4589 Β.
763 4548 804 4605 27.
823 4535 1048 4607 εὐκαταφρόνητον
1062 4537 1094 4591 Β.
1108 4537 1305 4606 καταφρονητδν
1319 4534 1375 4593 Ed.
