3038 5018
100 304 274 408 vim·
313 309 368 374 IN
399 311 432 374 s.
456 310 709 375 JOANNEM.
756 310 850 375 mn.
875 310 941 374 111.
986 309 1166 375 CARVI.
1231 311 1296 374 459

100 479 164 551 τοῦ
188 471 302 575 λόγου
326 473 393 574 τὴν
416 472 628 579 παράθεσιν,
646 475 782 555 ἕκαστα
808 481 880 555 τῶν
904 477 955 555 ἐπ’
975 476 1071 584 αὐτῷ
1098 474 1296 574 νοουμένων

100 595 216 696 ὀρθῶς
235 597 447 705 διοψόμεθα.
488 599 707 706 ἐπιδείξομεν
725 599 762 680 δέ
780 598 839 679 διὰ
856 595 1013 690 πάντων,
1034 597 1089 678 ότι
1111 598 1153 678 τό
1177 598 1296 698 μάννα

100 714 143 797 τό
168 720 340 819 ἀληθινὸν
362 720 468 807 αι’ττός
492 725 592 803 ἐστιν
615 725 635 802 ό
661 721 833 826 Χριστὸς,
851 728 901 809 ὡς
921 726 959 804 ἐν
979 722 1080 830 τύπερ
1105 726 1156 830 τῷ
1179 719 1297 821 μάννα

102 849 336 946 χορηγεῖσθαι
354 853 428 930 τοῖς
445 846 692 1002 ἀρχαιοτέροις
710 847 897 944 νοούμενος
920 844 1019 950 παρὰ
1042 880 1106 925 του
1090 851 1220 926 Θεοῦ
1238 849 1327 926 nala
1356 866 1414 922 818
1424 864 1465 920 Δ.

70 996 88 1056 5
104 964 326 1069 Πατρος
300 1002 372 1074 εχει
395 966 503 1048 δέ
459 1003 572 1056 ουτως
596 973 618 1072 ῆ
643 976 716 1050 τῶν
733 972 870 1073 λογίων
886 969 981 1076 ἀρχή
1000 980 1022 1020 “
1036 976 1095 1076 Τῇ
1112 1004 1152 1050 τε
1168 1005 1290 1052 πεντε·
1342 973 1424 1088 Εὲοᾶ·

1342 1052 1416 1088 xv1.1
1420 1052 1459 1101 -3.

102 1092 367 1198 “καιδεκάτη
346 1093 459 1201 ημέρμ
476 1099 528 1202 τῷ
545 1097 630 1195 μηνὶ
647 1129 699 1203 περ
680 1093 869 1203 δευτέρῳ
891 1092 1223 1202 ἐξεληλυθότων’
1181 1101 1298 1173 αυτῶν

103 1222 125 1261 “
142 1216 181 1295 ἐκ
212 1219 280 1318 γῆς
313 1218 511 1319 Αἰγύπτου,
543 1217 747 1323 διεγόγγυζε
782 1225 888 1299 πᾶσα
921 1218 944 1317 ῆ
981 1216 1178 1319 συναγωγὴ
1215 1223 1299 1297 υίῶν

102 1347 126 1386 “
142 1337 297 1442 Ἰσραὴλ
322 1342 380 1421 ἐπὶ
403 1345 572 1441 Μωυσῆν
596 1346 654 1422 καὶ
673 1338 828 1445 Ἀαρὼν,
847 1344 906 1422 καὶ
930 1337 1034 1422 εἶπαν
1058 1338 1148 1444 πρὸς
1173 1340 1300 1427 αὐτούς

103 1471 126 1510 “
142 1466 176 1541 οἰ
194 1467 261 1543 υἱοὶ
278 1462 434 1567 Ἰσραήλ
442 1462 614 1569 Ὄφελον
627 1463 848 1564 ἀπεθάνομεν
859 1462 1057 1566 πληγέντες
1074 1462 1144 1545 ὑπὸ
1165 1469 1300 1565 Κυρίου
1352 1490 1355 1495 ’

52 1622 91 1664 10
103 1594 126 1632 ‘⁴
143 1587 181 1665 ἐν
207 1591 258 1692 γῆ
285 1586 469 1696 Αἰγύπτῳ,
497 1588 584 1669 όταν
611 1589 827 1688 ἐκαθίσαμεν
853 1590 911 1670 ἐπὶ
938 1594 1011 1668 τῶν
1038 1586 1203 1688 λεβήτων
1227 1594 1300 1667 τῶν

103 1719 126 1758 “
143 1717 255 1813 κρεῶν
290 1715 349 1791 καὶ
384 1713 558 1812 ἠσθίομεν
594 1713 723 1816 ἄρτους
758 1719 807 1797 είς
844 1711 1078 1814 πλησμονὴν,
1117 1712 1173 1794 ότι
1210 1714 1295 1820 ἐξη·

104 1843 127 1881 “
143 1833 272 1935 γόγετε
306 1834 398 1933 ἡμᾶς
429 1841 478 1921 είς
508 1835 576 1937 τὴν
608 1837 738 1938 ἔρημον
769 1836 902 1937 ταύτην
935 1839 1138 1918 ἀποκτεῖναι
1174 1844 1300 1919 πᾶσαν

105 1967 128 2006 “
145 1956 211 2057 τὴν
241 1958 462 2061 συναγωγὴν
493 1959 626 2059 ταύτην
654 1962 691 2040 ἐν
719 1961 850 2068 λιμῷ.”
902 1958 950 2041 τὰ
980 1961 1046 2056 μὲν
1076 1962 1138 2041 οὖν
1165 1963 1205 2041 ἐκ
1236 1966 1333 2057 τῆςο

105 2081 266 2184 ἱστορίας
297 2084 453 2188 διαφανῆ
488 2086 547 2164 καὶ
583 2083 667 2163 λίαν
698 2083 910 2181 εὐσύνοπτα,
943 2087 1001 2163 καὶ
1033 2081 1171 2167 οὐδενὸς
1204 2081 1301 2184 οἶμαι

56 2233 93 2295 15
105 2202 352 2307 προσδεόμενα
369 2205 484 2309 λόγου
501 2213 566 2287 τοῦ
584 2204 651 2308 τῆν
667 2204 858 2311 πρόχειρον
875 2205 1132 2308 βασανίζοντος
1149 2213 1298 2309 γνῶσιν·

99 2330 252 2433 1ἐροῦμεν
270 2327 308 2408 δέ
326 2329 439 2411 πάλιν
455 2335 502 2414 είς
521 2330 633 2429 μόνον
651 2331 803 2435 ὁρῶντες
826 2328 869 2410 τδ
894 2327 1141 2429 πνευματικόν.
1178 2330 1304 2409 οὐκοῦν

107 2450 159 2531 ἔτι
184 2451 251 2552 τὴν
270 2453 477 2555 Αἰγυπτίων
499 2454 639 2558 ἔχοντες
662 2453 785 2559 χάραν
808 2456 841 2533 οί
869 2451 913 2559 ἐξ
934 2453 1100 2557 Ἰσραὴλ,
1123 2451 1182 2533 διὰ
1209 2453 1304 2533 θείου

106 2573 389 2678 προστάγματος
415 2576 481 2677 τῆν
504 2578 561 2658 ἐπὶ
586 2582 738 2684 Χριστῷ
765 2583 921 2661 τυπικῶς
949 2574 1139 2657 ἐπετέλουν
1162 2575 1301 2679 ἑορτῆν,

108 2700 167 2776 καὶ
184 2703 248 2798 τῆς
266 2707 330 2779 τοῦ
346 2697 531 2802 προβάτου
556 2702 675 2793 θοίνης
697 2698 886 2805 ἁψάμενοι,
905 2698 1011 2798 μόλις
1036 2702 1129 2781 οὕτω
1153 2703 1218 2798 τῆς
1240 2707 1305 2779 τοῦ

57 2848 97 2888 20
110 2824 245 2924 Φαραῶ
275 2826 481 2926 τυραννίδος
512 2822 578 2924 τῆν
606 2824 818 2932 πλεονεξίαν
846 2823 1035 2931 ἐξέβησαν,
1064 2825 1122 2903 καὶ
1151 2819 1214 2903 τὸν
1241 2826 1306 2921 τῆς

109 2945 272 3031 δουλείας
290 2945 475 3054 ἀφόρητον
489 2947 699 3028 ἀπεσείοντο
716 2946 832 3050 ζυγόν·
856 2944 932 3027 εἶτα
949 2943 1039 3048 πρὸς
1057 2945 1171 3054 τούτῳ
1189 2979 1335 3048 παρα-υ

109 3068 224 3177 δόξως
254 3069 320 3171 τῆν
346 3068 499 3174 ἐρυθρὰν
525 3067 867 3171 διαπεραιωσάμενοι
896 3070 1094 3149 θάλασσαν
1120 3071 1159 3149 ἐν
1187 3068 1306 3176 έρήμιρ

109 3191 294 3296 γεγόνασι·
339 3196 398 3274 καὶ
435 3193 479 3293 δῆ
515 3197 574 3274 καὶ
610 3195 648 3273 ἐν
684 3194 773 3296 αὐτῇ
810 3191 1045 3291 λιμάττοντες
1086 3197 1308 3298 κρεωφογεΐν

109 3318 316 3418 ἐπεθύμουν,
341 3323 399 3398 καὶ
427 3323 477 3402 είς
501 3313 568 3416 τὴν
595 3315 734 3416 συνήθη
761 3322 834 3397 τῶν
861 3316 980 3419 ἄρτων
1005 3315 1194 3415 ἐπιθυμίαν
1218 3317 1303 3395 ύπε·

59 3474 98 3534 ι5
111 3440 279 3545 σύροντο·
313 3439 507 3546 ἐγόγγυζόν
528 3475 567 3521 τε
592 3442 685 3520 οὕτω
709 3437 800 3520 κατὰ
824 3439 1012 3525 Μωυσέως
1040 3445 1097 3519 καὶ
1124 3445 1175 3525 εἰς
1201 3434 1309 3539 μετά-

111 3599 250 3669 γνωσιν
285 3570 348 3665 τῆς
384 3563 484 3668 παρὰ
520 3571 617 3646 Θεοῦ
655 3568 789 3667 δωρεᾶς
825 3562 1099 3661 κοιταπίτττουσι,
1135 3563 1215 3643 δέον
1251 3565 1309 3644 ἐπὶ

112 3690 249 3773 τούτοις
267 3690 310 3769 οὐ
327 3690 478 3792 μετρίως
494 3690 729 3794 εὐχαριστεῖν.
763 3686 947 3789 Α’ίγυπτος
963 3689 1082 3766 τοίνυν
1098 3686 1310 3786 σκοτασμὸς

113 3808 157 3890 ἂν
185 3811 248 3913 εἵη,
276 3815 335 3892 καὶ
364 3812 580 3913 νοηθῆσεταί
606 3845 683 3895 πως
715 3816 763 3895 είς
794 3808 860 3912 τῆν
887 3818 950 3891 τοῦ
979 3807 1157 3912 παρόντος
1183 3816 1311 3894 αίῶνος

114 3936 340 4016 κατάστασιν
357 3938 416 4016 καὶ
434 3942 483 4020 εἰς
499 3935 575 4043 έξιν
591 3934 658 4035 τὴν
675 3932 861 4033 κωμικὴν,
879 3931 925 4033 ῆν
942 3930 1068 4035 ὥσπερ
1086 3931 1166 4013 τινὰ
1187 3933 1310 4037 χώραν

62 4094 101 4151 30
113 4060 410 4166 ἐπιγραψάμνοι,
440 4057 572 4161 πικρὰν
604 4057 823 4157 ὑπομένομεν
853 4058 892 4136 έν
924 4057 1013 4162 αὐτῇ
1050 4054 1117 4158 τῆν
1149 4057 1343 4157 θητείαν,ι1

247 4354 282 4386 ινν
214 4330 330 4404 όγ.Β
389 4353 419 4386 τε
430 4347 541 4403 ιιειιωρ
541 4339 600 4386 tum
611 4348 644 4385 ex
659 4330 691 4385 B.
834 4325 906 4383 8.'
880 4351 953 4384 ιιπαν
966 4329 999 4383 Β
1002 4328 1038 4383 D
1050 4323 1123 4383 εἷπον
1136 4327 1162 4381 D
1176 4344 1310 4418 suprascr.

115 4333 288 4472 88508.)
385 4402 425 4457 16.
443 4402 520 4459 τδΒ.
522 4348 642 4458 ravEd.
746 4416 788 4470 19.
801 4397 887 4479 ουτω]
901 4398 1018 4454 ούπωΒ
1117 4414 1160 4454 21.
1178 4398 1311 4469 ἀφόρητον

114 4405 557 4615 ἓῆςρργλὲἰέριὲἕτυοοτᾶίυεβ.
646 4487 689 4544 23.
708 4471 807 4527 καλοὶς.
820 4480 988 4542 assumptum
1001 4469 1083 4526 exD.
1167 4483 1210 4540 οη
1227 4469 1312 4524 τοίνυν

666 4644 760 4714 31«oe
