3038 5018
95 282 117 346 i.
131 304 184 371 32,
196 305 248 372 33.
291 287 347 352 IN
379 288 413 351 s,
437 286 692 352 ιοΑΝΝυΜ.
737 285 832 351 mn.
855 285 902 350 11.
948 284 1049 350 cAP.
1074 285 1103 350 1.
1232 287 1293 349 ιω

95 454 141 555 τῇ
174 449 283 557 φόσει
315 450 356 532 τὸ
388 453 538 558 ἀρχαῖον
571 449 720 553 άγαθόν·
763 455 856 533 οὕτω
892 450 964 554 γάρ
996 454 1055 532 καὶ
1085 461 1294 557 πτωχεῦσαι

96 572 238 677 λέγεται
267 576 309 655 δι’
336 577 439 677 ἡμᾶς.
477 574 656 661 πλούσιος
682 574 755 679 γάρ
780 573 841 675 ὢν,
866 579 915 660 ὡς
941 574 1043 673 Θεὸς,
1069 578 1127 655 καὶ
1154 577 1294 660 οῦδενὸς

95 701 332 800 τῶνάγαθῶν
350 699 497 799 ἐπιδεὴς,
516 700 705 801 ἅνθρωπος
730 700 855 801 γ’ἐγονε
875 699 1021 780 πάντων
1039 697 1186 800 ἐπιδεὴς,
1203 696 1294 803 πρὸς

96 817 139 900 όν
165 820 300 923 εἴρηταί
328 857 409 920 που,
439 826 496 903 καὶ
531 821 679 927 σφόδρα
705 830 827 907 καλῶς
855 833 877 870 “
891 824 942 904 Τί
966 821 1038 927 γάρ
1066 822 1155 928 ἐχεις
1183 819 1203 903 ό
1231 822 1295 902 οὐκ
1340 813 1422 941 ἔρξ’

65 953 120 1029 5“
138 940 267 1037 ἔλαβες
280 945 314 1040 ;”
347 944 471 1048 ὥσπερ
499 947 562 1025 οῦν
587 944 658 1049 ζωὴ
685 944 778 1026 κατά
806 946 921 1052 φῦσιν
948 945 1118 1050 ῦπάρχων
1143 944 1326 1026 ἀπέθανειι
1348 967 1410 1022 124
1420 965 1462 1021 A.

1340 564 1422 644 προς.

1339 647 1392 682 vm.
1405 645 1431 697 9.

96 1067 189 1147 κατὰ
216 1066 337 1172 σάρκα
364 1070 407 1150 δι’
432 1070 534 1170 ἡμᾶς,
558 1070 616 1149 ἵνα
645 1069 774 1175 νικήοη
801 1068 865 1149 τὸν
889 1068 1043 1152 θάνατον
1069 1067 1158 1173 ῦπέρ
1184 1069 1296 1168 ἡμῶν,

97 1193 155 1269 καί
174 1191 265 1292 ὅλην
284 1195 396 1301 ἑαυτῷ
421 1192 685 1297 συναναστήση
710 1192 776 1292 τὴν
795 1193 920 1299 φῦσιν·
950 1191 1081 1277 πάντες
1108 1191 1180 1296 γάρ
1207 1190 1296 1302 ἦμεν

96 1316 135 1393 ἐν
166 1316 274 1423 αὐτῷ,
304 1314 395 1396 καθὸ
427 1317 574 1418 γέγονεν
605 1316 805 1420 ἅνθρωπος·
851 1319 944 1396 οὕτω
981 1320 1039 1396 καὶ
1071 1314 1113 1397 τό
1147 1322 1297 1415 Πνεῦμα

97 1437 235 1542 δέχεται
264 1441 308 1519 δι’
337 1440 441 1538 ἡμᾶς,
470 1441 528 1519 ἵνα
556 1446 682 1520 πᾶσαν
710 1439 849 1546 ἁγιάσῃ
880 1439 946 1541 τὴν
975 1439 1101 1547 φύσιν.
1151 1441 1194 1519 οῦ
1224 1438 1297 1543 γάρ

45 1597 85 1636 10
98 1560 223 1641 ἑαυτὸν
247 1562 452 1670 ὠφελήσων
476 1562 662 1664 ἐλήλυθεν,
685 1565 770 1643 ἀλλ’
795 1565 854 1644 ἵνα
878 1571 992 1644 πᾶσιν
1012 1564 1096 1663 ἡμῖν
1118 1565 1178 1644 καί
1206 1564 1297 1666 θῦρα

96 1687 156 1763 καί
174 1683 268 1790 ἀρχὴ
286 1688 344 1766 καί
363 1685 445 1771 όδῦς
462 1687 606 1789 γε’νηται
624 1695 697 1766 τῶν
715 1689 887 1790 οὐρανίων
906 1690 1062 1789 ἀγαθῶν.
1102 1692 1130 1766 εἰ
1151 1685 1223 1788 γάρ
1246 1685 1297 1784 μὴ

96 1806 195 1916 ἐδοξε
221 1810 421 1908 λαμβάνειν
453 1815 501 1894 ὡς
534 1808 784 1912 ἀνθρωπος,ἢ
818 1815 876 1891 καί
909 1809 1066 1921 πάσχειν
1093 1813 1141 1895 ὡς
1173 1809 1223 1894 εἰς
1247 1810 1300 1917 ἐξ

96 1933 210 2031 ήμῶν,
234 1940 311 2018 πῶς
339 1933 383 2013 ἀν
410 1932 523 2040 ἐδειξέ
545 1968 599 2017 τις
627 1934 682 2013 ότι
709 1936 961 2014 τεταπείνωκεν
986 1930 1133 2031 ἐσυτόν;
1168 1930 1192 2034 ἢ
1219 1940 1331 2018 πῶςί)

97 2053 142 2133 ἀν
160 2057 281 2156 ἐσώθη
300 2064 420 2142 καλῶς
444 2059 467 2158 ἡ
490 2065 555 2137 τοῦ
582 2057 714 2137 δούλου
736 2056 872 2164 μορφὴ,
891 2063 920 2137 εἰ
945 2054 996 2156 μή
1020 2091 1056 2136 τι
1080 2059 1137 2135 καὶ
1162 2059 1294 2136 δουλο-

45 2201 83 2261 15
98 2178 228 2281 πρεπές
252 2181 393 2286 ἐγράφη
418 2184 500 2284 περὶ
527 2181 662 2279 αὐτοῦς
693 2179 744 2280 μὴ
771 2180 1000 2284 διασυρέσθω
1023 2180 1144 2259 τοίνυν
1161 2179 1182 2258 ό
1199 2180 1294 2259 πάν·

98 2309 216 2409 σοφος
247 2309 311 2403 τὴς
344 2306 545 2403 οἰκονομίας
582 2302 703 2406 λόγος,
737 2302 778 2384 όν
810 2307 869 2384 καὶ
905 2301 1010 2387 αὐτὸς
1047 2305 1068 2382 ό
1105 2303 1297 2387 θεσπέσιος

99 2432 248 2512 Παῦλος
266 2424 408 2512 εἰκότως
426 2427 667 2529 ἀποθαυμάζει
685 2433 784 2524 βοῶν
803 2438 824 2475 “
836 2424 917 2506 Ἵνα
936 2432 1121 2532 γνωρισθῇ
1140 2435 1203 2507 νῦν
1219 2431 1296 2510 ταῖς
1342 2432 1458 2550 {ghi-¹¹⁸³&

98 2562 120 2599 ‘⁴
140 2553 265 2656 ἀρχαῖς
297 2555 356 2630 καὶ
389 2559 467 2635 ταῖς
498 2552 677 2657 ἐξουσίαις
709 2554 748 2631 ἐν
778 2557 852 2635 τοῖς
885 2552 1104 2653 ἐπουρανίοις
1140 2548 1199 2630 διὰ
1233 2553 1298 2649 τὴς
1376 2535 1383 2556 '

98 2685 121 2722 ‘⁶
138 2675 360 2775 Ἐκκλησίας
387 2675 410 2774 ὴ
438 2675 696 2759 πολυποίκιλος
723 2675 840 2783 σοφία
866 2682 931 2754 τοῦ
953 2680 1060 2772 Θεοῦ,
1083 2672 1176 2754 κατὰ
1201 2672 1296 2776 πρό·

45 2828 85 2869 20
98 2809 121 2846 ‘⁴
139 2804 242 2878 θεσιν
275 2804 348 2877 τῶν
385 2800 523 2879 αἰώνων
555 2797 601 2898 ὴν
633 2799 801 2899 ἐποίησεν
833 2801 870 2878 ἐν
903 2804 1056 2906 Χριστῷ
1085 2797 1211 2897 Ἰησοῦ
1246 2801 1298 2902 τῷ

99 2934 120 2972 “
141 2922 263 3030 Κυρίῳ
281 2923 415 3022 ήμῶν.”
455 2924 571 3030 σοφία
595 2921 667 3025 γάρ
697 2923 808 3006 ὅντως
833 2926 891 3002 καί
918 2917 1127 3025 θεοπρεπὴς,
1145 2919 1187 2999 τὸ
1205 2921 1327 3022 μέγας

98 3049 161 3144 τῆς
178 3044 482 3149 ἐνανθρωπήσεως
499 3048 625 3148 ὁρᾶται
642 3043 853 3147 μυστήριον.

154 3168 335 3270 Τοιαότην
364 3168 457 3274 ἐχειν
487 3169 580 3268 ἡμᾶς
612 3167 678 3268 τὴν
707 3170 788 3271 περὶ
824 3175 889 3248 τοῦ
921 3171 1091 3271 Σωτῆρος
1122 3164 1297 3271 διάληψιν

98 3295 227 3395 χρῆναι
245 3296 316 3372 δεῖν
335 3288 581 3390 ὑπολαμβάνω
599 3287 681 3374 τοῦς
699 3292 860 3387 εὐσεβεῖν
877 3291 1076 3388 ἐλομένους,
1094 3292 1152 3370 καί
1171 3291 1229 3370 ἐπὶ
1251 3295 1297 3394 τῇ

46 3438 86 3499 25
99 3422 171 3495 τῶν
203 3413 393 3518 δογμάτων
424 3411 592 3519 ὀρθότητι
626 3416 827 3519 χαίροντας·
873 3414 915 3494 οῦ
952 3412 1023 3515 γὰρ
1061 3411 1176 3514 δήπου
1206 3412 1300 3517 πρὸς

99 3537 281 3638 τοσαύτην
317 3539 471 3641 ἀλογίαν
507 3536 789 3637 καταβησόμεθα
825 3541 884 3617 καί
919 3537 1033 3637 ἡμεῖς,
1075 3541 1123 3621 ὡς
1161 3535 1300 3616 οἴεσθαι

98 3659 270 3759 μεθεκτῖιν
294 3663 332 3740 ἐν
354 3669 407 3769 τῷ
435 3659 527 3741 κατά
554 3660 669 3768 φῦσιν
685 3666 765 3768 Υἰῷ
791 3659 833 3740 τό
860 3666 1010 3760 Πνεῦμα
1037 3659 1218 3765 ὑπάρχειν,
1241 3662 1299 3738 καὶ

99 3786 178 3888 οῦχί
210 3792 355 3884 μᾶλλον
383 3786 567 3869 οῦσιωδῶς
596 3783 810 3890 ἐμπεφυκὸς,
838 3781 964 3887 ὥσπερ
994 3784 1057 3863 οῦν
1086 3780 1210 3880 ἀμέλει
1240 3784 1299 3860 καί

99 3909 197 4015 αὐτῷ
218 3914 270 4017 τῷ
291 3908 421 4013 Πατρί.
461 3906 586 4012 ὥσπερ
610 3907 682 4011 γὰρ
708 3914 773 3987 τοῦ
793 3905 949 4010 Πατρός,
968 3908 1059 3985 οὕτω
1084 3902 1128 4004 δὴ
1152 3905 1211 3983 καὶ
1235 3910 1300 3983 τοῦ

139 4185 162 4223 1.
181 4169 231 4307 ἔδυ
244 4179 411 4239 assumptum
425 4187 457 4224 ex
472 4170 505 4223 B.
549 4167 703 4241 πτωχεύσεις
716 4167 749 4222 Β.
821 4183 849 4239 3.
865 4168 931 4238 πρὸς
944 4163 987 4238 δν]
1000 4165 1135 4236 ἅνθρωπος
1144 4165 1251 4236 προσὸν
1263 4162 1300 4223 Β.

100 4252 127 4306 5.
146 4242 181 4306 ζω
206 4239 368 4364 ριατὰφόριν
396 4241 459 4294 κατὰ
471 4239 554 4311 φόσιν
567 4241 617 4308 (ων)
630 4240 672 4321 καὶ
708 4238 800 4330 ‹Bc’B¹¹
848 4309 855 4328 ἴ
971 4239 1072 4324 κωμικοὶ
1085 4245 1252 4307 assumptum
1264 4253 1298 4290 ex
1370 4308 1374 4313 Ι

102 4310 135 4364 Β.
184 4310 292 4380 θνρακα
314 4333 382 4381 αρχη
395 4313 437 4364 καὶ
449 4311 508 4367 ὁδὸς
521 4309 572 4365 hoc
586 4309 677 4365 ordine
717 4330 804 4379 .αρχη
817 4330 857 4362 και
870 4309 929 4364 δδδς
941 4309 981 4362 καὶ
995 4308 1059 4379 θνρα
1073 4307 1124 4361 Ed.
1207 4322 1248 4371 14.
1267 4306 1299 4360 ἃν

100 4397 154 4435 om.
170 4380 202 4434 Β.
285 4395 325 4452 15.
343 4383 403 4451 περὶ
414 4383 506 4435 ἐαυτοῦ
519 4381 558 4435 Β.
637 4379 678 4434 16.
697 4381 774 4434 ιιιίτδν
787 4380 823 4434 Ι).
906 4396 949 4450 23.
967 4379 1033 4448 ὑμᾶς
1047 4379 1078 4432 Β.
1159 4377 1201 4431 28.
1221 4377 1299 4444 ἐμπε·

100 4453 184 4572 φυκδς
198 4451 231 4508 Β.
241 4451 347 4508 Veccus
359 4452 483 4541 inqepigr.
493 4469 520 4506 v.
532 4448 676 4522 ἐκπεφυκὸς
690 4450 741 4506 Ed.
788 4451 829 4504 καί
841 4449 935 4520 ἀμέλει
947 4451 1052 4507 invem
1063 4447 1156 4503 ordine
1169 4446 1202 4503 Β.
1215 4446 1301 4503 invito

128 4538 200 4576 ecco.
306 4539 349 4590 29.
368 4523 400 4590 δη
413 4533 582 4591 assumptum
595 4539 627 4575 ex
642 4521 740 4576 Vecco.

143 4621 214 4665 νου.
231 4623 254 4666 1.
672 4623 691 4667 Β
707 4603 728 4666 b
