3038 5018
83 294 191 381 vi.45.
272 298 330 365 IN
361 301 672 370 ΜΟΑΝΝΕΜ.
717 303 898 371 121Mv.
942 303 1044 369 OAP.
1068 305 1096 370 Ι.
1218 302 1284 368 509

83 462 192 566 άννης
210 475 232 513 “
249 470 320 547 Καὶ
345 470 441 568 ῦμεῖς
466 468 509 550 τὸ
533 471 674 575 χρίσμα
699 469 719 550 δ
745 471 892 566 ἐλάβετε
918 472 979 551 ἀπ’
1000 473 1110 550 αὐτοῦ
1132 473 1227 570 μένει
1246 471 1284 547 ἐν
1328 450 1451 581 ἐθίζω

84 598 106 636 “
125 591 216 688 ύμῖν,
238 593 296 671 καὶ
324 591 366 672 ού
393 593 517 696 χρείαν
542 592 639 697 ἔχετε
666 595 724 673 ἵνα
747 627 801 678 τις
825 592 979 700 διδάσκῃ
1003 596 1104 691 ὑμᾶς,
1126 590 1211 672 ἀλλ’
1234 595 1284 676 ὡς

84 722 106 760 “
123 711 166 791 τῦ
185 715 293 794 αὐτοῦ
311 715 451 819 χρίσμα
476 715 636 795 διδάσκει
662 717 752 814 ὑμᾶς
775 721 856 820 περὶ
882 716 1061 798 πάντων.”
1101 719 1158 797 καὶ
1178 714 1317 800 αύτὸςλ)

83 835 126 915 δέ
145 871 217 917 που
242 842 357 945 φησὶν
383 840 403 918 ὁ
430 837 569 941 Σωτὴρ,
588 842 635 923 ὡς
660 842 742 943 περὶ
768 848 832 920 τοῦ
856 839 1100 943 παρακλήτου,
1118 840 1284 922 τουτέστι

51 968 148 1040 5τοῦ
181 960 392 1060 Πνεύματος
425 959 545 1042 “Ἔτι
580 960 706 1042 πολλά
743 963 814 1068 έχω
853 964 971 1066 λέγειν
1004 967 1095 1065 ύμῖν,
1124 963 1210 1045 ἀλλ’
1241 965 1284 1045 ού
1328 948 1438 1066 iffi„

84 1093 106 1130 “
124 1084 282 1166 δύνασθε
300 1083 495 1189 βαστάζειν
513 1085 606 1188 ἀμτι·
638 1084 724 1166 ὅταν
743 1086 781 1168 δέ
807 1085 899 1193 ἐ’λθη
924 1090 1062 1185 ἐκεῖνος,
1081 1087 1123 1168 τὸ
1144 1098 1285 1189 πνεῦμα
1332 1095 1371 1144 ¹⁴·

27 1242 30 1246 ’
84 1217 106 1254 “
124 1212 188 1308 τῆς
205 1210 385 1309 ἀληθείας,
405 1207 576 1312 ὁδηγήσει
595 1211 686 1308 ύμάς
702 1212 740 1289 ἐν
759 1215 806 1316 τῇ
825 1213 976 1318 ἀληθείᾳ
994 1210 1109 1318 πάση·
1151 1213 1193 1291 ού
1212 1211 1285 1315 γάρ

86 1342 107 1380 “
124 1330 282 1432 λαλήσει
314 1333 377 1439 ἀφ’
407 1334 547 1424 ἑαυτοῦ,
575 1331 661 1414 ἀλλ’
690 1332 764 1415 ὅσα
796 1333 916 1417 ἀκούει
947 1335 1117 1436 λαλήσει,
1148 1336 1207 1416 καὶ
1238 1335 1285 1416 τά

85 1466 107 1503 “
125 1453 298 1560 ἐρχόμενα
316 1459 510 1559 ἀναγγελεῖ
529 1458 621 1556 ύμῖν.
661 1459 790 1543 ἐκεῖνος
814 1456 875 1556 ἐμέ
899 1457 1059 1566 δοξάσει,
1077 1458 1133 1540 ὅτι
1158 1461 1197 1541 ἐκ
1220 1468 1285 1540 τοῦ

31 1603 71 1644 ¹0
84 1588 106 1627 “
125 1581 210 1677 ἐμοῦ
228 1578 397 1686 λήψεται,
417 1583 476 1661 καὶ
493 1583 686 1684 ἀναγγελει
711 1618 805 1682 υμιν.
865 1592 1005 1680 πνεῦμα
1027 1581 1098 1689 γάρ
1116 1584 1285 1683 ἀληθείας

84 1701 257 1808 ι’πάρχον,
281 1701 549 1809 φωταγωγήσει
572 1702 655 1788 τοῦς
679 1709 717 1785 ἐν
741 1704 793 1790 οἷς
818 1704 863 1785 ἀν
885 1705 1034 1806 γένοιτο,
1053 1711 1111 1787 καὶ
1136 1710 1193 1790 ἐπὶ
1218 1706 1285 1809 τὴν

83 1831 147 1924 τῆς
174 1828 342 1927 ἀληθείας
369 1827 632 1932 χειραγωγήσει
660 1827 880 1936 κατάληψιν.
923 1833 981 1910 καὶ
1007 1831 1121 1911 ταῦτα’
1145 1839 1283 1936 φαμεν,

85 1950 152 2054 οὐχ
178 1954 227 2034 ὡς
253 1949 528 2056 κατασχίζοντες
555 1956 603 2036 είς
629 1951 904 2056 ἀλλοτριότητα,
926 1959 985 2034 καὶ
1011 1961 1059 2038 είς
1086 1954 1128 2035 τὸ
1156 1958 1315 2060 διῃρη-ο

84 2073 199 2172 μένως
223 2072 315 2154 κατὰ
338 2073 380 2155 τὸ
404 2070 518 2174 πάνή
543 2071 608 2154 τὸν
626 2075 774 2179 Πατέρα
796 2074 947 2162 τιθέντες
970 2085 1034 2158 τοῦ
1051 2084 1153 2177 Υίοῦ,
1171 2077 1286 2181 ἤγουν

32 2215 71 2280 15
85 2196 149 2278 τὸν
166 2197 256 2279 Υίῦν
279 2206 343 2278 τοῦ
365 2197 520 2300 Πατρός,
544 2199 628 2279 ἀλλ’
649 2197 729 2280 ούδέ
756 2198 798 2280 τὸ
825 2205 973 2299 Πνεῦμα
999 2199 1042 2281 τὸ
1063 2198 1195 2304 Ἀγιον
1221 2211 1286 2284 τοῦ

87 2320 233 2427 Πατρός
257 2325 316 2402 καὶ
338 2329 401 2403 τοῦ
419 2327 520 2420 Υὶοῦ,
539 2324 624 2402 ἀλλ’
645 2322 742 2426 ε’ίπερ
765 2325 831 2423 μία
855 2323 979 2425 θεύτης
1005 2327 1088 2405 ἐστί
1108 2360 1146 2406 τε
1173 2325 1287 2410 ὅντως

86 2449 145 2525 καὶ
170 2448 262 2527 οὕτω
288 2444 497 2550 κηρύττεται
521 2447 561 2526 ἐν
582 2479 628 2550 τη
655 2448 741 2554 ἀγίρ
769 2451 827 2528 καὶ
855 2449 1036 2556 ὁμοουσίερ
1063 2447 1286 2552 θεωρουμένη

87 2567 226 2673 Τριάδι,
241 2569 300 2651 ’τά
328 2569 471 2679 ἑκάστιρ
502 2567 785 2674 προσαπτόμενα
818 2574 876 2651 καὶ
909 2572 1004 2656 ίδίως
1037 2573 1286 2653 ἀνατεθεῖσθαι

87 2698 269 2791 δοκοῦντα,
286 2694 410 2793 πάσης
435 2691 523 2775 εἶναι
548 2694 776 2798 διοριῷμενοι
800 2700 864 2796 τῆς
890 2693 1057 2795 θεότιμος
1082 2694 1221 2788 βουλάς
1245 2730 1285 2776 τε

31 2848 72 2891 20
87 2819 145 2895 καὶ
164 2817 347 2919 ἐνεργείας.
388 2816 572 2918 ἐνεργήσει
595 2815 666 2919 γάρ
691 2818 734 2898 δι’
755 2818 879 2917 ἑαυτῆς
904 2820 945 2897 ού
969 2819 1236 2920 μεμερισμένως
1261 2821 1285 2922 ἡ

86 2940 162 3019 θεία
194 2972 232 3020 τε
260 2943 319 3021 καὶ
352 2940 548 3043 ἀδιαίρετος
583 2939 704 3046 φύσις,
732 2939 823 3023 ὅσον
849 2941 934 3041 ἧκεν
961 2947 1009 3026 εἰς
1036 2941 1100 3023 τὸν
1128 2943 1190 3024 ένα
1221 2947 1285 3042 τῆς

86 3060 252 3162 θεότιμος
285 3061 408 3167 λόγον,
440 3071 469 3144 εί
501 3066 560 3144 καὶ
591 3064 769 3169 ὑφέστηκε
799 3070 872 3145 τῶν
902 3067 1101 3163 νοουμένων
1130 3066 1318 3147 ἕκαστονᾶ

86 3185 358 3272 ίδιοσυστάτως·
389 3187 468 3267 ἐστι
486 3185 558 3290 γὰρ
576 3185 596 3266 ὅ
614 3187 715 3266 ἐστιν
734 3188 754 3266 ὁ
775 3186 913 3290 Πατὴρ,
933 3190 992 3268 καὶ
1010 3190 1030 3268 ὁ
1047 3187 1135 3272 Υἱὸς
1154 3189 1284 3288 ὁμοίως

85 3312 144 3388 καὶ
162 3310 204 3390 τὸ
217 3311 350 3413 ’Ἂγιον
369 3315 529 3408 Πνεῦμα.
560 3306 651 3412 πρὸς
669 3309 713 3388 δέ
725 3343 768 3411 γε
786 3316 860 3393 τοῖς
879 3311 1071 3414 είρημένοις
1087 3319 1280 3416 περιαθρη-

32 3456 72 3519 25
86 3432 166 3512 τέον
186 3437 336 3515 κάκεῖνο·
356 3433 402 3513 τά
420 3433 511 3538 πρός
528 3468 563 3515 τι
581 3468 658 3519 πως
677 3431 806 3539 ἔχοντα
823 3440 895 3514 τῶν
913 3433 1108 3535 ὀνομάτων,
1127 3435 1218 3517 αύτά
1239 3441 1282 3518 δι’
1344 3448 1350 3455 ’

85 3557 222 3665 ἀμφοῖν
249 3557 463 3661 γνωρίζεται,
492 3559 551 3637 καὶ
582 3555 648 3656 τὴν
677 3565 742 3636 τοῦ
773 3555 851 3642 ἐνὸς
881 3558 1044 3660 δήλωσιν
1073 3562 1111 3641 ἐν
1144 3567 1190 3667 τῇ
1220 3569 1285 3642 τοῦ

86 3682 204 3784 ἐτέρου
222 3683 358 3763 κατίδοι
380 3716 434 3766 τις
456 3682 513 3761 ἀν.
550 3682 677 3762 οῦκοῦν
696 3679 835 3783 ἀνάγκη
853 3680 919 3782 μέν
935 3691 1041 3765 πᾶσα
1059 3683 1119 3764 διά
1138 3683 1285 3787 Πατρός

87 3806 408 3888 ἀποκαλύπτεσθαι
426 3804 490 3887 τὸν
506 3802 606 3901 Υίδν,
624 3802 666 3882 δι’
685 3809 777 3885 Υῦοῦ
795 3805 830 3885 δ’
851 3807 896 3886 αθ
912 3806 1026 3888 πάλιν
1044 3806 1108 3887 τὸν
1124 3809 1281 3910 Πατερα·

86 3929 339 4031 συνεισάγεται
370 3928 441 4033 γάρ
475 3927 619 4013 πάντως
654 3927 794 4036 θατέρερ
827 3927 871 4010 τῦ
908 3930 1038 4032 ἕτερον,
1069 3933 1128 4010 καὶ
1164 3929 1199 4009 εἴ
1230 3963 1285 4014 τις

29 4081 73 4142 3ο
86 4054 190 4151 εἰδείη
225 4051 369 4157 Πατέρα
404 4059 450 4158 τῇ
485 4053 596 4160 φύσει
631 4051 696 4132 τῦν
727 4050 832 4150 θεὸν,
862 4053 1022 4154 ἐννοήσει
1059 4053 1103 4154 δὴ
1139 4052 1314 4139 πάντωςο

123 4330 149 4381 5.
168 4314 255 4386 λέγει
267 4314 386 4384 ιμῑιυοε
399 4313 491 4369 ordino
505 4315 536 4368 ο.
626 4313 651 4367 ε.
671 4313 766 4370 επακ
778 4314 814 4369 υ.
828 4313 908 4369 μου
921 4314 973 4369 Ed.
1062 4332 1088 4384 9.
1107 4279 1140 4385 ἐξ)
1159 4316 1238 4383 εμπ,
1251 4313 1285 4369 υ.

88 4385 276 4453 ἐκεῖνος-ὑμίν
287 4404 378 4440 assum
398 4395 425 4439 ta
437 4403 470 4440 ex
483 4385 555 4440 B.D.
568 4383 685 4457 Georgio
698 4385 810 4458 Tnpez.
962 4385 1005 4440 16.
1023 4383 1096 4456 ε’ίπερ
1107 4337 1168 4457 Max]
1180 4385 1268 4441 ἐπείτε

87 4457 140 4524 ἅμα
154 4456 186 4510 Β.
234 4459 365 4528 τὸρτοτε
380 4405 413 4511 ἐς
485 4456 689 4511 τ.ὁυ1ι.ουι.
703 4456 735 4510 Β.
817 4455 860 4511 26.
879 4459 926 4510 τοῦ
937 4456 1012 4527 prius
1025 4472 1079 4510 om.
1094 4455 1126 4510 Β.
1199 4405 1285 4511 εδδ

87 4525 132 4597 αὖ]
146 4528 173 4580 δι’
187 4527 218 4582 B.
327 4545 370 4599 29.
388 4472 542 4599 yprffi.
