3038 5018
257 236 299 299 ιι
559 237 598 300 Β.
621 234 832 302 cmm
862 232 1150 302 ALEXANDR.
1392 233 1412 295 i·
1427 254 1456 316 3·

256 395 525 499 ἀπαυγοίσματι,
548 398 590 480 τὸ
618 400 662 508 ἐξ
687 401 795 504 οἷπερ
823 400 1060 508 ε’ξηστρόφθη
1089 406 1179 507 φῶς·
1220 402 1257 478 ἐν
1285 397 1356 500 γὰρ
1385 404 1456 481 τοῖς

255 521 426 605 τοιούτοις
450 522 663 627 χωρίζεσθαι
686 526 751 624 μέν
774 559 852 610 πως
879 526 1015 630 ἐπινοίᾳ
1043 520 1206 604 δοκεῖτὸ
1234 528 1368 624 γεννῶν
1393 530 1457 600 τοῦ

256 645 477 744 γεννωμένου
504 649 563 727 καὶ
590 647 897 751 προεκκόπτοντος
925 648 1140 751 ἀμερίστως·
1175 646 1213 726 ἓν
1232 646 1275 723 δέ
1294 648 1373 724 ἐστι
1399 648 1457 735 καὶ

256 765 453 873 ταῦτὸντῇ
479 771 588 875 φύσει
612 770 654 851 τὸ
679 771 966 876 συναμφότερον,
993 775 1051 851 καὶ
1076 771 1159 875 δίχα
1183 778 1246 848 τοῦ
1272 769 1390 870 ἑτέρου
1415 768 1456 846 τὸ

256 889 376 995 ἕτερον
394 894 566 992 οὐδαμῶς·
598 892 700 974 ἔσται
719 894 756 975 δέ
773 894 885 976 πόλιν
904 898 963 975 καὶ
982 893 1069 995 ῦπέρ
1087 903 1192 974 τοῦτο
1211 892 1313 988 Θεὸς,
1332 890 1392 970 ἅτε
1413 892 1456 989 δὴ
1471 920 1489 980 5

256 1020 315 1096 καὶ
342 1015 554 1119 ῦπεροόσιος
582 1017 644 1116 ῶν,
671 1021 731 1098 καὶ
759 1016 801 1098 τὸ
829 1019 946 1121 ἄκρως
972 1015 1184 1121 προσεοικὸς
1213 1017 1276 1095 οῦκ
1303 1013 1395 1119 έχων
1419 1017 1456 1093 ἐν

255 1145 425 1253 γενητοῖς,
455 1141 513 1221 ίνα
543 1138 588 1248 δή
617 1147 675 1221 καὶ
707 1147 755 1226 είς
785 1142 903 1223 εἰκόνα
934 1140 1167 1241 λαμβάνηταί
1193 1174 1227 1219 τι
1259 1142 1322 1237 τῆς
1352 1140 1457 1239 ἁγίας

256 1261 422 1364 Τριόδος,
453 1263 555 1345 οῦδὲνΙ
587 1264 743 1370 ἔχουσαν
772 1264 814 1346 τὸ
849 1263 1079 1356 διαλλάττον,
1109 1267 1157 1347 ῶς
1189 1269 1237 1347 είς
1267 1261 1457 1364 δογμάτων

221 1387 451 1489 ᾱάκρίβειαν.
496 1393 526 1468 εί
554 1388 593 1469 δὲ
622 1388 804 1491 νομίζουσι
832 1388 1008 1469 δύνασθαι
1035 1386 1077 1468 τό
1101 1388 1158 1466 Δι’
1184 1386 1236 1484 οὗ,
1259 1386 1456 1485 λεγόμενον

255 1512 311 1616 ἐφ’
331 1516 432 1609 Υίοῦ,
451 1514 663 1618 καταφερειν
681 1514 789 1594 αὐτοῦ
806 1511 873 1613 τήν
891 1513 1018 1592 οὐσίαν
1035 1515 1098 1612 τῆς
1117 1509 1208 1615 πρὸς
1226 1508 1290 1590 τὸν
1309 1511 1455 1611 Πατέρα
1473 1549 1509 1587 ιο

257 1631 423 1734 ἰσότητος
459 1670 498 1715 τε
533 1639 592 1716 καὶ
627 1640 783 1743 φυσικῆς
820 1632 1037 1736 ὁμοιότητος,
1071 1639 1118 1720 ὡς
1158 1632 1337 1737 ὑπουργὸν
1369 1629 1456 1713 εἶναι

255 1764 402 1856 μᾶλλον
419 1757 442 1860 ἢ
468 1758 695 1863 δημιουργὸν,
714 1757 1058 1839 διασκεπτείτθωσαν
1085 1763 1117 1838 οὶ
1140 1757 1378 1865 παρόφρονες,
1399 1760 1456 1836 καὶ

255 1887 305 1965 εἰς
333 1882 446 1982 μέσον
474 1883 557 1982 ἡμῖν
583 1882 742 1982 ἡκόντων
769 1882 1096 1986 ἀπολογησόμενοι,
1123 1885 1161 1962 τί
1184 1917 1273 1961 ποτε
1301 1882 1371 1984 ἄρα
1398 1885 1458 1960 καὶ

255 2009 336 2110 περὶ
362 2006 470 2087 αὐτοῦ
493 2014 558 2087 τοῦ
577 2006 722 2112 Πατρός
740 2005 966 2107 ε’ννοήσομεν,
986 2008 1065 2087 τίνα
1090 2004 1128 2086 δὲ
1154 2003 1241 2085 εἶναι
1266 2009 1323 2085 καὶ
1349 2005 1458 2085 αὐτὸν

254 2129 533 2238 ῦποληφόμεθα,
552 2129 639 2211 όταν
664 2132 834 2236 φαίνηται
859 2126 1048 2234 δεχόμενος
1074 2129 1116 2211 τό
1136 2131 1194 2208 Δι’
1216 2131 1257 2210 οὗ
1285 2128 1384 2232 παρὰ
1412 2135 1456 2234 τῇ
1473 2164 1507 2225 15

87 2255 201 2388 ξοδδ
256 2254 334 2360 θείη
362 2257 512 2360 γραφῇς
554 2265 575 2302 “
590 2252 733 2337 Πιστὸς
764 2250 836 2357 γάρ
866 2256 977 2352 ἐστιν,
1006 2259 1132 2361 φησὶν,
1161 2256 1181 2334 ό
1209 2251 1313 2351 Θεὸς,
1342 2256 1385 2332 δι’
1415 2255 1457 2332 οῦ

89 2388 200 2518 2¹⁰⁰&
226 2385 280 2454 e“
297 2375 471 2476 ἐκλήθητε
502 2383 551 2463 είς
583 2378 767 2458 κοινωνίαν
797 2386 861 2457 τοῦ
887 2381 979 2457 Υίοῦ
1012 2378 1151 2474 αὐτοῦ,”
1183 2380 1241 2457 καὶ
1271 2388 1293 2425 “
1309 2382 1457 2462 Παῦλος

87 2491 121 2534 ”
198 2490 205 2503 ’
257 2509 281 2547 “
299 2498 506 2586 ἀπόστολος
532 2499 656 2601 Ἰησοῦ
687 2506 853 2604 Χριστοῦ
888 2501 946 2582 διὸ
981 2500 1183 2600 θελήματος
1216 2503 1348 2581 Θεοῦ·”
1399 2504 1457 2580 καὶ

87 2634 192 2764 {kl-iv·
256 2621 370 2703 πάλιν
396 2625 487 2728 πρός
514 2660 613 2709 τινας
642 2627 662 2705 ό
691 2629 841 2710 Παῦλος
869 2625 1076 2705 ἐπιστέλλει
1104 2634 1126 2672 “
1138 2621 1256 2704 Ὥστε
1285 2624 1399 2703 οῦκέτι
1427 2621 1460 2703 εἶ

108 2735 115 2750 ’
256 2757 280 2794 “
298 2751 443 2846 δοῦλος,
464 2748 564 2828 ἀλλὰ
589 2747 675 2833 υἱός·
705 2754 735 2828 εί
760 2746 797 2827 δὲ
824 2749 908 2848 υίὸς,
927 2752 984 2828 καὶ
1007 2747 1229 2852 κληρονόμος
1248 2746 1305 2828 διὸ
1325 2751 1454 2828 Θεοῦ.”
1471 2786 1511 2831 ιο

255 2878 370 2951 ταῦτα
401 2869 446 2972 δή
478 2871 674 2972 σύμπαντα
704 2871 773 2974 τήν
804 2871 992 2978 ἀναφορὰν
1020 2878 1069 2956 εὶς
1101 2871 1144 2953 τὸ
1175 2879 1240 2952 τοῦ
1270 2876 1366 2952 Θεοῦ
1398 2877 1456 2952 καὶ

259 2993 406 3099 Πατρός
433 2996 504 3103 ἕχει
530 2993 740 3100 πρόσωπον,
768 2999 828 3077 καὶ
856 2997 899 3076 οῦ
927 2994 1042 3096 δήπου
1072 2995 1163 3098 πρός
1193 3004 1299 3075 τοῦτο
1328 2997 1456 3093 μανίας

256 3118 402 3198 ἐλόσειέ
414 3154 479 3217 τις,
497 3125 526 3199 εἰ
551 3118 602 3220 μή
627 3121 729 3225 τόχοι
753 3127 827 3204 τοῖς
851 3119 1114 3223 προειρημένοις
1137 3117 1183 3200 τὸ
1207 3119 1273 3198 ’ίσα
1291 3125 1452 3224 φρονῶν,

88 3262 134 3317 49
146 3260 186 3316 A.
227 3244 305 3326 οῶς
322 3240 365 3321 τὸ
384 3247 447 3341 τῆς
465 3244 660 3347 ὑπουργίας
678 3244 792 3342 ὄνομά
809 3279 848 3325 τε
873 3247 930 3324 καὶ
952 3251 1104 3348 πρᾶγμα
1127 3247 1185 3323 καὶ
1211 3244 1319 3342 αὐτῆς
1343 3278 1451 3342 κατη-

255 3371 442 3467 γορεῖσθαι
473 3370 536 3464 τῆς
570 3375 634 3447 τοῦ
664 3367 809 3473 Πατρὸς
837 3366 945 3476 δόξης
978 3367 1137 3468 εὐλόγως
1165 3373 1285 3465 εἰπεῖν,
1313 3366 1455 3471 ἐπείπερ
1470 3398 1508 3460 25

256 3489 390 3594 ἠνέχθη
418 3492 476 3568 καὶ
504 3491 557 3569 ἐπ’
586 3492 695 3572 αὐτοῦ
724 3494 765 3573 τό
790 3493 849 3572 Δι’
873 3493 926 3573 οῦ.
973 3493 1162 3596 ἀδιαφορεῖ
1185 3489 1257 3593 γὰρ
1285 3489 1366 3570 ἔσθ’
1397 3491 1456 3570 ὅτε

255 3614 337 3717 περὶ
361 3612 426 3697 τὰς
451 3613 564 3719 λέξεις
591 3614 613 3713 ἡ
642 3614 718 3696 θεία
745 3612 880 3719 γραφὴ,
903 3613 1014 3715 μηδὲν
1039 3617 1215 3694 ἀδικοῦσα
1242 3613 1284 3694 τό
1313 3616 1454 3693 ῦποκεί-

255 3770 374 3835 μενον,
392 3738 771 3842 καταχρηστικῶτερον
789 3738 833 3818 δέ
844 3773 921 3822 πως
939 3737 1160 3844 ἐπιφέρουσα
1179 3745 1252 3822 τοῖς
1274 3771 1451 3836 σημαινο-

256 3861 373 3958 μένοις
391 3859 437 3940 τό
454 3896 493 3942 τε
510 3860 654 3966 ῥήματα
678 3866 736 3942 καὶ
757 3861 804 3942 τὸ
827 3864 869 3942 δι’
890 3858 940 3941 ὧν
959 3859 1005 3941 ἂν
1023 3862 1137 3962 σ’ίηται
1162 3866 1456 3961 καταδηλοῦσθαι

157 4039 163 4052 ·
258 3992 387 4069 καλῶς.
424 3984 525 4085 πλὴν
543 3989 652 4066 ἐκεῖνο
670 3986 858 4092 συμφέρον
876 3987 933 4067 ἐπὶ
951 3985 1089 4071 τούτοις
1108 3992 1226 4084 εἰπεῖν,
1243 3985 1297 4065 ὅτι
1317 3996 1338 4033 “
1350 3982 1456 4090 Δόξα
1470 4010 1509 4066 30

258 4120 281 4159 ‘⁴
299 4110 434 4214 Κυρίου
452 4109 597 4212 κρύπτει
615 4108 758 4212 λόγον·”
794 4112 901 4214 ὀλίγη
920 4110 991 4214 γὰρ
1009 4116 1114 4190 πᾶσα
1135 4106 1258 4211 λόγων
1275 4108 1391 4212 ἰσχῦς,
1409 4111 1456 4192 ὠς

294 4327 321 4384 6.
339 4329 416 4399 ὅκρος
429 4330 464 4386 E.
509 4333 668 4400 προσεοικὼς
682 4332 717 4386 D.
831 4342 856 4401 7.
874 4330 911 4402 τι]
925 4354 962 4388 τις
977 4330 1010 4384 Β.
1129 4346 1169 4400 13.
1189 4329 1408 4411 ἆπολογισήμενοι
1423 4329 1455 4382 Β.

263 4416 304 4465 ¹4·
322 4400 481 4469 ἐννοήσωμεν
493 4401 587 4483 Com:
602 4403 688 4457 Melit.
776 4474 782 4484 ο
823 4402 863 4455 16.
879 4402 954 4483 §oms
966 4409 1134 4472 assumptum
1148 4419 1180 4455 ex
1195 4401 1227 4455 B.
1240 4401 1315 4483 δοκοί
1328 4419 1354 4453 m
1368 4400 1457 4454 Veccu

259 4469 293 4524 ad
304 4470 408 4526 Theod.
422 4471 804 4543 Sugd.hb.1.Const.Mel1t.
819 4473 867 4528 Or.
877 4489 906 4527 ιι.
977 4489 1019 4544 29.
1039 4472 1182 4543 δηλοῦσθαι
1196 4472 1230 4526 Β.
1244 4471 1438 4527 mv1tchcco.
