3038 5018
236 297 280 362 70
538 296 579 363 B.
602 296 811 363 CYRILLI
841 297 1129 362 ALEXANDR.
1371 295 1392 360 i.
1406 314 1436 381 3.

236 457 349 563 λόγος
366 458 432 559 μέν
449 459 522 566 γάρ
539 465 597 543 καὶ
616 464 743 570 σοφία,
762 461 881 544 διὰτὸ
900 464 939 543 ἐκ
957 470 1021 543 νοῦ
1040 463 1097 542 καὶ
1116 463 1154 541 έν
1173 465 1224 569 νῷ
1247 466 1438 565 προσεχῶς

68 605 112 662 47
125 604 166 663 A.
206 587 296 664 ικαὶ
321 582 559 682 άδιαστάτως,
578 588 636 667 καὶ
662 586 729 685 τὴν
746 592 795 671 είς
820 586 971 686 ἄλληλα
995 592 1069 665 τῶν
1089 585 1371 686 σημαινομένων,
1390 586 1438 669 ῶς

238 704 283 788 ἂν
301 707 393 789 ε’ίποι
411 744 475 808 τις,
495 708 734 809 άντεμβολήν.
773 718 855 796 νοῦς
873 707 945 813 γάρ
967 710 1004 789 ἐν
1023 706 1125 818 λόγῳ
1150 711 1208 789 καὶ
1233 711 1360 816 σοφίᾳ,
1379 711 1438 788 καὶ

237 828 349 934 λόγος
376 838 425 918 εἱς
453 840 536 913 νοῦν
563 831 763 932 ἀμοιβαδὸν
788 832 1025 941 όφθήσονται,
1050 836 1108 913 καὶ
1136 831 1178 913 τὸ
1204 841 1439 933 μεσολαβοῶν

237 953 340 1035 οὐδέν
358 953 380 1056 ἢ
406 957 556 1062 χωρίζειν
574 965 637 1037 τοῦ
660 956 781 1062 ἑτέρου
797 955 840 1037 τδ
860 953 993 1061 ἕτερον·
1026 957 1173 1056 δύναμις
1191 954 1229 1037 δὲ
1246 953 1370 1056 πάλιν,
1390 961 1470 1042 ῶς5

238 1077 464 1163 άδιαστάτως
494 1088 568 1166 τοῖς
600 1080 693 1186 ἔχειν
720 1079 831 1182 αὐτὴν
857 1077 1063 1186 πεφυκόσιν
1088 1080 1350 1185 ἐνιπτάρχσυσα,
1379 1085 1439 1162 καὶ

238 1202 443 1301 μηδαμόθεν
461 1204 578 1285 αι’ντῶν
596 1207 644 1289 ῶς
663 1208 701 1284 έν
718 1204 819 1314 τάξει
837 1203 1112 1304 συμβεβηκότος
1130 1205 1306 1304 δυναμένη
1324 1206 1435 1309 χωρί-

239 1323 362 1428 ζεσθαι
395 1327 478 1433 δίχα
513 1332 577 1429 τῆς
613 1336 677 1409 τοῦ
715 1328 943 1429 ὑποκειμένου
979 1334 1130 1433 φθορᾶς·
1180 1327 1364 1433 χαρακτὴρ
1400 1328 1439 1408 δὲ

205 1448 361 1548 λιπάλιν,
381 1454 429 1535 ῶς
447 1453 499 1532 ἀεὶ
518 1451 772 1557 συμπεφυκὼς,
791 1455 849 1532 καὶ
866 1451 1079 1557 χωρίζεσθαι
1097 1448 1148 1551 μὴ
1166 1448 1358 1546 δυνάμενος
1375 1456 1438 1551 τῆς

239 1575 375 1671 οὐσίας,
402 1574 445 1675 ἧς
472 1575 552 1656 έστι
580 1572 777 1680 χαρακτήρ.
828 1577 965 1674 οὐκοῦν,
993 1571 1180 1677 ἐπειδήπερ
1210 1573 1372 1678 ἑκάτερος
1401 1576 1439 1655 ἐν
1455 1608 1493 1649 ιο

239 1696 392 1806 ἑκατέρῳ
420 1704 582 1802 φυσικῶς
609 1697 652 1778 τέ
675 1701 839 1780 ἐστικαὶ
868 1698 1080 1801 ἀναγκαίως,
1108 1696 1342 1801 ἐργαζομένου
1370 1701 1435 1798 δη-

239 1819 362 1902 λονότι
379 1829 443 1902 τοῦ
462 1819 607 1925 Πατρός
626 1823 647 1902 ό
665 1821 753 1907 Υἱὸς
771 1822 973 1927 ἐργάσεται,
993 1825 1042 1907 ῶς
1065 1823 1212 1921 δύναμις
1237 1819 1376 1927 φυσική
1399 1857 1439 1903 τε

238 1949 296 2026 καὶ
315 1943 491 2046 οὖσιιόδης
509 1948 567 2026 καὶ
584 1943 825 2030 ε’νυτόστατος
844 1946 965 2026 αὐτοῦ·
995 1945 1228 2049 ἐργαζομένου
1250 1944 1287 2026 δὲ
1309 1946 1439 2043 ὁμοίως

237 2077 302 2150 τοῦ
329 2073 431 2168 Υίοῦ,
458 2071 517 2149 καὶ
545 2070 565 2150 ὁ
594 2069 724 2172 Πατὴρ
755 2068 946 2174 ἐργάζεται,
974 2073 1023 2155 ὡς
1049 2067 1149 2172 πηγὴ
1175 2076 1239 2150 τοῦ
1265 2073 1435 2173 δημιουρ·

237 2201 387 2295 γοῦντσς
414 2191 548 2296 Λόγου,
577 2193 829 2301 ἐνυπάρχουσα
856 2201 1020 2300 φυσνεῶς
1048 2199 1099 2300 τῶ
1127 2192 1204 2300 ἰδίη)
1231 2191 1435 2294 γεννήματι,
1456 2222 1493 2283 15

238 2319 437 2419 ὡσπερανεὶ
456 2318 514 2396 καὶ
531 2315 575 2396 τδ
592 2324 665 2420 πῦρ
682 2323 728 2422 τῇ
746 2318 790 2424 ἐξ
805 2317 913 2398 αὐτοῦ
928 2316 1107 2422 προῖοόση
1126 2316 1327 2419 θερμότητι.

296 2439 489 2545 Πρόδηλον
527 2441 599 2538 οὖν,
631 2440 686 2521 ότι
723 2438 874 2540 μάταιον
908 2438 1133 2547 άναπέφσται
1168 2438 1210 2519 τὸ
1245 2437 1336 2520 κατὰ
1373 2448 1438 2520 τοῦ

209 2570 470 2666 οΜονσγενοῦς
505 2568 579 2644 τῶν
608 2564 652 2643 δι’
683 2565 842 2648 ἐναντίας
873 2562 1116 2666 κατηγόρημα,
1149 2562 1366 2666 δημιουργὸν
1400 2567 1440 2643 ἐκ

238 2687 439 2787 μαθήσεως,
464 2693 612 2787 μᾶλλον
637 2686 674 2768 δέ
703 2685 771 2788 ἤδη
798 2688 855 2767 καὶ
880 2687 1070 2790 ὑπουργὸν,
1090 2684 1332 2793 εἰσφερόντων
1354 2687 1440 2787 ἡμῖν

237 2808 356 2908 αὑτὸν,
374 2809 433 2890 διὰ
455 2807 497 2890 τὸ
522 2808 635 2917 φάναι
663 2809 726 2892 τὸν
750 2807 923 2915 μακάριον
948 2808 1227 2912 Εὖαγγελιστήν
1248 2812 1371 2891 Πάντα
1397 2806 1439 2890 δι’
1455 2844 1494 2884 20

238 2936 337 3014 αὐτῶ
361 2932 484 3037 ἐγένετο
511 2945 570 3016 καὶ
596 2941 700 3042 χωρὶς
728 2936 830 3016 αὐτῶ
857 2930 982 3036 ἐγένετο
1012 2927 1083 3014 οὐδὲ
1111 2933 1153 3014 ἕν.
1195 2932 1383 3037 θαυμάζειν
1401 2937 1445 3013 δέ

236 3081 298 3157 μοι
326 3061 383 3138 καὶ
412 3059 495 3139 λίαν
522 3057 707 3164 ε’πέρχεται
735 3055 820 3142 τοὺς
847 3056 1015 3141 ἀνοσίους
1044 3056 1247 3160 αἱρετικοός.
1298 3056 1345 3137 τὰ
1373 3055 1440 3157 μὲν

236 3179 319 3284 γὰρ,
347 3181 419 3263 όσα
445 3182 644 3286 παραλύειν
671 3186 770 3263 δοκεῖ
791 3216 870 3266 πως
896 3181 1016 3267 αὐτοῖς
1043 3188 1106 3262 τοῦ
1136 3185 1369 3284 Μονογενοῦς
1396 3179 1439 3261 τὸ

237 3305 390 3411 ἀξίωμα,
409 3310 466 3385 καὶ
486 3307 649 3409 δεύτερον
666 3303 776 3387 αὐτόν
794 3306 1006 3412 ἀποφαίνειν
1024 3313 1088 3386 τοῦ
1106 3302 1327 3407 γεννήτορας,
1348 3302 1440 3384 κατά

238 3426 367 3530 γετὸν
393 3431 432 3509 έν
458 3429 599 3514 ἐκείνοις
626 3428 714 3510 ὅντα
740 3428 891 3526 σκοπὸν,
916 3437 1030 3508 ταῦτα
1055 3426 1146 3527 μετὰ
1172 3430 1316 3528 πολλῆς
1343 3462 1438 3512 τινος
1454 3455 1492 3516 25

205 3557 416 3655 ἁθηρῶνται
441 3556 617 3652 σπουδῆς,
638 3557 696 3633 καὶ
721 3549 947 3656 πανταχόθεν
965 3551 1010 3631 τὰ
1036 3555 1100 3650 τῆς
1124 3553 1259 3632 ἑαυτῶν
1281 3555 1437 3654 δυστρσ·

236 3674 321 3758 πίοις
339 3675 553 3778 ε’ρανίζονται
576 3675 761 3784 φάρμακα·
789 3675 835 3756 τά
859 3673 897 3755 δέ
923 3673 996 3755 ὅσα
1019 3673 1132 3756 πάλιν
1150 3677 1251 3755 ε’στὶν
1268 3676 1375 3777 ὑγιῶς
1400 3709 1439 3755 τε

237 3800 295 3877 καὶ
323 3801 439 3903 ὀρθῶς
470 3798 644 3904 εἰρημένα,
676 3804 734 3881 καὶ
767 3804 815 3883 είς
846 3796 913 3899 τὴν
943 3807 1008 3879 τοῦ
1036 3796 1182 3902 Πατρός
1213 3798 1440 3902 ἀναφέροντα

236 3921 348 4029 δόξαν
365 3921 430 4004 τὸν
446 3922 546 4022 Υίδν,
564 3931 677 4003 ταῦτα
696 3922 739 4024 δὴ
757 3925 817 4003 καὶ
839 3920 941 4021 μάλα
963 3923 1124 4020 βαθείαις
1146 3921 1440 4026 καταχωννιίουσι

236 4055 400 4146 σιωπαΐς,
419 4047 544 4151 ῶσπερ
568 4047 630 4128 ἕνα
655 4051 713 4127 καὶ
737 4045 848 4146 μόνον
866 4045 1005 4152 ἔχοντες
1030 4043 1171 4127 σκοπὸν
1193 4043 1236 4125 τὸ
1262 4047 1439 4124 διαλοιδο-
1454 4074 1494 4130 30

236 4177 377 4272 ρεῖσθαι
394 4170 511 4272 μάτην
528 4176 580 4276 τῷ
595 4170 696 4274 παρὰ
713 4169 837 4269 πάσης
862 4169 1157 4277 δοξολογουμένιρ
1183 4172 1248 4268 τῆς
1273 4167 1436 4251 κτίσεως.

472 4292 482 4323 λ
555 4292 566 4320 λ
614 4293 631 4323 O
730 4292 741 4321 Ι

237 4294 421 4378 ἀκούοντες
438 4328 503 4393 μεν
521 4326 593 4397 γαρ
612 4328 667 4374 οτι
685 4328 805 4375 ταντα
823 4289 863 4372 δι’
885 4295 983 4372 αὑτῶ
1003 4292 1136 4396 ἐγένετο,
1153 4291 1195 4372 τδ
1218 4295 1282 4391 τῆς
1301 4293 1437 4395 ὑπουρ-

275 4477 315 4515 12.
334 4462 471 4531 ι’ργάσετσι
485 4462 518 4517 Β.
532 4462 664 4591 έριγφζετσι
676 4463 728 4519 Εθ.
838 4473 879 4532 17·
897 4460 1033 4532 άπεφόνθη
1047 4462 1079 4517 Β.
1186 4475 1228 4528 25.
1248 4459 1276 4515 έν
1287 4460 1392 4517 ἐκείνοις
1404 4460 1439 4517 Β.

597 4575 604 4591 .
711 4530 992 4606 19.τδν]τδΜὶςῐιθ.
1098 4549 1142 4603 30.
1160 4532 1341 4603 λοιδορεῖσθαι
1355 4531 1388 4587 Β.

238 4531 340 4588 ε’κείνοις
355 4533 425 4587 Ι).Ε.
438 4535 540 4590 ἐκείνων
