3038 5018
250 284 316 348 606
556 285 595 349 B.
620 285 831 349 CYRILLI
861 285 1148 351 ALEXANDR.
1335 285 1390 349 vii.
1408 281 1457 350 18.

217 455 472 528 δκαταιτιῦται
495 450 646 545 δικαίως,
665 453 713 532 ὡς
737 450 801 528 οῦκ
824 449 983 552 εὐλόγως
1009 449 1302 531 ἐπισκῶπτουτας
1327 448 1460 552 οἷσπερ

252 572 298 651 ἂν
323 574 413 679 φαίη
440 570 631 668 διδάσκων,
657 575 956 656 συνευδοκοῦντος
984 574 1079 680 αὐτῷ
1108 576 1168 652 καί
1195 569 1461 657 συνεθέλοντος

251 705 316 776 τοῦ
345 702 439 776 θεοῦ
466 696 524 776 καὶ
554 692 711 800 Πατρός,
733 693 757 796 ἢ
786 698 844 775 καί
872 695 961 797 ὅπερ
988 699 1088 776 ἐστὶν
1115 693 1260 795 ἀληθές,
1284 694 1461 775 συνδιδά-

251 817 404 903 σκοντός
421 852 460 898 τε
478 821 536 897 καί
554 817 876 925 συνεξηγουμένου.
917 819 1040 918 τίθησι
1064 816 1103 899 δέ
1128 818 1171 900 τό
1191 824 1270 898 Ἀπ’
1290 820 1457 924 ἐμαυτοῦ,

250 944 331 1023 άντί
357 951 421 1023 τοῦ
449 940 659 1046 ἰδιαζόντως,
681 944 740 1022 καί
768 941 1063 1042 ἀποκεκομμένως
1091 941 1183 1022 κατὰ
1210 941 1253 1022 τὸ
1280 941 1494 1027 παντελέςὸ

250 1072 314 1144 τοῦ
342 1065 434 1145 κατὰ
460 1064 527 1166 τὴν
555 1064 798 1165 συνεθέλησιν
825 1069 883 1146 καί
910 1066 1174 1160 ταυτοβουλίαν
1198 1072 1263 1144 τοῦ
1292 1065 1457 1166 Πατρός.

251 1191 309 1267 καί
336 1189 378 1268 οῦ
405 1187 521 1287 δήπου
548 1222 601 1273 τις
629 1187 798 1289 οἰήσεται,
822 1188 868 1269 τῦ
895 1187 1014 1270 εἰκότα
1041 1194 1197 1295 φρονῶν,
1221 1195 1294 1267 τῶν
1317 1189 1462 1268 οἰκείων

219 1309 419 1414 ορημάτων
436 1311 544 1392 αὐτόν
561 1314 610 1396 ὡς
628 1310 812 1412 κιβδὴλων
830 1320 1053 1414 κατηγορεῖν,
1071 1310 1157 1391 ἀλλ’
1178 1315 1226 1394 ὡς
1245 1310 1371 1414 ἑτέρως
1389 1313 1460 1390 οῦκ

249 1432 295 1515 ἂν
324 1435 505 1534 ἐσομένων
534 1436 690 1533 πώποτε,
720 1441 751 1515 εἰ
779 1435 829 1537 μὴ
862 1435 954 1516 κατὰ
986 1434 1142 1535 θέλησιν
1172 1443 1236 1515 τοῦ
1268 1440 1365 1514 Θεοῦ
1394 1437 1460 1514 καὶ

251 1557 407 1662 Πατρός,
435 1556 481 1638 τὰ
507 1556 653 1640 τοιαῦταί
681 1565 788 1664 φησι.
840 1565 951 1639 λαλεῖ
978 1556 1052 1663 γὰρ
1080 1562 1128 1643 ῶς
1156 1557 1214 1638 διὰ
1243 1555 1366 1659 Λόγου
1394 1565 1458 1639 καὶ
1476 1596 1515 1637 10

247 1682 383 1790 σοφίας
412 1683 500 1766 ἰδίας
527 1688 592 1762 τοῦ
624 1684 713 1763 ἰδίου
744 1681 975 1785 γεννήματος·
1013 1689 1124 1761 λαλεῖ
1147 1682 1185 1761 δέ
1214 1679 1358 1766 πάντως
1388 1683 1460 1761 οῦκ

248 1804 457 1912 ἀπαδόντως
475 1806 601 1914 ἑαυτῷ·
630 1812 707 1890 πῶς
725 1803 797 1907 γὰρ
814 1804 1015 1912 ἐνδέχεται;

198 2029 247 2122 18¹
368 2028 412 2095 ‘0
439 2028 493 2118 ἀφ’
525 2029 643 2096 ἑαυτοῦ
671 2029 783 2096 λαλῶν
809 2031 868 2098 τιλν
896 2029 995 2098 δόξαν
1023 2029 1082 2097 τῦν
1111 2027 1195 2097 ἰδίαν
1222 2025 1317 2120 ζητεῖ.

306 2198 459 2293 Σημεῖον
480 2201 586 2273 τοῦτο
613 2192 757 2292 τίθησιν
779 2190 924 2298 ἐναργές
951 2203 1015 2275 τοῦ
1042 2192 1093 2294 μὴ
1120 2200 1308 2277 παντελῶς
1336 2195 1459 2305 ἑαυτῷ

211 2313 314 2416 ᾱτὴν
342 2319 381 2396 έκ
409 2325 472 2397 τοῦ
501 2312 683 2396 διδάσκειν
704 2315 1023 2419 πραγματεύεσθαι
1049 2314 1160 2425 δόξαν,
1186 2314 1229 2397 τῦ
1256 2317 1307 2418 μὴ
1336 2317 1458 2425 ξένοις
1474 2350 1510 2411 15

246 2440 323 2519 τισί
351 2441 409 2520 καὶ
436 2441 641 2541 ἀλλοτρίοις
668 2448 732 2519 τοῦ
756 2440 866 2539 νόμου
889 2445 1149 2545 προσχρῆσθαι
1175 2440 1311 2542 λόγοις·
1344 2450 1458 2523 τοῦτο

245 2561 318 2665 γὰρ
340 2561 385 2664 ἦν
404 2560 446 2644 τό
465 2570 594 2642 λαλεῖν
612 2567 676 2668 ἀφ’
698 2562 824 2642 ίαυτιῦ·
856 2565 1135 2645 καταπείθεσθαι
1153 2563 1192 2643 δέ
1210 2570 1358 2661 μᾶλλον
1376 2574 1457 2650 τοῖς

245 2683 315 2785 ἤδη
350 2688 717 2788 προτεθεσπισμένοις
759 2687 1021 2784 συμβουλεύειν
1058 2688 1192 2783 αὐτοῖς,
1233 2685 1348 2785 μόνην
1386 2698 1456 2770 τοῦ

245 2807 456 2910 γράμματος
488 2807 556 2910 τὴν
587 2812 760 2916 ἀνωφελῆ
797 2813 855 2890 καί
891 2816 1045 2914 παχεῖαν
1077 2812 1292 2914 ἀφιστῶντα
1323 2809 1453 2911 σκιὰν,

244 2931 554 3037 μετασκευάζῦντά
580 2967 617 3014 τε
642 2937 802 3016 πιθανῶς
825 2938 873 3017 εἰς
897 2930 1138 3031 πνευματικὴν
1164 2932 1314 3033 θεωρίαν
1338 2932 1387 3012 τὰ
1415 2939 1456 3016 ἐν
1471 2966 1510 3009 ιο

246 3054 370 3142 τόποις
394 3055 446 3137 ε”τι
470 3055 709 3138 λανθάνοντα·
740 3055 828 3161 ὅπερ
846 3057 909 3136 οῦν
927 3059 985 3135 καὶ
1009 3058 1046 3135 ἐν
1064 3061 1115 3163 τῷ
1140 3055 1233 3135 κατὰ
1254 3061 1454 3138 Ματθαῖον

247 3180 461 3288 Εῦαγγελίιρ
487 3179 602 3287 φησίν
620 3189 642 3226 “
657 3180 737 3259 Οῦκ
762 3178 877 3280 ἦλθον
895 3186 1098 3257 καταλῦσαι
1125 3176 1188 3257 τὸν
1207 3175 1327 3276 νόμον,
1346 3180 1455 3261 ἀλλὰ

215 3314 270 3372 θ“
284 3303 515 3407 πληρῶσαι.”
544 3311 649 3382 τοῦτο
667 3300 780 3382 πάλιν
798 3300 920 3383 ἐνθάδε
938 3301 1104 3404 πλαγίως
1122 3303 1308 3401 ῦποδηλοῖ·
1331 3300 1454 3404 μόνην

246 3429 406 3533 ἔχειτοῦ
431 3424 639 3528 γράμματος
663 3424 947 3531 μεταμόρφωσιν
970 3430 1019 3510 εἰς
1046 3424 1219 3524 ἀλήθειαν
1242 3460 1264 3523 η
1293 3426 1451 3528 εὐαγγε-

244 3549 329 3646 λικὴ
356 3549 532 3639 πολιτεία,
556 3551 614 3627 καί
642 3548 865 3627 Μωυσαίκόν
888 3582 923 3627 τι
949 3546 1222 3647 μετασκευάσας
1249 3547 1366 3628 τύπον
1390 3552 1451 3631 ε’πί
1470 3581 1508 3643 ²5

243 3671 287 3756 τό
317 3671 622 3778 πρεπωδέστερον,
650 3670 720 3774 ἕχει
748 3674 812 3770 τῆς
843 3674 881 3751 έν
907 3669 1082 3770 πνεύματι
1110 3672 1276 3774 λατρείας
1303 3670 1372 3771 τὴν
1403 3675 1453 3753 εἵ-

245 3799 362 3898 δησιν.
401 3802 511 3876 λαλεῖ
530 3801 719 3897 τοιγαροῦν
738 3796 796 3873 καὶ
821 3795 884 3874 οῦκ
908 3799 972 3901 αφ
993 3795 1109 3875 ἑαυτοῦ
1132 3792 1310 3898 Χριστός·
1339 3829 1453 3877 τουτ-

244 3919 337 4018 έστι,
358 3918 460 4028 ξένον
482 3917 582 4000 οῦδίν
603 3924 675 3999 τῶν
697 3916 766 4017 ἤδη
791 3916 1141 4021 προδιηγγελμένων.
1182 3919 1224 3997 οῦ
1248 3917 1321 4020 γὰρ
1346 3922 1447 4001 ἀπο·

242 4044 418 4144 πέμπεται
439 4040 612 4138 Μωυσέα,
630 4041 710 4121 οῦδὲ
735 4037 803 4141 τὴν
821 4043 858 4120 ἐν
881 4039 979 4150 νόμιρ
1003 4046 1255 4144 παραιτεῖσθαι
1282 4040 1451 4124 διδάσκει

74 3165 202 3218 Μοὺθ).

76 3247 102 3282 v.
117 3243 156 3296 ¹7·

282 4254 305 4293 1.
323 4237 533 4291 ε’πισκῶπτοντας
547 4234 578 4288 Β.
592 4233 795 4303 ἐπισκήπτοντας
809 4232 860 4287 Ed.
932 4232 959 4288 6.
978 4233 1137 4303 συνθίλησιν
1150 4234 1183 4289 Β.
1262 4235 1289 4289 8.
1307 4232 1448 4309 ῥημάτων]

242 4308 310 4379 ὅρων
322 4309 363 4362 καὶ
374 4307 494 4377 ῥημάτων
506 4306 540 4359 Β.
720 4319 761 4359 11.
779 4304 845 4361 ἰδίας
857 4314 1026 4375 assumptum
1038 4322 1071 4359 ex
1084 4305 1118 4359 B.
1184 4303 1298 4377 πάντας]
1317 4310 1345 4370 4
1362 4308 1398 4364 ὧς
1412 4307 1449 4363 Β.

244 4396 286 4445 14.
304 4380 436 4434 παντελῶς
450 4377 482 4431 Β.
494 4377 594 4432 πάντως
608 4374 659 4431 Ed.
857 4391 867 4429 1
891 4414 898 4429 .
916 4376 1356 4445 ἅφιστῶντος-μετοσκευάζοντάς
1368 4400 1397 4432 τε
1411 4377 1448 4433 Β.

242 4465 286 4504 22.
304 4447 401 4521 φησίν]
415 4447 445 4502 δν
455 4447 539 4519 φησίν
553 4446 598 4508 Β.Ι
717 4461 760 4515 23.
777 4445 857 4500 πάλιν
868 4392 971 4517 θνθάδε]
986 4446 1015 4500 δέ
1027 4447 1107 4501 πάλιν
1117 4445 1179 4501 ἔνθα
1193 4445 1226 4501 Β.
1356 4462 1401 4516 25.
1422 4471 1449 4503 τι

243 4519 275 4574 Β.
287 4542 326 4575 τις
340 4517 391 4574 Ed.
