3038 5018
287 289 330 353 90
591 284 630 348 Β.
654 284 862 348 CYRILLI
892 283 1180 348 ALEXANDR.
1371 277 1393 341 i.
1407 278 1437 356 6,
1455 291 1484 357 7.

286 449 382 559 μένῳ
400 449 467 549 τὴν
485 447 567 529 καθ’
588 448 691 548 ἡμᾶς.
731 449 858 528 οὐκοῦν
876 454 1050 550 μαρτυρεῖ
1063 445 1128 545 μέν
1146 442 1252 530 αὐτὸς
1272 445 1291 522 ὁ
1312 438 1485 543 μακάριος

119 566 206 691 ἓξξῗ
220 645 240 684 ,¹
289 570 576 674 Εὐογγελιστὴς,
595 569 719 674 ότιπερ
737 567 849 650 “Ἦν
872 569 1029 671 ὸΛόγος
1053 572 1092 649 ε’ν
1113 571 1218 674 ἀρχῇ,
1241 570 1299 646 καὶ
1324 564 1416 647 Θεὸς
1441 561 1486 664 ἦν

119 705 161 756 lb·
173 720 197 770 ³·
289 705 311 744 ‘⁶
330 696 350 774 ὁ
370 693 501 797 Λόγος,
521 695 580 773 καὶ
600 692 645 794 ἦν
661 696 700 773 ἐν
718 696 812 799 ἀρχῇ
837 692 928 795 πρὸς
951 691 1015 773 τὸν
1034 689 1160 789 Θεὸν,”
1182 694 1239 771 καὶ
1259 689 1313 770 ὅτι
1332 701 1355 736 “
1367 686 1487 769 πάντα

253 822 311 887 d“
328 818 370 899 δι’
398 820 506 898 αὐτοῦ
532 816 701 920 ἐγένετο,”
721 821 779 896 καὶ
807 814 852 916 ἦν
869 819 907 895 ε’ν
924 823 997 900 τοῖς
1021 813 1233 917 γενομένοις,
1253 817 1302 897 ὡς
1326 809 1407 915 ζωὴ,
1427 813 1485 891 καὶ

119 949 197 1013 ΠΜ·
288 940 343 1021 ὅτι
371 952 393 989 “
406 941 448 1021 τὸ
478 946 556 1047 φῶς
587 947 659 1019 τῶν
689 938 887 1043 ἀνθρώπων
914 937 959 1040 ἦν
986 939 1008 1038 ἡ
1040 935 1142 1041 ζωὴ,”
1170 938 1229 1017 ἵνα
1260 936 1319 1015 διὰ
1349 933 1517 1017 τούτων5

287 1065 457 1145 ἁπάντων
476 1062 572 1143 Θεὸν
589 1060 676 1142 ὅντα
694 1061 786 1143 κατὰ
804 1061 919 1167 φύσιν
936 1062 1107 1168 ἀποδείξῃ
1126 1059 1190 1140 τὸν
1207 1058 1305 1140 Υίόν.
1337 1061 1485 1160 ἐπιμαρ

119 1204 205 1281 ,Μ
216 1218 240 1268 3·
286 1194 384 1290 τυρεῖ
398 1186 437 1266 δὲ
455 1188 551 1294 αὐτῷ
569 1189 628 1265 καὶ
646 1187 666 1265 ὁ
685 1185 878 1268 θεσπέσιος
900 1183 1107 1285 βαπτιστής
1126 1194 1148 1230 “
1161 1179 1401 1282 Ἑτοιμάσατε
1419 1179 1485 1280 τὴν

286 1321 308 1358 “
325 1308 409 1389 ὁδὸν
435 1317 499 1389 τοῦ
529 1310 676 1412 Κυρίου,
704 1314 812 1405 βοῶν,
841 1309 974 1392 εὐθείας
1001 1314 1132 1388 ποιεῖτε
1160 1304 1224 1391 τὸς
1251 1305 1394 1408 τρίβους
1420 1313 1485 1384 τοῦ

287 1442 308 1481 “
328 1438 424 1513 Θεοῦ
443 1433 576 1532 ἡμῶν.”
610 1428 698 1511 εἶναι
719 1430 789 1535 γὰρ
807 1429 851 1531 δὴ
870 1431 1012 1515 πάντως
1032 1432 1105 1534 ε’ρεῖ
1119 1464 1171 1515 τις
1190 1427 1285 1509 Θεὸν
1302 1426 1485 1528 ἀληθινὸν,

285 1556 350 1636 τὸν
369 1553 399 1663 ᾧ
417 1554 509 1635 κατὰ
527 1555 642 1662 φύσιν
660 1552 849 1660 ἐνυπάρχει
873 1552 915 1634 τὸ
939 1559 1002 1654 τῆς
1028 1553 1231 1657 κυριότητος
1256 1551 1408 1659 ἀξίωμα,
1428 1553 1484 1630 καὶ
1501 1589 1513 1627 1

285 1679 350 1760 οὐκ
368 1681 406 1757 ἐν
424 1678 530 1785 ἑτέρῳ
549 1679 711 1782 φαίνοιτο
728 1677 871 1782 προσὸν
889 1678 1016 1780 κυρίως
1035 1711 1073 1757 τε
1092 1679 1150 1756 καὶ
1169 1679 1324 1776 ἀληθῶς,
1343 1673 1485 1778 ἐπείπερ

119 1854 172 1904 „fi
185 1854 210 1905 ⁶,
256 1811 309 1868 ⁰“
327 1800 393 1887 Εἷς
419 1800 485 1902 μὲν
514 1802 598 1901 ἡμῖν
626 1803 646 1881 ό
675 1801 767 1887 Θεὸς
795 1804 853 1881 καὶ
883 1799 1023 1905 Πατὴρ,
1046 1799 1094 1886 εἷς
1122 1799 1160 1881 δὲ
1188 1800 1319 1902 Κύριος
1342 1800 1485 1897 Ἰησοῦς

118 1936 158 1987 Ib·
172 1948 196 2000 5·
287 1937 308 1975 “
326 1924 511 2029 Χριστὸς”
541 1923 633 2004 κατὰ
659 1922 725 2025 τὴν
753 1924 906 2006 Παύλου
942 1925 1080 2031 φωνήν·
1127 1926 1185 2003 καὶ
1208 1929 1250 2021 εἰ
1287 1924 1359 2001 θεοὶ
1393 1918 1485 2000 κατὰ

284 2046 391 2154 χάριν
410 2051 468 2129 καὶ
488 2049 600 2152 κύριοι
618 2055 811 2129 καλοῦνται
829 2052 964 2129 πολλοὶ
984 2049 1021 2129 ἕν
1039 2083 1078 2128 τε
1102 2053 1154 2157 τῷ
1179 2047 1317 2152 οὐρανῷ
1344 2047 1402 2123 καὶ
1426 2046 1483 2124 ε’πὶ

285 2176 348 2271 τῆς
373 2176 451 2274 γῆς,
474 2173 559 2251 ἀλλ’
584 2170 633 2256 εἷς
656 2171 746 2270 μετὰ
772 2180 835 2252 τοῦ
861 2171 1006 2275 Πατρὸς
1031 2171 1125 2257 Θεὸς
1149 2168 1317 2271 ἀληθινὸς
1343 2167 1480 2252 ὁΥὶός.
1500 2206 1514 2244 1

285 2297 424 2393 οὐκοῦν,
442 2292 715 2401 ἀξιολογωτάτη
743 2294 807 2394 μὲν
829 2303 901 2375 τῶν
923 2296 1036 2396 ἁγίων
1054 2295 1244 2398 μαρτύρων
1267 2293 1289 2392 ἡ
1317 2291 1481 2399 ξυνωρὶς,

285 2421 408 2503 πίστις
433 2417 471 2499 δέ
497 2416 624 2499 λοιπὸν
648 2417 845 2518 οὐδαμόθεν
870 2418 1158 2522 κατηγορουμένη
1182 2424 1255 2501 τοῖς
1280 2414 1484 2518 λεγομένοις

119 2560 211 2616 61Δ.
256 2542 477 2649 οόφείλεται,
497 2546 555 2620 καὶ
583 2540 624 2621 τὸ
652 2544 689 2621 ε’κ
719 2541 829 2641 νόμου
854 2550 1024 2638 λαβοῦσα
1048 2541 1238 2643 πλήρωμα,
1260 2543 1319 2619 καὶ
1342 2545 1387 2645 τῇ
1412 2544 1484 2618 τῶν

285 2662 494 2765 προσώπων
512 2667 722 2772 περιφανείᾳ
746 2665 993 2766 βεβαιουμένη.
1030 2663 1072 2745 τὸ
1090 2664 1155 2763 μέν
1173 2664 1235 2744 οὖν
1253 2665 1333 2767 περὶ
1357 2663 1483 2742 ἑαυτοῦ

286 2820 321 2868 τι
346 2786 458 2893 φάναι
485 2787 548 2866 τὸν
571 2787 748 2890 μακάριον
766 2786 1052 2890 Εὐαγγελιστὴν,
1071 2790 1129 2868 καὶ
1154 2793 1226 2867 τῶν
1248 2787 1346 2866 ἰδίων
1366 2788 1517 2888 ε’γκω·α

285 2910 378 3009 μίων
393 2906 623 3015 ἐφάψασθαι,
643 2910 815 3017 φορτικὸν
833 2910 878 3012 ἦν
896 2912 1007 2995 ὅντως
1032 2914 1089 2991 καὶ
1112 2911 1235 2995 ἄλλως
1257 2909 1479 2989 ἀπαίδευτον·

285 3031 309 3137 ἢ
336 3031 409 3137 γὰρ
437 3031 482 3113 ἂν
509 3034 641 3135 ἤκουσε
669 3033 809 3120 δικαίως
828 3046 850 3083 “
865 3031 918 3114 Σύ
944 3037 1024 3138 περὶ
1051 3040 1206 3115 σεαυτοῦ
1232 3038 1434 3135 μαρτυρεῖς,
1460 3032 1483 3131 ἦ

217 3143 223 3155 ’
282 3166 309 3220 ¹“
322 3155 499 3259 μαρτυρία
517 3192 587 3238 σου
606 3158 670 3237 οὐκ
687 3157 787 3237 ἔστιν
801 3156 969 3259 ἀληθής.”
999 3157 1058 3237 διό
1072 3193 1126 3238 τοι
1144 3165 1250 3238 τοῦτο
1263 3164 1336 3240 τοῖς
1350 3154 1484 3236 εἰδόσιν

286 3279 395 3360 αὐτὸν
411 3277 459 3359 τὰ
483 3283 564 3360 καθ’
583 3277 709 3361 ἑαυτὸν
727 3283 857 3361 ἐννοεῖν
873 3280 1059 3385 ἐπιτρέπει,
1076 3282 1132 3362 ε’πὶ
1155 3280 1193 3362 δέ
1214 3278 1277 3361 τὸν
1296 3279 1485 3378 ὁμώνυμον

286 3402 438 3507 ἔρχεται,
460 3411 579 3488 καλῶς
596 3438 638 3506 γε
657 3402 805 3512 σφόδρα
829 3409 887 3484 καὶ
910 3413 1015 3485 τοῦτο
1040 3412 1163 3503 ποιῶν,
1181 3407 1239 3483 καὶ
1258 3403 1484 3485 ἀπεστάλθαι
1500 3447 1515 3487 2

287 3528 403 3632 φησὶν
421 3525 529 3606 αὐτὸν
545 3525 644 3634 παρὸ
662 3531 757 3608 Θειύ.
794 3528 862 3608 ἔδει
881 3527 953 3632 γὰρ
971 3530 1035 3609 οὐκ
1052 3528 1264 3626 αὐτόμολον,
1283 3525 1362 3607 οὐδὲ
1381 3528 1486 3606 αὐτο-

253 3648 410 3757 οκλήτῳ
440 3654 597 3755 σπουδῇ,
624 3649 715 3754 πρὸς
746 3649 813 3750 τὴν
843 3652 931 3755 ὐπέρ
964 3660 1027 3731 τοῦ
1057 3656 1223 3754 Σωτῆρος
1255 3651 1355 3750 ἡμῶν
1386 3648 1486 3729 ἰόντα

287 3772 484 3877 μαρτυρίαν
502 3773 669 3854 δεικνύειν
687 3771 750 3854 τὸν
768 3774 872 3876 ἅγιον
889 3773 1108 3875 βαπτιστῆν,
1126 3774 1230 3861 ἀλλὰ,
1251 3782 1325 3857 τοῖς
1349 3773 1486 3853 ἄνωθεν

288 3898 572 3998 διατεταγμεύοις
592 3898 793 3997 ὑπείκοντα,
814 3901 872 3977 καὶ
891 3905 965 3982 τοῖς
984 3899 1088 3984 θείοις
1106 3907 1170 3979 τοῦ
1189 3896 1335 4002 Πατρὸς
1356 3899 1487 4000 ὑπηρε-

122 1801 133 1838 ι
147 1788 204 1839 cor.

290 4221 298 4241 ι
322 4163 348 4242 γ.
365 4152 447 4206 dom.
459 4152 563 4223 Migne.
657 4153 682 4206 8.
701 4156 747 4208 τοῦ
759 4155 833 4226 prius
846 4163 1015 4225 assumptum
1028 4173 1060 4210 ex
1074 4156 1108 4211 B.
1201 4173 1243 4211 10.
1262 4156 1399 4280 imdpyga
1414 4157 1485 4298 D.l}].

1393 4267 1399 4281 ε
1447 4251 1469 4281 (ί

286 4241 396 4344 υἴιὲρχει
409 4220 442 4276 Β.
456 4221 595 4418 &mesphat
607 4221 659 4278 Ed.
775 4241 816 4279 11.
835 4223 1015 4280 ε’νΒ.ίινΕθ.
1126 4244 1167 4296 13.
1187 4225 1245 4316 τὸν]
1263 4231 1352 4291 -ί-τοῦ

286 4312 302 4344 ο
350 4330 356 4344 .

430 4310 472 4359 14.
490 4297 566 4364 χάριν
593 4301 621 4358 -Ι-
636 4294 787 4350 κσὶυίοδΒ.
864 4314 874 4349 1
899 4297 1011 4351 ,πίστει
1024 4296 1057 4351 Β.
1138 4313 1180 4364 24.
1200 4299 1294 4352 εννοεῖν
1306 4297 1339 4351 Β.
1353 4300 1419 4351 νοεῖν
1432 4298 1484 4353 Ed.

288 4359 384 4415 Statim
396 4361 540 4432 ἐπιτρέπειν
881 4310 896 4438 ᾗ

579 4404 585 4418 .
791 4382 883 4437 ο.γε
911 4367 939 4421 δι’
951 4389 981 4438 γι
996 4366 1028 4421 Β.
1083 4368 1124 4421 καὶ
1136 4368 1209 4438 prius
1222 4377 1391 4438 assumptum
1404 4386 1435 4421 ex
1450 4368 1484 4422 B.

286 4432 369 4486 ποιεῖν
381 4431 413 4485 Ε.
598 4434 640 4489 26.
658 4379 988 4508 αὐτόμολονίςαύτομολοῦν
999 4438 1076 4492 αὐτὸν
1088 4437 1121 4491 Β.
1181 4438 1390 4509 οὐτοκλὴτος(ε
1408 4439 1485 4492 αὐτο·

288 4499 398 4569 κλὴτως)
413 4501 445 4555 Β.
570 4520 612 4575 27·
630 4508 772 4578 μαρτυρίαν
784 4507 854 4562 ἰόντα
866 4507 972 4564 inverso
985 4507 1077 4564 ordine
1091 4508 1124 4564 B.
1138 4507 1219 4565 Cord.
