3038 5018
239 273 283 338 56
421 318 424 325 -
539 274 581 341 B.
604 271 814 342 OYRILLI
843 272 1134 342 ALEXANDR.
1364 271 1386 338 i.
1404 290 1433 337 2.

204 436 416 543 ὁάτριπτον
446 436 535 520 ὄντα
565 437 657 520 κατὰ
688 436 803 545 φύσιν
833 446 941 520 τοῦτο
972 438 1089 538 μένειν
1120 436 1209 542 ὅπερ
1240 437 1350 533 ἐστὶν,
1377 435 1436 515 ἵνα

238 557 330 665 πρὸς
356 565 408 670 τῷ
434 558 521 643 εἶναι
548 561 642 647 θεὸς
668 564 728 642 καὶ
756 560 896 666 Πατὴρ,
923 560 1067 668 ὑπάρχῃ
1095 563 1154 642 καὶ
1181 560 1436 656 ἀναλλοίωτος,

239 683 485 767 ἀναλλοίωτον
503 685 596 794 έχων
612 688 651 767 έν
673 687 786 794 έαυτφ
810 682 875 767 τόν
893 685 938 794 έξ
959 687 1068 767 αὐτοῦ
1090 683 1277 793 πεφηνότα
1296 681 1433 787 Λόγου,

239 806 404 891 τουτέστι
421 806 486 891 τὸν
502 808 605 892 Υίόν.

296 962 398 1012 λκιο.
442 930 647 1040 Κατῃτιῶτό
688 965 787 1017 τινας
830 931 888 1012 διὰ
931 938 1003 1013 τῶν
1039 931 1152 1035 ἁγίων
1184 935 1384 1038 προφητῶν
1416 931 1470 1018 ὁ5

72 1057 188 1177 ἓξὲξ),
241 1056 452 1158 Νομοθετης
469 1060 529 1138 καὶ
547 1055 641 1142 Θεὸς
658 1055 777 1159 λέγων
796 1065 818 1104 “
830 1054 924 1136 Ἀνά
941 1055 1055 1154 μέσον
1072 1056 1176 1158 ἁγίου
1193 1058 1252 1136 καὶ
1273 1052 1437 1155 βεβήλου

240 1188 263 1228 “
279 1181 322 1260 ού
358 1180 602 1263 διέστελλον·”
651 1179 776 1280 πολλή
813 1178 885 1284 γάρ
920 1178 1030 1264 ὅντως
1066 1181 1105 1259 έν
1138 1177 1275 1262 τούτοις
1312 1179 1437 1281 ὁρᾶται

239 1299 383 1406 τρόπων
401 1302 567 1411 διαφορὰ,
586 1303 666 1404 ήτοι
684 1300 894 1404 ἐναντιότης,
911 1302 1011 1406 παρά
1034 1310 1108 1388 τοῖς
1133 1303 1298 1384 ἐθέλουσι
1322 1306 1432 1408 φιλο·

211 1433 382 1530 οκρινεῖν.
421 1427 508 1507 ἀλλ’
528 1426 624 1531 εἴπερ
648 1426 824 1535 ἐνδέχεται
848 1424 1004 1528 τὴντῶν
1022 1428 1288 1526 ὁμοουσάονείς
1309 1421 1437 1525 ἑαυτὴν

240 1551 498 1653 ἀνακιρνῶσθαι
526 1550 651 1656 φύσιν,
678 1553 736 1631 καὶ
765 1548 811 1630 τὰ
837 1552 875 1632 έν
900 1549 1114 1655 ἰδιαζούσαις
1139 1583 1180 1629 τε
1207 1551 1265 1630 καὶ
1292 1546 1437 1648 ἀτόμοις
1455 1585 1490 1624 ιο

241 1669 492 1754 ύποστάσεσιν
517 1672 604 1753 ὄντα
625 1670 856 1777 δραπετιύσει
879 1673 970 1779 πρὸς
995 1673 1084 1778 ὁπερ
1103 1671 1151 1754 ἀν
1167 1669 1345 1773 βούληται
1364 1678 1437 1752 τῶν

240 1796 433 1898 ὁμογενῶν,
451 1793 475 1896 ἢ
494 1797 676 1896 ὁμοειδῶν
703 1803 804 1882 ποῖος
821 1796 907 1898 ἡμῖν
923 1797 993 1900 ἀρα
1011 1796 1217 1878 διαστέλλει
1236 1795 1346 1898 λόγος
1363 1802 1437 1875 τῶν

240 1919 353 2022 ἁγίων
369 1917 434 2002 τὸν
451 1920 623 2020 βέβηλον,
643 1926 673 2001 εί
696 1919 902 2021 μηδαμόθεν
923 1922 1047 2026 ὁρᾶται
1073 1927 1138 2001 τοῦ
1163 1919 1258 2003 ίδίως
1282 1917 1435 2019 ὁντος,ἢ

238 2051 304 2124 τοῦ
330 2042 384 2130 τίς
410 2044 499 2141 ἐστι,
518 2042 684 2151 διαφορὰ,
703 2041 762 2125 διὰ
788 2042 827 2124 δὲ
853 2041 921 2145 τήν
941 2041 1140 2145 ταυτότητα
1162 2047 1226 2144 τῆς
1251 2041 1376 2127 οὐσίας
1399 2044 1437 2121 έυ

239 2171 291 2274 τῷ
308 2164 415 2275 ἑτέρῳ
434 2173 545 2248 κεῖται
566 2164 609 2248 τὸ
633 2166 775 2273 έτερου;
806 2166 902 2248 ἔστω
920 2166 1039 2249 τοίνυν
1056 2168 1151 2270 ἡμῖν,
1169 2163 1438 2274 ἀδιαφορούσης
1455 2201 1490 2261 15

205 2290 398 2371 ἁέντεῦθεν
415 2293 479 2390 τῆς
505 2291 560 2396 ἐφ’
581 2286 721 2398 ἑκάστῳ
746 2289 925 2392 γνώσεως,
944 2289 1193 2396 συγκεχυμένα
1220 2286 1266 2369 τὰ
1291 2287 1438 2370 πάντων

240 2419 288 2501 είς
309 2410 441 2495 πάντα·
478 2416 537 2494 καὶ
562 2414 582 2493 ὁ
607 2411 673 2512 μέν
689 2412 866 2519 προδότης
882 2413 1035 2512 Ἰούδας,
1056 2417 1105 2499 ῶς
1124 2412 1261 2518 Πέτρος
1285 2412 1308 2514 ή
1330 2418 1434 2494 Παῦ-

240 2547 316 2637 λος,
335 2540 384 2621 ῶς
409 2535 601 2637 ὁμοούσιος
620 2536 749 2645 Πέτρῳ
774 2540 833 2617 καὶ
852 2534 1007 2646 Παύλῳ·
1040 2537 1178 2640 Πέτρος
1203 2538 1237 2617 δ’
1257 2537 1312 2621 αὖ,
1325 2535 1439 2618 πόλιν

239 2656 264 2765 ή
284 2665 449 2760 Παῦλος,
469 2660 615 2761 Ἰούδας,
635 2656 696 2741 ἀτε
721 2659 765 2760 δὴ
791 2661 849 2740 καὶ
873 2659 965 2764 πρὸς
990 2659 1098 2741 αὐτὸν
1116 2659 1215 2744 ὄντες
1239 2660 1434 2760 ὁμοούσιοι.

240 2783 327 2864 ἀλλ’
353 2782 432 2865 ἔστι
459 2782 501 2866 τὸ
529 2786 622 2866 οὕτω
651 2789 797 2891 φρονεῖν
821 2782 1066 2886 ἀλογώτατον,
1083 2785 1142 2864 καὶ
1166 2785 1230 2863 ούκ
1254 2782 1438 2888 ἀναιρήσει
1453 2824 1490 2863 ιο

240 2905 384 2991 πάντως
403 2905 469 3008 τήν
489 2905 582 2988 κατά
605 2941 641 2988 τι
663 2913 736 2988 τῶν
752 2908 933 3010 ὁμογενῶν
949 2903 973 3007 ή
995 2908 1164 3006 ὁμοειδῶν
1179 2904 1270 3010 πρὸς
1288 2906 1440 3006 ἄλληλα

241 3029 419 3137 διαφορὰν
437 3030 479 3112 τὸ
504 3029 592 3112 εἶναι
617 3034 680 3131 τῆς
705 3032 813 3130 αι’ντῆς
838 3031 964 3115 ούσίας
988 3027 1090 3111 αὐτοί.
1130 3029 1194 3109 ούκ
1219 3029 1289 3132 ἀρα
1314 3033 1373 3109 καὶ
1396 3029 1439 3109 τὸ

240 3156 296 3261 ἐφ’
317 3154 418 3256 ἡμῶν
435 3157 612 3236 ἀσθενοῦν
629 3152 720 3234 κατὰ
744 3158 808 3254 τῆς
833 3154 929 3237 θείας
946 3152 1070 3237 ούσίας
1088 3160 1263 3233 τοσοῦτον
1280 3154 1436 3234 ε’κνεανι·

243 3275 392 3375 εύσεται,
417 3281 466 3363 ῶς
493 3275 742 3380 ε’παναγκάσαι
761 3275 884 3381 Λόγον
905 3275 995 3357 εἶναί
1016 3311 1053 3357 τε
1078 3279 1136 3357 καὶ
1161 3284 1351 3359 καλεῖσθαι
1375 3277 1440 3359 τὸν

214 3399 340 3481 οθεὸν
364 3404 423 3482 καὶ
446 3399 605 3506 Πατέρα,
631 3400 817 3506 ἐπειδήπερ
843 3402 944 3482 ἐστὶν
968 3401 1158 3501 ὁμοούσιος
1181 3399 1304 3509 Λόγῳ.
1346 3402 1439 3501 μένει
1453 3439 1491 3499 ²5

243 3519 317 3626 γάρ
333 3525 386 3604 ἀεὶ
406 3523 547 3628 Πατὴρ,
565 3521 632 3625 τήν
650 3533 713 3604 τοῦ
738 3526 776 3605 τί
796 3526 877 3606 ἐστι
901 3523 992 3606 κατὰ
1009 3533 1115 3605 τοῦτο
1135 3523 1311 3632 διαφορὰν
1328 3527 1435 3606 ούδα·

241 3645 353 3748 μόθεν
380 3646 592 3752 ζημιοῦσθαι
621 3644 823 3746 δυνάμενος,
853 3650 938 3728 ἀλλ’
967 3646 1048 3730 οὐδὲ
1079 3653 1124 3754 τῇ
1156 3646 1344 3749 ταυτότητι
1375 3654 1440 3750 τῆς

242 3771 368 3874 οὐσίας
386 3768 428 3851 τὸ
446 3768 557 3870 μηδὲν
576 3771 671 3856 ἰδίως
697 3776 890 3871 κεκτήσθω
914 3778 1152 3878 παραχωρῶν·
1183 3776 1242 3853 καὶ
1267 3782 1438 3854 πλεονεκ-

242 3890 345 3993 τήσει
364 3890 429 3991 μέν
447 3895 609 3994 ούδαμῶς
627 3893 719 3975 κατὰ
740 3904 845 3975 τοῦτο
867 3892 932 3975 τὸν
949 3893 1049 3994 Υὶὸν,
1068 3894 1219 3998 γνήσιον
1237 3892 1275 3974 δέ
1293 3901 1441 3996 μᾶλλον

243 4016 431 4125 ἀποδείξει,
450 4020 508 4097 καὶ
533 4017 577 4124 ἐξ
598 4017 707 4098 αὐτοῦ
732 4015 823 4098 κατὰ
847 4017 962 4126 φύσιν
978 4017 1106 4125 έχοντα
1127 4017 1169 4098 τὸ
1188 4019 1363 4123 ἄτρεπτον
1382 4022 1441 4100 καὶ
1454 4052 1493 4108 30

279 4297 306 4351 5.
323 4286 366 4340 διδ
383 4291 434 4341 τῶν
451 4285 531 4360 ἁγίου
547 4288 689 4358 προφητῶν
706 4288 721 4342 ό
743 4288 891 4359 Νομοθέτης
911 4288 964 4344 hoc
984 4288 1077 4345 ordine
1099 4289 1171 4347 B.D.
1216 4288 1305 4343 Verba
1326 4298 1441 4360 quatuor

243 4355 332 4425 priora
343 4373 388 4411 om
401 4357 443 4421 E„
456 4366 517 4429 poet
529 4360 543 4412 ὁ
556 4357 705 4427 Νομοθέτης
716 4367 750 4413 tr.
763 4358 815 4414 Ed.
897 4373 921 4431 7.
940 4361 971 4415 οὐ
983 4378 1037 4415 om.
1052 4360 1085 4416 B.
1168 4377 1208 4432 13.
1226 4359 1241 4428 ἢ
1254 4361 1365 4414 correxi.
1378 4359 1393 4427 ἡ
1408 4360 1440 4415 Ε.

242 4426 427 4551 χήῶἔεσιταὲιΒ.
474 4427 595 4554 ένήῳῦθοχ
600 4427 795 4555 διιδῳφῳῃροήῳης
807 4429 912 4487 inverso
924 4430 1017 4487 ordine
1030 4430 1063 4487 B.
1202 4447 1244 4501 19.
1262 4431 1304 4485 καὶ
1316 4447 1440 4501 assump-
