3038 5018
267 308 331 372 158
568 309 608 373 B.
632 308 839 373 CYRILLI
869 309 1157 374 ALEXANDR.
1376 307 1397 371 i.
1413 307 1463 371 18.

96 488 174 603 ἓνὲν·
267 505 360 556 τινες
376 479 449 551 τῶν
467 478 655 577 θεομαχεῖν
673 473 893 574 εἰθισμένων,
909 469 991 552 “ὧν
1009 471 1052 553 τὸ
1071 480 1179 574 κρῖμα
1197 472 1334 552 ἔνδικόν
1352 471 1463 552 ε’στι·”

99 590 209 670 M'iosiii.
266 594 386 677 πάντα
409 594 481 699 γάρ
507 596 553 675 τά
578 595 669 699 ὀρθὰ
694 595 965 703 διαστρέφουσι,
988 594 1080 676 κατά
1105 595 1171 694 τὴν
1189 604 1253 675 τοῦ
1275 596 1466 703 προφήτου

98 699 123 750 9·
268 718 404 824 φωνὴν,
442 717 507 804 τάς
548 726 621 800 τῶν
662 720 921 824 ἁπλουστέρων
961 719 1207 822 παραλύοντες
1248 719 1366 816 άκοάς,
1408 725 1466 800 καὶ

101 858 110 892 1
126 844 183 894 Gor.

319 844 329 868 t
440 842 451 867 Ι
619 846 628 871 2
723 841 734 866 Ι
883 849 891 872 ς
996 840 1008 867 ἱ
1081 846 1089 869 2
1215 841 1225 867 λ
1299 845 1309 870 ἐ
1345 843 1355 871 λ
1427 841 1443 876 ἲ

99 925 151 959 vm.
164 925 202 970 n·
233 847 289 913 b“
308 877 570 946 αμαρτανοντες
607 851 825 950 αφυλακτως
863 878 911 926 εις
948 877 1030 927 τους
1068 848 1258 949 αδελφους,
1290 879 1379 945 ιντερ
1416 879 1467 923 ων

101 988 139 1024 ¹¹·
268 977 290 1014 “
309 966 472 1070 Χριστὸς
499 967 686 1048 άπέθανε.”
1482 992 1501 1053 5

323 1092 374 1170 Τι’
391 1090 463 1195 γάρ
489 1091 534 1191 δὴ
559 1094 618 1171 καὶ
643 1099 767 1170 νοοῦσι
791 1093 850 1169 καὶ
876 1088 1024 1191 λέγουσι
1050 1093 1107 1168 καὶ
1130 1089 1311 1169 διδάσκειν
1328 1091 1467 1193 ἑτέρους

266 1218 518 1319 ἐπιχειροῦσιν,
539 1217 733 1317 ἀναγκαῖον
756 1219 876 1293 εἰπεῖν’
912 1221 958 1298 εἰς
982 1214 1035 1294 τὶν
1060 1215 1185 1293 κάλπιν
1208 1217 1264 1294 τοῦ
1288 1219 1382 1295 Θεοῦ
1408 1219 1466 1295 καὶ

268 1339 401 1444 Πατρὶς
430 1337 493 1417 τὸν
515 1337 606 1418 Υῖδν
630 1335 717 1418 εἶναι
746 1344 809 1416 τοῦ
837 1336 941 1437 ἁγίου
971 1336 1140 1437 λέγοντος
1171 1337 1462 1437 Εῦαγγελιστοῦ,

266 1458 342 1541 εἶτα
368 1468 441 1540 τῶν
469 1466 533 1561 τῆς
559 1462 781 1561 Ἐκκλησῖας
812 1460 944 1540 τέκνων
977 1459 1153 1538 νοούντων
1185 1460 1311 1561 ὀρθῶς,
1339 1464 1396 1539 καὶ
1427 1465 1467 1541 έκ

268 1581 414 1687 Πατρῦς
439 1588 497 1664 καῖ
525 1588 563 1665 έν
586 1590 706 1687 Πατρὶ
734 1583 792 1665 διά
815 1592 921 1663 τοῦτο
949 1582 1273 1679 διαβεβαιουμένων
1295 1581 1466 1689 ὑπάρχειν
1482 1619 1518 1660 1·

267 1705 386 1804 αὐτὸν,
415 1711 474 1788 καὶ
501 1708 544 1787 τὸ
571 1712 609 1789 έν
635 1708 800 1811 γεννήσει
829 1706 982 1808 γνήσιον
1009 1705 1264 1809 ἀποσώζεσθαι
1295 1709 1378 1802 δεῖν,
1407 1711 1466 1787 καὶ

268 1828 369 1927 μάλα
397 1830 549 1930 εἰκότως,
577 1832 875 1937 φιλονεικούντων
902 1831 1030 1926 αὐτῶν,
1059 1836 1277 1930 διαγελῶσιν
1304 1830 1404 1915 εῦθῦς
1432 1836 1466 1911 οῖ

266 1952 370 2058 πάσῃ
407 1952 597 2049 μεθύοντες
632 1957 778 2063 ἀμαθία,
811 1959 869 2034 καὶ
901 1953 945 2051 δὴ
983 1958 1040 2034 καὶ
1077 1954 1314 2051 ἀποτολμιῦσι
1347 1954 1466 2056 λέγειν

236 2073 446 2179 οΛῆρος,ὦ
473 2078 580 2176 οῦτοι,
602 2077 649 2157 τὰ
672 2080 755 2182 παρ’
777 2081 868 2179 ύμῖν·
901 2079 943 2157 οῦ
970 2075 1041 2179 γάρ
1067 2078 1303 2161 εὐπαιδεύτως
1320 2079 1366 2157 τά
1383 2083 1465 2180 περὶ

267 2205 363 2280 Θεοῦ
388 2199 561 2308 δοξάζετε,
586 2200 644 2281 διὰ
671 2200 714 2280 τὸ
740 2203 779 2280 έν
804 2204 930 2308 κύλπερ
957 2201 1130 2301 λέγεσθαι
1158 2204 1214 2278 τοῦ
1241 2203 1374 2303 Πατρὶς
1401 2200 1466 2278 τὸν
1484 2240 1519 2281 1·

266 2323 356 2402 Υῖὸν
375 2324 617 2431 ἐκπεφυκέναι,
635 2325 779 2408 πάντως
797 2321 906 2403 αὐτὸν
925 2321 1076 2419 οῖόμενοι
1103 2326 1166 2421 τῆς
1191 2324 1315 2407 οὐσίας
1339 2325 1462 2420 αὐτοῦ,

266 2448 325 2524 καὶ
343 2451 407 2545 τῆς
431 2446 604 2548 ἀγενήτου
630 2445 775 2552 φύσεως
800 2444 887 2526 εἶναι
912 2443 1050 2548 καροῦν
1068 2445 1224 2546 ἀνοήτως
1244 2445 1460 2544 ὑπολαμβά-

266 2603 399 2654 νοντες.
439 2568 462 2670 ἢ
490 2570 561 2674 γὰρ
591 2572 655 2651 οῦκ
682 2570 871 2670 ἠκούσατε,
898 2572 1025 2675 φασὶν,
1053 2571 1091 2646 έν
1117 2575 1194 2652 ταῖς
1221 2570 1467 2669 εύαγγελικαῖς

264 2702 505 2794 παραβολαῖς,
524 2694 583 2774 ὅτε
609 2692 692 2777 τοῦς
718 2700 798 2796 περὶ
825 2702 890 2773 τοῦ
918 2693 1099 2772 πλουσίου
1128 2694 1186 2770 καὶ
1213 2700 1277 2771 τοῦ
1301 2692 1467 2796 Λαζάρου

266 2814 399 2917 λόγους
418 2817 524 2902 αὐτὸς
542 2821 691 2899 ε’ποιεῖτο
709 2816 882 2919 Χριστὸς,
902 2815 957 2896 ὅτι
975 2813 1114 2916 ἐγένετο
1133 2813 1171 2893 δέ
1193 2817 1384 2895 ἀποθανεῖν
1402 2818 1468 2895 τὸν
1483 2860 1517 2899 2.

98 2951 193 3065 ,δι-Ἡμιχ·
267 2938 445 3044 Λάζαρον,
468 2954 489 2990 “
502 2946 561 3022 καὶ
587 2943 823 3046 ἀπενεχθῆναι
849 2938 918 3020 ῦτὸ
943 2944 1015 3017 τῶν
1034 2937 1201 3040 ἀγγέλων
1219 2944 1267 3023 εἰς
1292 2938 1355 3019 τὸν
1372 2940 1464 3019 κόλ-

143 3053 148 3064 ’
194 3050 200 3065 ⁶
231 3072 288 3152 d“
306 3098 376 3142 πον
394 3074 459 3145 τοῦ
476 3064 693 3168 Ἀβραάμ;”
724 3065 858 3145 δεύσετε
883 3062 928 3162 δὴ
953 3063 1016 3141 οῦν
1040 3060 1098 3141 διά
1122 3060 1164 3140 τῦ
1189 3064 1227 3140 ε’ν
1250 3059 1375 3169 κόλπῳ
1401 3072 1467 3143 τοῦ

263 3187 436 3289 Ἀβραὰμ
455 3190 623 3290 γενέσθαι
641 3187 705 3269 τῦν
724 3186 900 3291 Λάζαρον,
919 3187 962 3294 ἐξ
983 3187 1092 3265 αὐτοῦ
1116 3192 1173 3265 καὶ
1199 3189 1236 3265 έν
1255 3187 1350 3294 αὐτῷ
1374 3188 1468 3267 κατὰ

266 3307 380 3413 φύσιν
411 3312 584 3417 ὑπάρχειν
611 3311 730 3408 αὐτὸν,
759 3309 781 3413 ἢ
811 3319 917 3391 τοῦτο
949 3309 1014 3407 μέν
1043 3309 1313 3411 παραιτήσεσθε
1346 3311 1467 3410 λέγειν

265 3441 446 3518 ποιοῦντες
472 3437 598 3538 ὀρθῶς,
618 3434 676 3514 διά
701 3433 739 3514 δέ
765 3443 828 3514 τοῦ
854 3432 992 3514 κόλπου
1018 3431 1083 3532 τὴν
1102 3429 1287 3534 ἀγάπησιν
1306 3440 1466 3513 νοεῖσθαι
1482 3475 1519 3515 2-

266 3557 324 3633 καὶ
349 3557 448 3636 αὐτοὶ
473 3556 544 3637 σῦν
562 3559 646 3658 ἡμῖν
664 3557 919 3662 συγχωρήσετε
934 3589 944 3653 ;
975 3553 1062 3636 εἶναι
1085 3563 1276 3657 τοιγαροῦν
1294 3554 1357 3636 τὸν
1375 3556 1466 3636 Υῖὸν

265 3680 303 3755 έν
328 3679 453 3788 κόλπιρ
482 3681 601 3788 φαμέν
624 3690 689 3760 τοῦ
718 3686 814 3761 Θεοῦ
842 3684 901 3760 καὶ
926 3679 1082 3781 Πατρὸς,
1107 3681 1185 3757 ἀντὶ
1212 3686 1276 3759 τοῦ
1302 3681 1340 3758 έν
1368 3684 1462 3781 άγα-

98 3811 214 3861 Ῑῦῑηῑῑῑ·
266 3798 386 3901 πήσει,
409 3804 502 3884 καθά
526 3812 585 3884 καὶ
612 3802 716 3886 αὑτός
746 3838 817 3885 που
845 3804 961 3910 φησίν
987 3813 1008 3850 “
1022 3803 1070 3881 ‘O
1091 3801 1221 3905 Πατὴρ
1248 3805 1375 3909 ἀγαπᾷ
1401 3803 1466 3882 τὸν

98 3888 137 3939 ³⁵'
266 3936 288 3973 ν
305 3924 428 4006 νιος
496 3922 504 3934 ·

321 4050 429 4129 Ἀλλ’
450 4047 536 4129 ὅταν
554 4049 693 4135 τούτοις
711 4049 803 4148 ἡμᾶς
820 4048 956 4129 παίωσι
974 4055 1048 4131 τοῖς
1073 4045 1198 4148 λόγοις
1222 4052 1255 4126 οῖ
1279 4056 1462 4153 φιλεπιτι-
1482 4093 1517 4150 3.

236 4176 382 4271 ομηταὶ,
407 4172 474 4253 κάν
498 4171 590 4274 πρὸς
613 4171 724 4272 μόνον
749 4170 791 4250 τὸ
818 4175 1118 4272 διαλοιδορεῖσθαι
1143 4174 1280 4272 γοργοῖ,
1298 4169 1378 4251 τότε
1405 4178 1467 4252 καὶ

300 4465 325 4519 6.
345 4468 389 4555 καὶ
399 4467 516 4536 primum
528 4478 554 4522 et
566 4468 669 4538 ἑτέρους
677 4476 864 4553 ριυαιαρῑαρκ
879 4465 911 4521 Β.
994 4483 1043 4546 μ.
1062 4464 1122 4532 ὑμῖν
1134 4464 1206 4518 Ι).Ε.
1222 4463 1324 4534 Migne.
1338 4464 1398 4556 ἡμῖν
1410 4466 1464 4523 E&

267 4551 308 4604 15.
327 4535 460 4603 δοξάζεται
473 4537 506 4592 Β.
576 4556 619 4610 30.
638 4538 704 4608 ἡμας
714 4537 814 4594 τοῦτοις
825 4554 932 4592 mverso
943 4534 1037 4590 ordme
1049 4534 1083 4589 Β.
1153 4550 1199 4605 31.
1218 4535 1265 4590 κδν
1277 4535 1310 4590 Β.
1323 4557 1365 4591 και
1378 4535 1430 4591 Ed.
