3038 5018
243 281 308 343 430
547 282 586 345 B.
610 278 815 346 CYRILLI
845 280 1134 346 ALEXANDR.
1332 279 1443 345 vi.21.

244 445 477 542 δεικνύμενος·
520 447 648 525 ούκοῦν
676 445 763 526 όταν
791 449 874 546 ἡμῖν
905 449 1132 554 ἐπιφαίνηται
1164 446 1223 524 καὶ
1255 441 1443 546 ἐπιλάμπῃ

243 566 417 669 Χριστὸς,
435 570 570 651 ἀκονιτὶ
587 571 866 671 κατορθώσομεν
884 572 943 650 καὶ
966 569 1009 649 τὸ
1030 568 1148 673 μεῖζον
1167 566 1190 668 ἢ
1215 568 1292 647 κατ’
1312 568 1444 646 ἐλπίδα

243 689 309 789 τὴν
337 692 374 770 ἐν
402 691 495 790 ἡμῖν,
518 696 576 772 καὶ
604 698 637 772 οῖ
665 693 724 773 διὰ
750 702 814 773 τοῦ
841 690 892 793 μὴ
920 693 1012 799 ἐχειν
1041 691 1150 773 αὐτὸν
1172 689 1441 782 κινδυνεύοντες,

243 812 383 898 οὐδενὸς
402 814 452 894 έτι
469 814 773 919 προσδεησόμεθα
789 813 903 898 πόνου
926 815 1017 920 πρὸς
1043 816 1085 895 τὸ
1112 815 1288 895 δύνασθαι
1309 845 1440 911 κατορ·

243 942 330 1016 θοῦν
352 935 398 1017 τά
425 943 612 1038 λυσιτελῆ,
630 940 808 1040 παρόντος
833 942 952 1024 αύτοῦ.
991 939 1098 1023 λύσις
1126 940 1189 1018 οῦν
1213 937 1284 1041 ἄρα
1310 933 1477 1019 ποντδςό

243 1059 404 1141 κινδύνου
440 1061 614 1166 Χριστὸς,
646 1067 704 1143 καὶ
741 1061 1027 1168 κατορθωμάτων
1062 1063 1211 1158 ἔκβασις
1247 1067 1320 1141 τῶν
1357 1058 1446 1162 ῦπέρ

243 1185 375 1264 ἐλπίδα
402 1192 476 1270 τοῖς
502 1187 806 1291 προσδεχομένοις
832 1187 952 1268 αὐτόν.

213 1326 232 1371 0
298 1306 446 1408 Ἐπειδὴ
475 1307 512 1389 δέ
539 1309 603 1389 τόν
628 1312 683 1417 ἐφ’
708 1310 850 1418 ἑκάστῳ
877 1318 950 1390 τοῖν
976 1310 1216 1413 προκειμένων
1243 1305 1314 1388 άνδι
1339 1306 1446 1412 μέρος

242 1429 488 1530 ἐποιησάμεθα
507 1432 631 1535 λόγον,
651 1433 717 1535 άγε
741 1432 785 1535 δὴ
810 1433 923 1515 πάλιν
941 1441 1019 1518 ταῖς
1044 1440 1116 1512 τῶν
1134 1431 1202 1533 ἤδη
1221 1431 1447 1539 φθασάντων

243 1556 471 1641 ἀκολουθίαις
499 1560 556 1636 καὶ
584 1555 648 1637 τὸν
674 1561 712 1637 ἐν
739 1557 876 1642 τούτοις
904 1558 1125 1661 συνείροντες
1159 1565 1253 1655 νοῦν,
1280 1584 1499 1655 nvem-10

244 1677 346 1778 τικην
364 1678 596 1787 ἐξυφήνωμεν
614 1682 777 1784 θεωρίαν.
818 1684 944 1762 οῦκοῦν
968 1678 1093 1784 ὥσπερ
1121 1687 1170 1765 είς
1197 1679 1281 1783 ὅρος
1308 1681 1441 1774 ἀναβε-

111 1855 184 1916 ‚288,
245 1800 391 1901 βηκέναι
428 1802 492 1883 τὸν
524 1803 675 1907 ούρανδν
706 1806 877 1907 ἐλέγομεν
905 1803 969 1886 τὸν
1001 1806 1158 1904 Ἰησοῦν,
1189 1803 1447 1911 ἀναληφθέντα

75 1872 134 1987 33⁹·
244 1922 422 2024 δηλονότι,
450 1925 541 2025 μετὰ
567 1929 633 2029 τὴν
660 1930 699 2008 ἐκ
727 1936 860 2031 νεκρῶν
888 1929 1098 2024 ἀναβίωσιν·
1139 1929 1224 2006 ἀλλ’
1254 1927 1312 2007 ότε
1338 1936 1447 2008 τοῦτο

243 2047 411 2149 γενέσθαι
428 2052 649 2151 συμβέβηκε,
668 2053 748 2132 τότε
767 2051 870 2152 μόνοι
889 2056 948 2132 καὶ
966 2052 1047 2132 καθ’
1067 2050 1212 2135 ἑαυτούς
1233 2059 1267 2132 οἱ
1288 2057 1447 2152 μαθηταὶ

243 2172 358 2253 τύπον
381 2174 566 2279 ἐπέχοντες
593 2181 667 2254 τῶν
688 2173 820 2282 ἐφεξῆς
848 2179 906 2254 καὶ
935 2173 1027 2255 κατὰ
1051 2174 1171 2255 πάντα
1198 2171 1322 2277 καιρὸν
1344 2178 1444 2255 διδα-
1464 2206 1498 2265 15

209 2296 395 2378 δσκάλων
412 2300 736 2399 ἐκκλησιαστικῶν,
751 2296 912 2402 καθάπερ
931 2297 1012 2378 τινδ
1030 2297 1240 2397 θάλασσαν,
1257 2298 1321 2379 τὸν
1338 2301 1377 2378 ἐν
1394 2305 1448 2407 τῷ

243 2419 395 2523 παρόντι
429 2423 499 2529 βίῳ
532 2419 759 2527 διοινήχονται
796 2421 972 2520 κλύδωνα,
1003 2429 1150 2528 συχνοῖς
1182 2425 1241 2502 καῖ
1272 2421 1449 2525 μεγάλοις

243 2545 514 2646 περιπίπτοντες
538 2551 763 2647 πειρασμοῖς,
782 2546 840 2624 καὶ
861 2542 943 2628 τοῦς
969 2548 1028 2626 ἐπὶ
1051 2550 1103 2654 τῷ
1126 2545 1309 2626 διδάσκειν
1329 2545 1450 2626 κινδύ-

246 2703 327 2753 νους
355 2669 418 2749 ούκ
442 2667 772 2775 εὐκαταφρονήτους
799 2668 1029 2768 ὑπομένοντες
1052 2669 1152 2773 παρὰ
1176 2675 1249 2750 τοῖν
1270 2671 1450 2770 άνθεοτη-

246 2791 362 2871 κότων
378 2797 424 2898 τῇ
449 2791 569 2872 πίστει
594 2797 653 2872 καὶ
678 2793 891 2898 μαχομένων
913 2800 987 2878 τοῖς
1012 2795 1255 2896 εύαγγελικοῖς
1279 2791 1451 2891 δηλονότι
1464 2826 1502 2868 ιο

215 2952 218 2957 ·
245 2913 485 3024 κηρύγμασιν·
517 2914 618 2994 ἀλλὰ
643 2920 701 2995 καὶ
723 2923 788 2995 τοῦ
805 2913 926 3023 φόβου
944 2920 1191 2997 πεπαύσονται
1207 2919 1266 2995 καὶ
1285 2914 1451 2996 κινδύνου

245 3037 391 3138 παντὸς,
409 3036 658 3146 καταλήξουσι
676 3037 714 3118 δέ
733 3043 791 3119 καὶ
809 3043 873 3139 τῆς
891 3041 928 3118 ἐν
946 3039 1068 3125 πόνοις
1086 3041 1341 3143 ταλαιπωρίας,
1361 3039 1451 3121 ὅταν

215 3164 364 3247 οαύτοῖς
393 3166 450 3242 καῖ
482 3167 640 3246 εἰσαῦθις
670 3164 900 3267 ἐπιφαίνηται
929 3162 1092 3264 Χριστὸς
1123 3165 1162 3243 ἐν
1191 3162 1336 3262 δυνάμει
1369 3169 1451 3243 θεο-

244 3293 383 3388 πρεπεῖ,
404 3289 462 3365 καὶ
489 3293 615 3365 πᾶσαν
641 3287 732 3391 ἔχων
756 3286 825 3368 ύπδ
852 3284 965 3370 πόδας
993 3286 1059 3385 τὴν
1081 3285 1300 3386 οἰκουμένην.
1340 3295 1450 3366 τοῦτο

132 3516 137 3525 ¹
246 3408 318 3512 γάρ
341 3405 438 3507 οἶμαι
460 3408 654 3509 δηλοῦντὸ
679 3411 737 3489 ἐπὶ
764 3406 960 3510 θαλάσσης
984 3418 1199 3514 περιπατεῖν,
1217 3413 1291 3490 ἐπεὶ
1316 3411 1376 3490 καὶ
1401 3417 1450 3494 εἰς
1463 3446 1498 3504 ²5

247 3530 388 3629 κόσμου
412 3529 526 3612 τύπον
542 3531 721 3616 πολλάκις
747 3535 769 3633 ἡ
794 3533 973 3614 θάλασσα
995 3532 1095 3635 παρὰ
1119 3539 1163 3638 τῇ
1191 3533 1278 3639 θειήιΙ
1295 3533 1444 3634 λαμβά-

248 3689 346 3736 νεται
373 3660 499 3760 γραφῇ
525 3653 682 3734 κατὰτὸ
707 3659 744 3735 ἐν
769 3665 933 3763 ψαλμοῖς
960 3656 1141 3760 εἰρημένον
1164 3668 1185 3703 “
1197 3658 1298 3756 Αὕτη
1326 3658 1348 3757 ἡ
1378 3655 1447 3738 θά-

246 3786 270 3826 “
287 3790 418 3857 λασσα
434 3779 456 3878 ἡ
475 3775 618 3883 μεγάλη
638 3782 695 3857 καὶ
713 3780 924 3883 εὐρύχωρος·
961 3783 1034 3859 ἐκεῖ
1047 3777 1179 3880 ἑρπετά
1197 3776 1248 3859 ὧν
1266 3781 1330 3859 οὐκ
1346 3779 1450 3860 ἐστιν

246 3912 269 3950 “
286 3899 446 4005 ἀριθμὸς,
463 3903 535 4010 ζῷα
561 3902 669 4004 μικρὰ
697 3903 787 3999 μετὰ
815 3909 886 3982 τῶν
908 3903 1112 4005 μεγάλων.”
1153 3902 1241 3981 όταν
1266 3903 1329 3983 οῦν
1356 3900 1450 4010 ἔλθη

173 4127 179 4141 .
248 4023 451 4128 όΧριστδς
477 4028 516 4105 ἐν
536 4032 583 4131 τῇ
608 4022 697 4132 δόξη
723 4035 787 4107 τοῦ
808 4027 952 4128 Πατρός
977 4029 1097 4125 αύτοῦ,
1120 4027 1214 4106 καθὰ
1238 4026 1450 4129 γέγραπται,
1464 4067 1500 4126 3⁰

74 1791 158 1855 Supra

282 4310 308 4357 4.
327 4290 546 4372 προσδεησόμεθα
560 4290 593 4346 B.
605 4291 858 4362 προσδεηθησόμεθο
871 4293 922 4348 Ed.
1023 4309 1064 4348 12.
1083 4293 1194 4364 λέγομεν
1208 4293 1240 4347 Β.
1344 4310 1388 4364 13.
1405 4295 1451 4350 ὅτε

248 4359 575 4432 B.D.Mtgne.b'nAub.
650 4379 691 4429 14.
710 4363 751 4416 καὶ
764 4381 818 4418 om.
832 4362 865 4417 Β.
939 4381 981 4433 19.
999 4362 1082 4436 πορδ]
1096 4365 1146 4418 ῦπδ
1161 4364 1193 4418 Β.
1265 4380 1309 4452 23.
1326 4363 1402 4422 αὖθις
1417 4366 1452 4420 Β.

246 4430 614 4569 ΞζέλῗροχὲηηόφηρὰΕἭτδ
626 4437 677 4488 τῶν
688 4434 808 4505 μεγάλων
820 4451 909 4544 αοοαιο
912 4444 957 4504 pta
969 4452 1000 4488 ex
1016 4434 1049 4488 B.
1096 4432 1161 4503 ἔλθη
1174 4438 1189 4489 ό
1201 4441 1316 4505 Χριστος
1327 4435 1357 4489 ἐν
1368 4439 1401 4505 τῇ
1417 4436 1452 4491 Β.
