3038 5018
256 292 322 354 420
559 289 599 355 B.
623 286 829 353 CYRILLI
860 285 1148 351 ALEXANDR.
1283 283 1326 346 vi.
1342 278 1392 359 ια’,
1409 299 1459 364 13.

91 475 132 525 Ρι
143 475 176 524 vi-
189 472 213 525 ⁶·
260 452 381 556 καιρόν
397 487 407 550 ;
438 453 603 553 με’μνησο
621 453 790 555 λέγοντος
808 460 872 531 τοῦ
893 456 1056 558 μελῳδοῦ
1075 461 1097 496 “
1110 446 1199 529 Ὅτι
1217 448 1282 526 οῦκ
1300 445 1401 524 ἐστιν
1421 444 1461 521 ἐν

261 588 283 624 “
299 582 352 687 τῷ
371 576 513 685 θανάτερ
536 579 555 657 6
577 575 807 676 μνημονεύων
826 601 906 655 σου·
935 577 974 654 ἐν
992 573 1030 653 δέ
1046 579 1098 680 τῷ
1124 569 1193 680 ᾆδη
1211 574 1264 654 τίς
1282 569 1459 676 ἐξομολο-

92 711 159 767 28⁶
170 709 211 765 A·
231 710 283 764 ⁰“
303 699 458 800 γήσεταί
472 734 534 779 σοι
548 698 579 795 ;”
607 707 708 783 ποῖος
727 698 800 800 γὰρ
818 698 868 778 ἐτι
886 704 959 777 τιῦν
978 704 1110 798 νεκρῶν
1129 698 1148 774 6
1172 691 1359 796 καρπὸς,ἦ
1382 696 1459 772 πῶς

262 822 312 903 ἔτι
340 821 562 922 μεμνήσεταί
589 858 642 907 τις
661 829 757 903 Θεοῦ
786 823 844 902 διὰ
874 830 937 901 τοῦ
964 829 1128 922 πληροῦν
1150 817 1300 918 ἐντολὴν
1324 821 1398 895 τῶν
1422 815 1461 892 ἐν

91 959 161 1073 {bb
173 959 208 1009 ffi-
262 944 349 1054 ᾅδου
368 947 687 1046 καταβεβηκότων;
718 959 740 994 “
754 947 964 1027 Συνέκλεισε
983 942 1055 1047 γὰρ
1073 947 1093 1023 6
1113 943 1206 1027 Θεὸς
1224 943 1299 1021 κατ’
1319 938 1491 1034 αῦτοῦ,”5

110 1041 133 1087 δ’
262 1069 355 1150 κατὰ
378 1068 419 1150 τὸ
440 1070 699 1173 γεγραμμένον·
731 1068 842 1149 διάτοι
865 1076 971 1148 τοῦτο
999 1071 1058 1147 καὶ
1083 1068 1103 1146 6
1128 1065 1345 1171 σοφώτατος
1368 1064 1460 1161 ἡμᾶς

92 1200 190 1316 2:⁸¹³*-
261 1194 416 1274 ἐπαίδευε
438 1199 587 1279 Παῦλος
605 1205 626 1242 “
639 1192 739 1277 Ἕως
764 1190 886 1296 καιρὸν
905 1192 1032 1297 ἔχομεν
1051 1191 1277 1294 ἐργαζώμεθα
1300 1188 1343 1268 τὸ
1369 1190 1459 1289 ἀγα·

125 1302 131 1315 ⁸
261 1328 284 1365 “
302 1316 397 1414 θῖιν,”
417 1315 644 1398 ἐπιστέλλων
663 1320 748 1398 τισί.

318 1445 390 1520 Καὶ
418 1449 531 1520 ταῦτα
561 1440 626 1539 μέν
653 1441 738 1540 ἡμῖν
765 1447 813 1523 είς
842 1440 884 1518 τὸ
915 1441 954 1519 ἐκ
988 1444 1051 1536 τῆς
1081 1440 1241 1541 ἱστορίας
1273 1434 1460 1538 λελέξεται

259 1564 452 1668 χρήσιμον·
484 1561 603 1662 ἐπειδή
632 1563 669 1643 δέ
697 1571 943 1660 πνευματικῶς
973 1561 1258 1659 ἐκλαμβάνοντες
1286 1556 1332 1639 τά
1362 1564 1456 1659 εῖρη·
1476 1589 1514 1630 10

259 1685 359 1784 μένα·
390 1692 482 1792 χρῆν
506 1688 578 1790 γὰρ
606 1688 711 1783 οὕτω,
733 1689 791 1766 καὶ
819 1689 885 1791 οὐχ
913 1687 1049 1788 ἑτέρως·
1081 1683 1140 1766 διὰ
1166 1686 1231 1783 μέυ
1256 1691 1329 1764 τῶν
1355 1682 1461 1763 πέντε

226 1812 426 1910 δκριθίνων
451 1810 493 1889 τὸ
518 1811 739 1891 Μωυσαῖκδν
765 1811 900 1916 ἔφημεν
928 1812 1198 1908 ῦποδηλοῦσθαι
1225 1808 1382 1903 βιβλίον,
1402 1805 1462 1897 διῦιΙ

262 1934 300 2014 δέ
331 1941 407 2013 τοῖν
438 1936 536 2013 δυοῖν
567 1935 745 2041 όψαρίοιν,
779 1932 826 2013 τά
857 1931 960 2040 σοφά
992 1939 1065 2013 τῶν
1096 1935 1209 2033 ἁγίων
1240 1928 1463 2011 ἀποστόλων

260 2054 542 2160 συγγράμματα·
574 2062 701 2162 χρῆναι
721 2057 833 2138 πάλιν
853 2057 1099 2157 ὑπολαμβάνω
1127 2061 1184 2135 καὶ
1212 2059 1270 2136 ἐπὶ
1296 2060 1360 2154 τῆς
1387 2061 1463 2134 τῶν

262 2180 448 2284 λειψάνων
467 2185 667 2283 συλλογῆς,
687 2180 861 2278 μυστικόν
879 2215 918 2259 τε
940 2184 998 2259 καὶ
1019 2177 1256 2279 πνευματικὸν
1274 2181 1462 2277 ἐπινοῆσαι
1479 2214 1513 2271 15

262 2306 438 2407 θεώρημα,
467 2339 512 2409 τη
540 2311 612 2385 τῶν
639 2305 829 2407 εῖρημένων
856 2304 1052 2410 ἀκολουθίᾳ
1079 2303 1287 2408 συντρέχον.
1335 2304 1464 2382 οῦκοῦν

262 2429 399 2508 ἐκέλευε
417 2427 483 2525 μέν
500 2429 520 2505 6
540 2425 668 2527 Σωτήρ
687 2428 896 2507 ἀναπίπτειν
913 2427 978 2525 μέν
997 2427 1078 2510 τοῦς
1096 2426 1237 2532 ὄχλους,
1257 2425 1465 2528 εὐλογήσας

265 2550 302 2631 δέ
339 2550 421 2634 τοῦς
459 2551 586 2652 ἄρτους
623 2555 681 2630 καὶ
717 2549 762 2630 τὰ
795 2551 934 2655 ὀψάρια
967 2552 1158 2652 παρετίθει,
1194 2550 1252 2632 διὰ
1288 2555 1352 2650 τῆς
1389 2556 1467 2630 τῶν

233 2679 434 2773 ομαθητῶν
469 2674 662 2774 ὑπουργίας
707 2673 857 2774 δηλαδή·
903 2674 1022 2774 ἐπειδή
1067 2675 1104 2754 δέ
1148 2674 1467 2776 κατεκορέσθησαν

262 2795 476 2903 παραδόξως
501 2804 535 2877 οῖ
558 2797 791 2901 βεβρωκότες,
810 2798 1006 2899 συλλέγειν
1023 2799 1198 2879 ἐπιτάττει
1222 2796 1269 2878 τά
1293 2797 1467 2903 λείψανα,
1482 2834 1514 2873 2·

263 2927 321 2999 καὶ
353 2929 575 3021 πληροῦνται
607 2920 735 3028 κόφινοι
768 2918 913 3018 δώδεκα,
941 2920 989 3006 εἷς
1019 2923 1161 3031 ἐκάστερ
1190 2929 1262 3002 τῶν
1292 2928 1469 3018 μαθητῶν

263 3042 414 3123 κατὰτὸ
433 3041 533 3129 εἰκός·
561 3041 659 3143 ἦσαν
678 3043 749 3147 γάρ
767 3053 934 3125 τοσοῦτοι
953 3049 1011 3125 καὶ
1030 3047 1138 3127 αῦτοί.
1171 3047 1209 3124 τί
1224 3046 1286 3123 οὖν
1304 3048 1470 3124 ἐντεῦθεν

265 3166 522 3267 ῦπουοήσομεν,
556 3167 579 3268 ἢ
609 3167 752 3251 πάντως
789 3171 910 3266 ἐκεῖνο,
944 3173 1002 3248 καὶ
1039 3170 1103 3248 οῦκ
1135 3166 1377 3275 ἐψευσμένως,
1412 3169 1470 3249 ὅτι

263 3291 555 3395 πανηγυριάρχης
596 3293 660 3390 μέν
697 3299 769 3373 τῶν
804 3295 857 3372 ἐπ’
896 3295 992 3401 αὐτῷ
1028 3293 1271 3373 πιστευόντων
1307 3295 1410 3373 ἐστὶν
1449 3296 1470 3374 6

264 3411 437 3516 Χριστὸς,
458 3417 516 3492 καὶ
544 3413 625 3498 τοῦς
652 3415 743 3517 πρὸς
770 3417 879 3495 αὐτὸν
903 3416 1020 3502 ἐόντας
1044 3418 1237 3523 άποτρέφει
1260 3424 1334 3500 τοῖς
1361 3418 1469 3502 θείοις
1483 3453 1519 3495 ιι

263 3541 382 3617 τεκαὶ
405 3538 587 3640 οὐρανίοις,
608 3543 719 3637 δῆλον
738 3539 791 3619 ότι
817 3539 1018 3641 μαθήμασι,
1038 3550 1191 3639 νομικοῖς
1218 3576 1258 3621 τε
1286 3547 1344 3621 καὶ
1371 3576 1466 3645 προ·

265 3666 439 3768 φητικοῖς,
457 3663 701 3763 εῦαγγελικοῖς
721 3697 759 3742 τε
778 3666 836 3742 καὶ
855 3667 1121 3748 άποστολικοῖς.
1156 3666 1240 3743 ἀλλ’
1261 3667 1303 3748 οῦ,
1321 3664 1468 3749 πάντως

230 3788 370 3873 ἆαῦτὸς
398 3790 524 3892 ὁρᾶται
553 3789 689 3868 τούτων
716 3790 736 3868 6
766 3791 970 3894 αὐτουργὸς,
989 3797 1192 3871 διακονοῦσι
1222 3792 1259 3871 δέ
1289 3794 1373 3892 ἡμῖν
1402 3792 1469 3892 τήν

97 3934 219 3984 SMntth·
266 3913 403 3993 άνωθεν
417 3911 522 4017 χάριν
535 3918 568 3991 οἱ
586 3914 754 4012 μαθηταί·
775 3914 874 3993 αι’ποὶ
887 3914 959 4016 γὰρ
973 3917 1036 3994 οῦκ
1054 3919 1145 3994 εἰσὶν
1160 3925 1181 3962 “
1192 3921 1225 3994 οἱ
1243 3917 1468 4000 λαλοῦντες”

96 4013 168 4050 m
268 4035 358 4116 κατὰ
395 4035 437 4115 τὸ
476 4036 667 4137 εἰρημένον,
703 4046 724 4083 “
743 4036 842 4115 ἀλλὰ
880 4038 920 4116 τὸ
961 4044 1109 4134 Πνεῦμα
1145 4047 1209 4118 τοῦ
1243 4038 1389 4140 Πατρός
1426 4038 1470 4119 τὸ
1484 4069 1515 4125 3·

300 4375 326 4429 3.
345 4358 417 4412 ισω
430 4359 528 4428 ρωιει
542 4358 574 4411 ο.
683 4377 708 4425 4.
727 4359 764 4428 ο]
777 4322 808 4412 ἱῦ
820 4358 856 4412 υ.
870 4359 931 4411 «ιιι.
945 4358 1000 4414 ις’
1015 4359 1065 4413 Ed.
1078 4378 1134 4428 mg.
1242 4358 1268 4413 ο.
1286 4358 1352 4428 ιρι.
1364 4377 1421 4415 om.
1436 4361 1471 4416 B.

266 4442 292 4496 7.
310 4429 447 4484 ἐπαίδευσε
462 4429 493 4484 Β.
603 4444 643 4482 10.
661 4434 834 4497 πνευματικῶς
847 4429 880 4482 Β.
892 4432 1126 4499 πνευματικώτερον
1139 4429 1190 4484 Ed.
1308 4446 1349 4484 Π.
1369 4433 1424 4502 χρή
1437 4432 1472 4486 Β.

298 4512 311 4553 3·
328 4521 357 4555 τε
371 4499 443 4554 B.D.
456 4522 480 4553 τι
495 4500 545 4554 Ed.
594 4499 780 4568 ἐπινοήσασθαι
792 4500 961 4570 χάρισμότων
973 4500 1013 4553 καὶ
1025 4500 1196 4568 θεωρημότῦν
1206 4505 1257 4555 τῶν
1268 4500 1412 4570 εἰρημένον
1423 4502 1460 4558 Β.
