3038 5018
99 287 701 375 v1.34,35.1Ns.JoANNEM.
748 290 842 355 mn.
868 289 933 354 111.
980 288 1157 354 cAP.V1.
1233 291 1297 353 ωο

99 460 147 538 εἰς
172 459 394 561 ἀφθαρσίαν,
411 461 459 543 ῶς
484 461 522 539 έν
545 456 734 563 ἐπισκέψει
753 461 937 554 θεοῦ,καί
962 457 1079 553 μένων
1098 461 1145 539 εἰς
1171 454 1294 554 διατή-

98 612 218 680 ρησιν,
237 587 283 666 εἰς
306 584 512 685 μακραίωνα
531 582 699 684 δηλονότι
717 583 800 676 βίον
818 583 877 661 καί
895 578 988 682 ζωὴν
1005 574 1071 677 τῆν
1088 579 1297 681 ἀπέραντον.

99 705 340 806 ἀφραίνοντας
363 714 554 809 τοιγαροῦν
572 708 615 787 οῦ
632 705 782 809 μετρίως
800 703 884 788 τοῦς
900 703 1101 801 Ἰουδαίους,
1121 702 1299 800 οἰομένους

99 860 137 905 τε
175 828 229 907 ότι
266 829 367 931 παρὰ
400 838 465 910 τοῦ
501 829 698 934 παυσόφυυ
732 828 920 912 Μωυσέως
951 835 1025 912 τοῖς
1057 827 1300 931 ἀρχαιοτέροις

68 952 303 1057 5έχορηγῆθη
330 953 372 1035 τὸ
400 951 531 1052 μα’ννα,
561 959 620 1035 καί
647 954 752 1060 μέχρι
779 953 916 1036 τούτων
944 959 1121 1038 ἱστῶντος
1153 951 1218 1034 τόν
1244 954 1330 1034 ε’πό
1350 978 1418 1035 820
1427 978 1466 1034 Δ.

99 1078 196 1183 αὐτῷ
222 1075 344 1180 λόγον,
363 1081 569 1162 ἐννοοῦντας
592 1078 632 1159 δὲ
656 1085 847 1163 παντελῶς
870 1086 944 1161 τῶν
961 1081 1004 1158 δι’
1024 1080 1134 1159 αὑτοῦ
1151 1111 1297 1180 προση-

99 1202 321 1297 μαινομένων
335 1201 447 1299 οὐδὲν,
461 1202 621 1305 εὐλόγως
639 1201 778 1308 ἐλέγχει
797 1201 916 1303 λέγων
934 1204 953 1282 ὁ
972 1201 1134 1305 Χριστός
1149 1198 1301 1301 ((Ἀμῆν

99 1334 122 1371 “
139 1322 235 1426 λέγω
255 1328 336 1425 ὑμῖν
352 1327 394 1408 οῦ
414 1330 580 1425 Μωυσῆς
597 1325 747 1406 δέδωκεν
766 1327 872 1425 ῦμίν”
892 1323 934 1407 τῦ
962 1323 1090 1425 μάννα.
1132 1325 1202 1405 ἔδει
1228 1323 1301 1428 γάρ

99 1455 245 1542 μᾶλλον
268 1451 377 1532 έκεῖνο
404 1453 666 1546 διενθυμεῖσθαι
693 1453 752 1528 καί
780 1456 881 1546 νοεῖν,
904 1448 959 1530 ότι
983 1450 1097 1549 μόνην
1120 1454 1168 1533 εἰς
1193 1454 1301 1528 τοῦτο

49 1570 166 1669 ιοτῆν
184 1572 243 1652 διά
261 1578 324 1672 τῆς
347 1575 526 1672 μεσιτείος
547 1574 744 1677 ὑπουργίαν
763 1571 988 1678 εἰσενήνοχεν
1007 1574 1027 1651 ὁ
1048 1575 1224 1672 Μωυσῆς·
1255 1569 1301 1672 ἦν

100 1695 137 1774 δὲ
162 1696 204 1776 τὸ
230 1701 344 1798 δῶρον
367 1699 431 1777 οῦιε
457 1698 682 1799 ἀνθρωπίνης
706 1699 842 1801 εὕρημα
858 1695 986 1803 χειρός,
1006 1695 1091 1777 ἀλλ’
1110 1696 1218 1800 ἔργον
1236 1700 1301 1796 τῆς

100 1819 236 1900 ἀνωθεν
273 1820 429 1926 χάριτος,
469 1825 506 1901 έν
542 1828 615 1905 τοῖς
658 1822 871 1927 παχυτέροις
912 1820 1219 1928 καταγραφοῦσης
1256 1819 1299 1900 τῦ

100 1943 238 2045 νοητὸν,
266 1949 324 2025 καί
351 1944 415 2026 τόν
442 1945 552 2048 ἀρτον
579 1946 664 2045 ἡμῖν
691 1944 941 2046 σημαινούσης
969 1943 1034 2025 τὸν
1060 1945 1104 2051 ἐξ
1132 1945 1297 2048 οὐρανοῦ,

100 2067 164 2148 τὸν
189 2069 264 2178 ὅλῳ
290 2075 342 2177 τῷ
365 2069 492 2178 κόσμιρ
516 2068 660 2150 διδόντα
684 2067 750 2169 τῆν
768 2067 871 2172 ζωῆν,
892 2071 951 2149 καί
978 2070 1045 2174 οὐχ
1072 2067 1110 2148 ἓν
1133 2071 1183 2153 ῶς
1206 2067 1333 2154 κατάἰ)

51 2218 87 2279 ¹5
100 2191 323 2295 πρόσκλισιν
341 2193 592 2301 ἀποτρέφοντα
610 2193 712 2295 γένος
731 2192 773 2273 τὸ
791 2194 836 2300 ἐξ
850 2193 1016 2293 Ἰσραήλ.

146 2423 246 2496 Εἶπον
272 2426 329 2497 οὖν
356 2429 439 2521 πρὸς
466 2429 566 2497 αὐτόν
595 2427 697 2519 Κύριε,
725 2429 866 2495 τιάντοτε
894 2427 950 2495 δόο
977 2423 1053 2505 ἡμῖν
1080 2428 1137 2494 τὸν
1162 2428 1263 2517 ἄρτον
1314 2449 1352 2506 34

374 2563 499 2623 τοῦτον.
544 2548 616 2621 εἰπε
643 2553 680 2620 δὲ
706 2549 817 2620 αὐτοῖς
844 2554 863 2621 ὁ
885 2553 1023 2620 Ἰιιοοΰο.
1314 2579 1352 2642 35

157 2720 447 2820 Ἀπογυμνοῦται
472 2725 605 2826 σαφῶς
629 2716 687 2798 διά
711 2716 859 2815 τούτων,
878 2720 936 2797 καί
956 2715 1054 2798 πολῦ
1073 2718 1156 2797 λίαν
1174 2718 1298 2798 ε’πιθυ·

102 2840 224 2941 μῆσας
251 2846 387 2940 λαθεῖν,
418 2843 438 2921 ό
470 2848 543 2921 τῶν
569 2842 751 2923 Ἰουδαίων
778 2841 926 2941 σκοπός,
955 2844 1014 2922 καί
1042 2842 1097 2922 ὅτι
1123 2840 1175 2942 μῆ
1203 2840 1303 2940 θέμις

50 2997 89 3035 20
103 2965 304 3071 ψεύδεσθαι
330 2964 398 3064 τῆν
424 2964 596 3066 ἀλήθειαν
623 2967 758 3047 κατίδοι
785 3001 838 3050 τις
870 2963 925 3064 ἀν,
954 2967 1021 3071 οὐχ
1055 2965 1110 3046 ότι
1141 2966 1302 3064 σημείων

103 3088 276 3192 γεγόνασι
303 3092 443 3194 θεωροὶ,
469 3089 526 3169 διά
554 3098 660 3169 τοῦτο
687 3093 746 3169 καί
774 3092 984 3169 ἀκολουθεῖν
1009 3087 1135 3171 αῦτοῦς
1163 3090 1330 3190 έπείγε-ο

102 3222 200 3311 σθαι,
223 3213 417 3316 λέγουσαν,
445 3215 529 3292 ἀλλ’
557 3211 611 3293 ότι
639 3211 818 3318 φαγόντες
844 3215 883 3292 έκ
904 3219 978 3293 τῶν
1002 3213 1120 3318 ἀρτων
1144 3212 1296 3318 έχορτά·
1342 3215 1449 3334 ξξξῐζῦ

103 3344 262 3438 σθησαν.
315 3342 371 3420 έπί
403 3345 529 3444 πολλῆ
562 3340 597 3418 δ’
632 3335 678 3417 ἀν
707 3333 848 3422 εἰκότως
886 3339 1069 3446 δυσμοθίᾳ
1101 3339 1299 3442 καταγινώ-

102 3496 258 3560 σκοιντο,
286 3467 343 3543 καί
373 3468 501 3568 χρῆναι
529 3472 649 3565 λεγειν
676 3463 730 3542 ἐπ’
759 3463 878 3547 αὐτοῖς
906 3461 1018 3546 ὅντως
1051 3461 1300 3561 ἀπολαμβάνω

50 3599 88 3659 ²5
103 3597 124 3633 “
142 3584 235 3666 Ἰδοῦ
262 3585 350 3671 λαός
377 3585 496 3691 μωρὸς
522 3590 582 3667 καί
609 3585 784 3689 ἀκάρδιος,
810 3587 996 3692 ὀφθαλμοὶ
1023 3587 1142 3669 αὐτοῖς
1170 3588 1229 3665 καί
1256 3586 1300 3666 οῦ
1345 3605 1417 3655 Hier·
1427 3621 1452 3655 v.

103 3721 125 3757 “
141 3709 354 3808 βλέπουσιν,
382 3707 456 3790 ῶτα
484 3711 602 3794 αὐτοῖς
630 3713 688 3789 καί
717 3711 781 3789 οὐκ
808 3710 1014 3790 ἀκοάουσι.”
1055 3706 1114 3787 διά
1142 3708 1215 3811 γάρ
1245 3742 1300 3789 τοι
1347 3683 1386 3721 ²¹⁸

101 3841 264 3932 πολλῶν,
297 3832 421 3936 ὥσπερ
458 3835 521 3914 οὖν
557 3834 679 3941 ἔξεστι
715 3830 1022 3930 καταθεάσασθαι,
1055 3830 1177 3935 λόγων
1209 3835 1298 3938 ἀφι·
1378 3838 1380 3842 ’

103 3964 265 4043 στῶντος
289 3958 416 4043 αὐτοῦς
442 3965 514 4038 τῶν
532 3962 749 4057 σωματικῶν
766 3959 910 4037 ε’ννοιῶν
927 3965 991 4037 τοῦ
1011 3959 1179 4060 Σωτῆρος
1200 3955 1302 4056 ἡμῶν

104 4085 357 4185 Χριστοῦ,καί
380 4084 662 4185 ἀναπτεροῦντος
687 4080 747 4162 διά
771 4084 834 4180 τῆς
851 4078 1047 4187 πανσόφου
1065 4077 1302 4164 διδασκαλίας

142 4318 167 4374 7.
187 4305 301 4371 Χριστός
314 4301 346 4357 Β.
360 4302 454 4374 Κύριος
466 4302 517 4358 Ed.
612 4320 652 4358 ιι.
671 4302 829 4372 ἀνθρωπίνης
842 4299 1047 4385 Β..ἀγθρωπείυς
1058 4301 1110 4356 Ed.
1197 4318 1237 4369 14.
1255 4302 1302 4372 τὴν

105 4392 159 4428 om.
174 4374 206 4429 B.
254 4374 310 4430 ένδς
322 4392 369 4444 pro
382 4373 409 4429 ἓν
420 4376 454 4431 ῶς
468 4374 499 4430 Β.
609 4387 649 4446 15.
668 4376 829 4443 πρόσκλισιν
839 4370 919 4459 εφιάν.
928 4373 1098 4455 πρόσκλησιν
1112 4372 1144 4428 Β.
1155 4376 1303 4443 πρόκλησιν

106 4461 157 4515 Ed.
206 4462 236 4515 τδ
247 4460 321 4531 γένος
333 4464 363 4516 τδ
376 4461 408 4516 Β.
495 4479 537 4516 21.
556 4445 968 4533 ἀκολουθῆσεινοῦτοῑςὸἀωτῆρ
982 4459 1015 4515 Β.
1063 4459 1159 4515 Statim
1171 4461 1302 4533 λέγουσαν

104 4531 253 4603 ἐπείγεσθαι
266 4532 371 4588 inverso
383 4532 476 4588 ordine
489 4533 521 4588 B.
612 4548 656 4588 αα.
674 4532 875 4604 ἐχορτάσθησαν
886 4540 947 4587 anto
959 4532 987 4587 ἰκ
999 4535 1049 4587 τῶν
1061 4530 1212 4604 transponit
1224 4529 1257 4586 B.
1294 4587 1300 4596 ,
