3038 5018
537 1049 778 1125 ΚΕΦΑΛΗ
822 1049 864 1124 Ε.

101 1338 178 1419 Περί
206 1342 257 1418 τῆς
287 1340 390 1419 ίορτῆς
419 1341 470 1416 τῆς
499 1338 713 1418 σκηνοπηγίας,
739 1337 784 1400 ὅτι
809 1340 859 1416 τῆς
885 1331 1083 1417 ὀφειλομένης
1111 1338 1174 1399 τοῖς
1205 1333 1301 1413 ἁγίοις

187 1459 309 1524 ἐλπίδος
330 1459 385 1537 τὴν
405 1456 649 1521 ἀποκατάστασιν
671 1462 767 1534 δηλοῖ,
789 1456 837 1520 καί
859 1455 914 1534 τίην
933 1457 965 1518 ἐκ
989 1459 1101 1535 νεκρῶν
1121 1452 1298 1531 ἀναβίωσιν·

186 1565 379 1659 προκειμίνου
398 1579 488 1658 ῥητοῦ
501 1574 567 1641 Ἢν
588 1579 620 1640 δὲ
644 1577 734 1657 ἔγγὺς
754 1576 772 1656 ἡ
796 1575 881 1656 ἑορτὴ
902 1580 963 1638 τῶν
981 1573 1133 1637 Ἰουδαίαν
1152 1572 1171 1651 ἡ
1193 1566 1335 1648 σκηνο-ί)

69 1718 87 1776 5
187 1719 291 1776 πηγια.

104 1910 162 1976 Καί
188 1911 269 1987 μετὰ
296 1916 399 1977 ταῦτα
426 1912 616 2000 περιεπάτει
643 1911 811 1977 ὁἸιισοῦο
839 1909 873 1974 ἒν
900 1916 940 1999 τῇ
970 1906 1136 1997 Γαλιλαίᾳ·
1174 1908 1211 1971 οὐ
1241 1907 1299 1995 τὰρ
1315 1915 1392 1991 Κεφ.
1407 1905 1447 1984 ζ’.

153 2036 270 2101 ιίθελεν
294 2037 329 2101 ὲν
355 2043 395 2127 τῇ
413 2036 557 2129 Ἰουδαίᾳ
585 2031 786 2124 περιπατεῖν,
804 2037 855 2100 ὅτι
882 2035 1010 2122 ὲςιίτουν
1034 2031 1300 2099 αὐτὸνἸυυδαῖοι

153 2156 353 2226 ἀποκτεῖναι.

164 2390 295 2455 ΜΕΤΑ
329 2377 449 2471 rafim,
483 2376 591 2480 φησί,
626 2371 672 2453 τὰ
704 2371 867 2474 εἰρημένα
895 2406 933 2452 τε
964 2375 1023 2450 καὶ
1051 2369 1300 2473 πεπραγμένα,
1342 2408 1346 2418 ·

54 2496 216 2577 ιοποίλιν
240 2499 390 2578 ε’ποιεῖπο
416 2495 480 2580 τὰς
504 2495 689 2599 διατριβὰς
712 2495 978 2598 οἱομενέστερον
995 2499 1097 2600 ε’ντῇ
1121 2496 1302 2600 Γαλιλαίᾳ

104 2620 278 2722 Χριστός·
316 2629 423 2700 τοῦτο
447 2618 518 2723 γὰρ
543 2616 641 2718 οἶμαι
666 2616 707 2698 τὸ
732 2620 924 2724 περιεπάτει
950 2624 1097 2718 δηλοῦν·
1132 2615 1218 2698 ἀλλ’
1238 2619 1333 2697 οὐκο

105 2742 314 2823 ἐθελούσιον
343 2744 439 2850 αὐτῷ
466 2741 509 2822 τί)
535 2744 619 2844 παρ’
649 2744 790 2824 ἐκείνοις
818 2738 916 2839 εἶναι,
943 2749 1089 2839 μᾶλλον
1116 2743 1154 2822 δὲ
1184 2745 1233 2825 ὡς
1262 2741 1306 2848 ἐξ

104 2864 264 2967 ἀνάγκης
296 2872 502 2965 συμβαῖνον
532 2866 737 2947 ἐπιδεικνύει
774 2864 1037 2967 προστεθεικίος
1073 2865 1138 2951 τὰς
1175 2868 1299 2951 αἰτίας.

104 2988 236 3086 ἤθελον
254 2987 336 3092 γὰρ,
356 2993 483 3093 φησὶν,
502 2987 599 3069 αὐτλν
617 2993 813 3069 ἀποκτείναι
831 2983 993 3069 Ἰουθαίοι·
1025 2988 1083 3068 διὰ
1105 2998 1210 3070 τοῦτο
1231 2998 1304 3075 τοῖς

54 3128 90 3189 Ῑ5
105 3112 324 3212 ἀλλογενέσι
348 3116 407 3192 καὶ
431 3117 480 3197 είς
503 3110 662 3215 μακροὺς
687 3110 813 3191 ἑαυτὸν
831 3113 1009 3216 ἐχαρίζετο
1034 3111 1194 3217 χρόνους,
1212 3113 1255 3194 τὸ
1274 3116 1305 3195 ἐν

104 3236 144 3343 τῇ
178 3230 328 3343 Ἰουθαίᾳ
362 3239 557 3339 περιπατεῖν
593 3233 885 3338 παραιτούμενος.
939 3237 1026 3314 ἀλλ’
1060 3233 1156 3332 οἶμαι
1191 3236 1305 3318 πάλιν

105 3356 207 3439 οὐδὲν
225 3358 334 3458 ἦττον
353 3357 413 3436 διὰ
430 3357 567 3438 τούτων
584 3359 642 3439 ἐπὶ
666 3364 793 3461 πολλῇ
817 3359 900 3438 λίαν
918 3361 1121 3467 δνστροπίᾳ
1145 3352 1303 3463 κατηγσὲ

103 3487 247 3586 ρεῖσθαι
264 3480 329 3560 τὸν
346 3480 512 3584 Ἰσραὴλ,
526 3481 560 3562 εἴ
573 3516 615 3583 γε
636 3489 699 3560 τοῦ
717 3485 920 3561 διαιτᾶσθαι
937 3483 1020 3587 παρ’
1041 3485 1137 3591 αὐτῷ
1154 3486 1253 3565 πολιί
1270 3519 1305 3564 τι

105 3613 265 3709 κρεῖττον
283 3605 447 3711 ἐφαίνετο
473 3605 515 3684 τὸ
540 3601 641 3704 παρὰ
665 3611 740 3686 τοῖς
764 3604 809 3711 ἐξ
829 3607 941 3684 ἐθνῶν
959 3608 1188 3708 εὑρίσκεσθαι
1206 3616 1340 3706 μᾶλ-ιΙ

56 3757 93 3797 20
106 3737 188 3807 λον·
229 3727 274 3827 ἦν
296 3727 334 3807 δί
363 3729 433 3829 ἄρα
460 3730 559 3811 πουτί
585 3727 628 3808 τὸ
657 3727 715 3807 διὰ
743 3737 806 3809 τοῦ
833 3728 1022 3835 προφήτου
1049 3731 1306 3835 πεφωνημένον

105 3851 275 3953 Ἰερεμίαν
294 3863 316 3898 “
330 3850 648 3954 Ἐγκαταλέλοιπα
672 3850 737 3932 τὸν
758 3849 854 3932 οἶκόν
878 3887 959 3951 μον,
978 3855 1102 3959 ἀφῆκα
1126 3851 1192 3952 τὴν
1210 3865 1302 3955 κλη-
1351 3872 1474 3928 nimii.

107 3983 128 4020 “
145 3973 317 4075 ρονομίαν
353 4009 435 4073 μου,
470 3975 585 4054 ἔδωκα
621 3973 688 4075 τὴν
725 3976 957 4075 ἠγαπημένην
989 3974 1115 4078 ψυχήν
1150 4011 1220 4073 μου
1257 3984 1305 4061 είς
1353 3950 1374 4000 7’

106 4106 129 4143 “
148 4103 268 4201 χεῖρας
296 4099 434 4201 ἐχθρῶν
459 4099 604 4198 αὐτῆς·”
635 4097 677 4177 τὸ
706 4098 778 4200 γὰρ
806 4098 943 4203 ἕξοικον
968 4096 1032 4194 μίν
1057 4097 1115 4178 διὰ
1143 4100 1305 4198 τὴντῶν

146 4361 195 4416 2-5
208 4363 262 4399 om.
277 4344 310 4398 B.
406 4356 431 4414 η.
449 4340 540 4414 αὐτὸν]
557 4350 586 4408 †
602 4345 626 4396 οί
640 4342 691 4397 Ed.
705 4343 789 4396 invito
803 4342 834 4397 B.
848 4343 881 4397 cs.
897 4360 977 4413 supra
991 4357 1043 4414 270
1053 4362 1076 4397 e.
1171 4362 1210 4412 ¹4·
1230 4346 1307 4401 αὑτὸν

108 4416 228 4469 Ἰουδαῖοι
246 4415 392 4468 ἀποκτεῖναι
410 4414 494 4483 φησίν
512 4415 618 4468 iuveno
636 4413 730 4467 ordine
748 4412 781 4467 B.
829 4415 853 4467 οί
870 4420 934 4468 ante
947 4413 1065 4467 Ἰουδαῖοι
1084 4415 1228 4484 praemittit
1246 4415 1306 4480 Ed„

111 4502 244 4556 suprascr.
259 4485 291 4538 B.
399 4499 441 4538 ςο.
460 4485 532 4538 τουτί
544 4501 597 4538 om.
613 4484 645 4537 B.
754 4500 796 4554 23.
816 4486 861 4552 τὴν
872 4501 926 4538 om.
939 4484 970 4538 Β.

661 4583 752 4645 ηυν
