3038 5018
71 277 157 348 i.12.
259 279 315 345 IN
346 279 380 346 S.
403 281 658 348 JOANNEM.
704 279 800 346 LIB.
823 279 851 344 I.
897 278 1000 346 CAP.
1024 279 1085 345 IX.
1208 280 1271 347 133

71 452 94 526 “‚
112 443 213 531 ἔθνος
231 445 459 552 ἁμαρτωλὸν,
471 445 561 533 λαός
578 448 722 552 πλήρης
739 449 932 553 ἁμαρτιῶν,
943 446 1090 552 σπέρμα
1102 445 1272 550 πονηρόν,

71 578 93 616 “
111 573 178 649 υἰοί
197 570 332 671 ἄνομοι·
354 572 605 673 ἐγκατελίπετε
623 569 687 652 τόν
703 571 838 676 Κύριον
854 572 915 652 καί
933 573 1189 675 παρωργίσατε
1207 568 1272 651 τόν

69 701 93 740 “
111 690 214 796 ἅγιον
230 703 295 775 τοῦ
312 692 497 799 Ἰσραήλ·”
527 698 600 798 ε’ρεί
614 692 657 773 δέ
669 729 724 779 τις
741 693 832 798 πρὸς
850 693 896 775 τοί
915 694 999 795 ἔθνη
1017 701 1091 774 τῶν
1104 701 1271 797 Χριστοῦ
1487 717 1502 762 ⁴

69 823 242 918 μαθητῶν
263 830 286 868 “
301 821 423 919 Ὑμεῖς
450 817 488 899 δὲ
515 818 618 921 γε’νος
646 816 826 916 ἐκλεκτόν,
849 819 1040 913 βασίλειον
1066 819 1267 921 ἱεράτευμα,
1314 821 1431 954 {521'0‘2

37 955 56 1016 5
71 952 94 991 “
109 941 210 1028 ε”θνος
229 940 343 1046 ἅγιον,
362 940 452 1027 λαός
471 948 518 1026 εἰς
536 941 776 1045 περιποίησιν,
794 941 853 1022 ἵνα
870 940 935 1026 τὰς
953 941 1080 1045 ἀρετὰς
1102 941 1300 1049 {famei-a
1345 962 1385 1017 91
1397 960 1438 1015 Δ.

71 1075 93 1115 ‘⁴
111 1073 199 1166 λητε
228 1075 293 1147 τοῦ
321 1068 359 1146 ἐκ
388 1065 543 1149 σκότους
570 1068 660 1165 ὑμᾶς
688 1074 884 1151 καλοῦντος
912 1071 960 1149 εἰς
988 1064 1031 1145 τό
1059 1063 1270 1162 θαυμαστόν

71 1200 95 1237 “
113 1191 221 1270 αὐτοῦ
241 1191 354 1296 φῶς·”
383 1187 505 1288 ἐπειδὴ
524 1186 595 1292 γοίρ
612 1188 856 1293 παρεδέξαντο
874 1184 933 1267 διυί
950 1193 1014 1287 τῆς
1033 1188 1189 1273 πίστεως
1206 1189 1271 1269 τόν

70 1312 174 1405 Υἰίιν,
200 1311 361 1418 δέχονται
389 1311 455 1414 τὴν
484 1312 634 1420 ἐξουσίαι
660 1320 725 1392 τοῦ
752 1314 790 1392 ἐν
818 1311 944 1396 τέκνοις
972 1309 1140 1417 τετάχθω
1169 1315 1288 1393 Θεοῦ

71 1438 197 1517 δίδωσι
226 1436 340 1538 γεμην
368 1439 389 1516 ό
417 1434 505 1520 Υἰίις
538 1435 580 1516 τό
611 1433 711 1543 μόνῳ
740 1438 799 1516 καί
834 1436 928 1520 ἰδίως
960 1437 1057 1545 αύτῷ
1089 1441 1147 1516 καί
1180 1436 1272 1517 κατὰ

17 1591 56 1632 ¹0
72 1560 186 1666 φύσιν
205 1559 368 1665 ὑπάρχον
386 1560 677 1668 ἕξουσιαστικῶς,
696 1566 744 1644 εἰς
763 1557 949 1660 κοινότητα
967 1565 1126 1664 προθεὶς,
1145 1560 1271 1665 ὥσπερ

72 1684 188 1764 εἰκόνα
222 1685 496 1791 φιλανθρωπίας
529 1688 594 1783 τῆς
625 1684 775 1782 ἐνούσης
808 1685 904 1791 αὐτῷ
941 1688 1001 1766 καί
1032 1690 1096 1784 τῆς
1129 1693 1176 1770 εἰς
1207 1685 1272 1768 τόν

72 1807 210 1908 κόσμον
232 1805 375 1910 ἀγάπης
401 1804 444 1887 τό
471 1813 624 1910 πρᾶγμα
652 1807 872 1906 ποιούμενος.
914 1810 955 1889 ού
982 1807 1054 1912 γὰρ
1078 1808 1124 1910 ἦν
1146 1810 1271 1915 ἑτέρως

73 1934 259 2038 διαφυγεῖν
286 1929 352 2032 τὴν
380 1930 532 2038 φθορὰν,
561 1929 628 2031 τὴν
655 1931 772 2011 εἰκόνα
801 1940 865 2013 τοῦ
894 1941 1017 2038 χοϊκοῦ
1044 1932 1127 2018 τοῦς
1157 1935 1268 2043 φορί-
1319 1942 1438 1994 ¹⁰⁰†·¹V·

72 2089 219 2153 σαντας,
239 2060 269 2136 εἰ
286 2054 337 2156 μὴ
355 2059 419 2155 τῆς
436 2053 569 2138 εἰκόνος
586 2062 651 2133 τοῦ
669 2056 890 2158 ἐπουρανίου,
909 2054 967 2135 διοί
985 2065 1049 2137 τοῦ
1073 2061 1270 2158 κεκλῆσθαι
1284 2024 1357 2139 b⁴⁹'

18 2205 56 2267 ¹5
71 2178 162 2282 πρός
190 2181 381 2276 υἱοθεσίαν,
408 2174 450 2258 τό
478 2178 616 2264 κάλλος
644 2179 728 2278 ἡμῖν
750 2177 986 2281 ε’νεσημάνθη.
1026 2179 1171 2285 με’τοχοι
1199 2180 1271 2286 γοίρ

71 2304 180 2382 αὑτοῦ
204 2301 393 2406 γεγονότες
418 2300 476 2382 διοί
500 2311 565 2381 τοῦ
591 2301 813 2401 Πνεύματος,
834 2303 1205 2411 κατεσφραγίσθημεν
1222 2311 1271 2389 εἰς

70 2426 264 2527 ὁμοιότητα
280 2425 346 2527 την
363 2424 454 2530 πρὸς
476 2424 596 2516 αὐτόν,
617 2429 675 2505 καί
700 2432 748 2511 εἰς
770 2425 812 2507 τὸ
835 2427 1037 2531 ἀρχείυπον
1055 2433 1119 2529 τῆς
1137 2427 1270 2515 εἰκόνος

68 2552 309 2651 ἀναβαίνομεν
326 2554 464 2656 σχῆμα,
482 2551 564 2630 καθ’
584 2550 695 2652 ἥνπερ
717 2551 809 2650 ἡμᾶς
833 2554 892 2631 καί
916 2552 1138 2652 πεποιῆσθαί
1155 2559 1271 2658 φησιν

68 2675 91 2775 ἡ
123 2674 200 2755 θεία
228 2672 366 2783 γραφή.
418 2674 522 2774 μόγις
556 2671 628 2776 γάρ
659 2674 751 2753 ούτω
780 2672 823 2753 τό
852 2677 1002 2780 οἰρχαίον
1029 2680 1093 2777 τῆς
1125 2677 1271 2784 φύσεως

16 2832 57 2873 20
69 2798 370 2898 ἀνακομισάμενος
392 2798 617 2895 κάλλος,καί
641 2794 732 2900 πρὸς
756 2797 822 2898 τὴν
840 2798 938 2879 θείαν
955 2799 1088 2900 ε’κείνην
1107 2803 1266 2904 ἀναμορ-

70 2922 248 3030 φωθέντες
285 2923 411 3030 φύσιν,
444 2921 622 3026 κρείττους
658 2920 816 3018 ἐσόμεθα
846 2928 919 3000 τῶν
951 2924 990 3001 ἐκ
1026 2923 1270 3024 παραβάσεως

68 3047 154 3145 ἡμῖν
171 3045 457 3146 συμβεβηκότων
476 3051 604 3126 κακῶν.
644 3045 771 3129 οὐκοῦν
789 3044 1027 3146 ἀναβαίνομεν
1046 3050 1094 3129 εἰς
1117 3043 1159 3124 τὸ
1182 3045 1299 3151 ύπέρο

12 3198 15 3202 ’
70 3172 185 3278 φύσιν
208 3170 353 3278 ἀξίωμα
379 3168 438 3251 διὰ
463 3166 638 3273 Χριστόν,
662 3167 747 3247 ἀλλ’
776 3170 817 3248 ού
843 3169 918 3248 κατ’
944 3172 1076 3249 ε’κείνον
1101 3171 1267 3273 ἀπαραλ·

69 3292 212 3378 λάκτως
234 3293 392 3393 ἐσόμεθα
416 3296 475 3373 καί
498 3293 596 3392 ἡμεῖς
622 3296 688 3373 υἰοί
711 3298 818 3390 θεοῦ,
841 3295 927 3372 ἀλλ’
952 3296 999 3377 ὡς
1024 3290 1114 3397 πρὸς
1139 3296 1270 3374 ἐκεῖνον
1319 3281 1322 3289 ¹

17 3442 57 3503 25
70 3416 128 3498 διὰ
155 3423 219 3519 τῆς
247 3415 338 3499 κατὰ
365 3419 518 3518 μίμησιν
544 3416 701 3521 χάριτος·
747 3418 767 3496 ό
795 3415 860 3516 μὲν
887 3415 959 3520 γάρ
986 3419 1088 3498 ε’στιν
1109 3416 1197 3504 Υἱός
1229 3419 1270 3499 ε’κ

72 3540 219 3647 Πατρός
251 3541 421 3647 ὑπάρχων
451 3540 630 3641 ἀληθινός,
658 3543 753 3620 θετοί
784 3539 823 3621 δὲ
854 3542 953 3641 ἡμεῖς
988 3545 1036 3628 ὡς
1067 3543 1106 3624 ἐκ
1138 3552 1270 3649 φιλαν-

69 3668 239 3769 θρωπίας,
259 3669 306 3752 ὡς
328 3669 366 3746 ἐν
384 3664 529 3771 χάριτος
553 3666 659 3771 μοίρᾳ
683 3662 930 3762 λαμβάνοντες
954 3665 998 3746 τό
1022 3677 1044 3715 “
1062 3665 1161 3768 Ἐγὼ
1188 3664 1269 3748 εἰπα
1313 3680 1393 3796 1²1ng

71 3800 93 3837 “
107 3790 197 3870 θεοί
211 3794 293 3870 ε’στε
312 3793 370 3869 καὶ
390 3792 456 3869 υἰοί
474 3789 635 3894 ὑψίστου
651 3786 813 3871 πάντες.”
843 3789 866 3887 ἡ
884 3786 951 3890 μὲν
964 3788 1035 3892 γὰρ
1053 3786 1269 3891 πεποιημένη

69 3915 128 3992 καί
160 3913 273 4010 δούλη
306 3913 423 3997 κτίσις
459 3919 620 3993 καλεῖται
652 3911 743 4014 πρὸς
779 3909 825 3991 τοί
859 3909 947 4014 ὑπὲρ
977 3914 1093 4012 φύσιν
1124 3913 1269 4010 νεύματι

17 4070 57 4127 30
69 4042 193 4144 γυμνῴ
221 4038 278 4116 καί
307 4034 455 4137 θελήσει
482 4043 546 4115 τοῦ
575 4033 734 4138 Πατρός·
774 4036 794 4114 ό
822 4033 861 4116 δὲ
888 4033 976 4120 Υἱός
1003 4039 1062 4115 καί
1091 4033 1184 4122 θεός
1211 4039 1304 4123 naid

1405 3743 1431 3800 ⁶,

106 4324 131 4363 ς.
150 4307 475 4380 ἐγκατελίπετε-Ἰσραήλ
488 4325 542 4362 om.
556 4307 588 4362 B.
721 4325 747 4378 3.
765 4304 844 4390 πρὸς]
858 4307 894 4363 εἰς
907 4307 941 4362 Β.
1076 4322 1119 4374 14.
1136 4308 1183 4361 τοῦ
1195 4305 1270 4378 prius

69 4379 141 4435 DJ).
156 4382 200 4449 τῆς
214 4379 264 4435 Ed.
383 4381 425 4435 16.
444 4380 552 4450 αῦτοῦγ
584 4377 885 4435 ονότεςίιοοοςθιυοΒ.
1001 4377 1042 4431 18.
1056 4376 1224 4448 θναβαίνομεν
1237 4377 1270 4433 Β.

70 4489 165 4506 .....
178 4473 254 4516 νομιν
267 4450 338 4507 [λβ.
352 4489 359 4504 .
373 4489 381 4506 .
395 4490 402 4505 .
416 4489 424 4504 .
439 4490 446 4505 .
459 4471 537 4516 νόμον
574 4449 600 4504 d'.
613 4455 631 4480 “
642 4448 867 4504 conscendimus’'
880 4447 1022 4503 translator
1033 4457 1153 4519 uterque.
1218 4449 1270 4520 γὰρ

69 4538 118 4592 pro
129 4542 180 4591 περ
193 4521 226 4577 Β.
336 4537 377 4592 19·
395 4522 471 4593 μόγις
485 4520 517 4576 Β.
529 4522 605 4591 μόλις
617 4519 669 4575 Ed.
777 4519 820 4575 26.
838 4520 1053 4588 ὥςκςιααψςυια
1066 4535 1099 4573 ex
1114 4517 1147 4575 B.
