3038 5018
256 314 317 377 182
556 312 594 378 B.
620 311 836 384 CYRILLI,
859 309 1145 376 ALEXANDR.
1297 307 1318 370 i.
1333 325 1386 393 32,
1399 323 1452 390 33·

88 484 206 535 ¹15¹&ss
237 473 555 581 Ιἑτεροδοξούντων
577 475 677 573 λαός,
695 475 745 574 μὴ
771 475 905 575 νοήσας
927 487 949 522 “
963 475 1052 575 μήτε
1080 469 1104 554 ἀ
1131 475 1227 574 λέγει
1255 471 1345 570 μήτε
1371 475 1454 568 περὶ

89 564 111 612 ⁷⁰
256 610 278 645 ‘⁶
296 600 402 678 τίνων
433 601 729 696 διαβεβαιοῦται,”
760 602 819 679 καὶ
852 599 1062 678 κινδυνεύειν
1096 598 1134 677 δέ
1166 600 1277 679 οὕτως
1308 597 1346 673 ἐν
1379 601 1453 676 τοῖς

256 720 556 824 ἀναγκαιοτάτοις,
579 721 680 803 οῦδέν
704 724 873 825 ἡγοῦνται
899 724 1007 825 βαρύ·
1044 720 1066 822 ἢ
1092 721 1163 823 γὰρ
1189 720 1234 799 ἂν
1252 724 1310 799 καὶ
1335 719 1450 814 αῦτοὶ,

255 844 383 947 πικρὸν
405 847 444 925 ἐκ
470 843 670 952 βλεφάρων
693 846 925 951 καταχέοντες
953 844 1105 948 δάκρυον
1130 848 1189 924 καὶ
1216 841 1380 945 μεγάλην
1405 848 1454 926 εἱς

258 970 351 1074 ὕψος
379 970 618 1054 ἀνατείνοντες
645 971 711 1069 τὴν
739 969 873 1076 φωνὴν,
901 969 1115 1074 προσῄεσαν
1143 969 1310 1069 λέγοντες
1338 978 1360 1012 “
1374 971 1488 1047 Θοῦ5

256 1102 279 1138 “
299 1091 408 1196 Κύριε
434 1092 602 1197 φυλακὴν
620 1101 672 1201 τῷ
696 1094 855 1191 στόματί
876 1128 956 1192 μου,
976 1097 1032 1172 καὶ
1058 1091 1170 1195 θύραν
1187 1085 1356 1195 περιοχῆς
1372 1092 1454 1190 περὶ

257 1212 338 1261 «λ
419 1218 428 1245 Ι

225 1249 242 1293 e
295 1250 343 1294 τα
370 1229 473 1320 χειλη
500 1250 581 1315 μου.
622 1217 672 1316 μὴ
700 1218 864 1323 ἐκκλίνῃς
889 1216 955 1317 τὴν
978 1218 1126 1319 καρδίαν
1148 1250 1218 1312 μου
1245 1221 1293 1297 είς
1321 1213 1454 1314 λόγους

87 966 128 1015 Pu.
139 967 188 1015 cxl.

88 1046 110 1093 32
122 1047 146 1092 4·

255 1350 278 1386 “
296 1340 504 1442 πονηρίας.”
543 1338 647 1441 λόγοι
666 1339 738 1441 γὰρ
757 1339 869 1424 ὅντως
887 1342 1057 1444 πονηρίας
1081 1346 1113 1419 οἱ
1132 1341 1215 1439 παρ’
1236 1339 1370 1417 ἑαυτῶν
1387 1336 1455 1436 τὴν

254 1464 312 1542 ἐπὶ
334 1470 408 1546 τοῖς
430 1461 597 1567 ἐσχάτοις
620 1462 746 1565 ζημίαν
763 1472 836 1547 τοῖς
861 1463 1094 1562 ἀκροωμένοις
1120 1462 1316 1546 ῶδίνοντες.
1356 1461 1455 1559 ἡμεῖς

256 1585 293 1664 δέ
322 1590 384 1684 τῆς
412 1587 546 1665 ἑαυτῶν
570 1586 713 1688 καρδίας
741 1586 804 1667 τῶν
829 1589 968 1667 ἐκείνων
993 1587 1231 1693 ἐξοικίσαντες
1259 1589 1372 1684 λῆρον
1396 1585 1455 1663 ἐπὶ
1475 1615 1515 1654 10

255 1706 319 1787 τόν
344 1706 451 1810 ὀρθὸν
473 1713 536 1807 τῆς
564 1711 720 1794 πίστεως
747 1711 966 1810 βαδιούμεθα
994 1710 1119 1811 λόγον,
1141 1707 1183 1789 τῦ
1208 1706 1456 1810 γεγραμμένον

87 1831 168 1960 {⁰5⁰2
257 1831 396 1935 ἔχοντες
420 1837 468 1916 είς
494 1841 577 1912 νοῦν
597 1844 618 1881 “
631 1834 840 1935 Λογισμοῦς
865 1842 1113 1937 καθαιροῦντες
1139 1836 1293 1911 καὶτῶν
1319 1832 1457 1936 ὕψωμα

257 1966 279 2003 “
298 1954 529 2058 ἐπαιρόμενον
548 1956 639 2036 κατά
664 1962 727 2056 τῆς
753 1958 922 2059 γνῶσεως
943 1968 1007 2037 τοῦ
1027 1963 1133 2053 Θεοῦ,
1152 1959 1210 2036 καὶ
1229 1955 1451 2059 αἱχμαλωτί·

89 2111 149 2164 122
160 2108 201 2164 Δ.
226 2089 280 2162 a“
298 2079 414 2182 ζοντες
428 2087 502 2160 πᾶν
522 2079 637 2179 νόημα
656 2086 704 2165 είς
722 2078 787 2180 τὴν
807 2079 964 2180 ῦπακοὴν
983 2090 1047 2161 τοῦ
1066 2079 1266 2182 Χριστοῦ.”
1306 2079 1391 2182 φέρε
1411 2075 1456 2176 δὴ

256 2205 329 2301 οῦν,
349 2203 407 2283 καὶ
426 2201 488 2283 τὸν
506 2205 544 2283 ἐν
562 2212 635 2288 τοῖς
652 2206 893 2307 προκειμένοις
915 2205 999 2303 ἡμῖν
1017 2204 1245 2307 θεωρήμασιν
1264 2208 1451 2306 αἰχμαλω·
1475 2232 1513 2293 15

256 2328 406 2430 τίζοντες
434 2335 527 2423 νοῦν,
548 2327 782 2434 ῦποτάξωμεν
801 2334 845 2434 τῇ
872 2328 960 2435 δόξῃ
988 2336 1051 2406 τοῦ
1076 2333 1317 2427 Μονογενοῦς,
1336 2322 1457 2403 πάντα

258 2450 424 2555 φέροντες
451 2459 608 2535 συνετῶς
633 2457 681 2534 εἱς
705 2451 771 2550 τὴν
790 2452 949 2551 ὑπακοὴν
968 2455 1085 2547 αῦτοῦ,
1104 2450 1300 2543 τουτέστιν,
1320 2454 1366 2531 εἰς
1391 2445 1457 2525 τὸν

90 2599 130 2648 lb.
143 2598 195 2647 viii.
257 2578 338 2674 περὶ
358 2578 420 2672 τῆς
438 2574 739 2675 ἐνανθρωπήσεως
759 2576 900 2677 τρόπον.
931 2587 953 2623 “
970 2575 1154 2657 Πλούσιος
1172 2572 1243 2675 γὰρ
1263 2569 1323 2666 ῶν,
1342 2571 1457 2651 ε’πτῶ-

260 2708 281 2744 ‘⁶
299 2731 407 2800 χευσε
426 2699 467 2775 δι’
489 2698 590 2796 ἡμᾶς,
609 2699 666 2777 ἵνα
685 2700 781 2798 ἡμεῖς
799 2702 843 2802 τῇ
862 2701 969 2778 αὐτοῦ
986 2700 1144 2804 πτωχείᾳ
1160 2693 1456 2795 πλουτήσωμεν.”

316 2818 435 2924 Δέχου
458 2822 505 2917 δέ,
525 2822 558 2900 εἴ
579 2857 640 2901 σοι
667 2826 770 2919 δοκεῖ,
789 2827 846 2901 καὶ
865 2821 923 2901 διά
941 2830 1012 2901 τῶν
1030 2820 1268 2922 προκειμένων
1289 2820 1371 2917 ἡμῖν
1389 2816 1458 2916 τὴν
1475 2853 1516 2893 20

260 2942 452 3050 ἀπόδειξιν,
472 2946 679 3051 ἀνεξίκακον
697 2954 771 3029 τοῖς
791 2945 914 3047 λόγοις
934 2944 1112 3027 ἁπλῶσας
1133 2942 1199 3040 τὴν
1217 2943 1339 3041 ἀκοήν.
1378 2944 1457 3020 κατ’

227 3065 378 3148 Ινεὶκόνα
397 3073 454 3147 καὶ
474 3072 554 3148 καθ’
576 3072 748 3168 ὁμοίωσιν
767 3078 831 3148 τοῦ
848 3069 905 3149 ἐπὶ
924 3066 1061 3150 πάντας
1079 3067 1181 3150 ὄντος
1196 3072 1291 3146 Θεοῦ
1309 3068 1458 3163 πεποιῆ-

259 3198 347 3271 σθαι
375 3190 437 3271 τῦν
461 3192 651 3294 ἄνθρωπον
675 3194 695 3292 ἦ
724 3196 801 3273 θεία
824 3194 1039 3292 μαρτύρεται
1065 3189 1203 3297 γραφή.
1245 3193 1302 3268 καὶ
1327 3196 1415 3290 γοῦν
1437 3189 1460 3266 ὁ

93 3371 173 3421 Exod.
260 3313 300 3394 τό
333 3323 475 3416 πρῶτον
504 3317 587 3414 ἡμῖν
615 3315 797 3423 συντάξας
829 3319 989 3411 βιβλίον·
1033 3319 1196 3413 Μωυσῆς
1230 3313 1267 3392 δέ
1300 3313 1402 3395 οῦτος
1437 3314 1460 3391 ὁ

91 3437 228 3552 ffifffl
259 3439 482 3539 ἐγνωσμένος
502 3449 522 3483 “
536 3436 636 3539 παρὰ
654 3438 809 3521 πάντας”
831 3446 882 3547 τῷ
903 3447 995 3547 Θεῲ·
1024 3448 1046 3485 “
1063 3442 1134 3517 Καὶ
1153 3439 1309 3535 ἐποίησε,
1330 3439 1459 3538 φησὶν,
1478 3468 1518 3530 ²5

93 3578 132 3632 ²7·
259 3560 320 3637 “5
343 3559 434 3643 Θεὸς
459 3559 523 3639 τὸν
546 3561 747 3661 ἄνθρωπον,
764 3565 838 3641 κατ’
863 3564 981 3642 εἰκόνα
1005 3568 1100 3641 Θεοῦ
1124 3561 1291 3660 ἐποίησεν
1314 3557 1459 3638 αύτόν.”

259 3682 313 3761 ότι
333 3681 370 3761 δέ
390 3682 449 3761 διά
473 3692 536 3762 τοῦ
558 3682 767 3781 Πνεύματος
792 3691 839 3768 εἰς
865 3686 982 3764 εἰκόνα
1008 3684 1073 3783 τὴν
1092 3684 1189 3763 θείαν
1206 3682 1457 3788 κατεσφραγί-

259 3804 345 3907 ζετο,
366 3805 478 3886 πάλιν
498 3805 602 3890 αὐτὸς
621 3808 712 3906 ἡμᾶς
731 3810 888 3914 ἐδίδαξεν
906 3808 1013 3888 είπῶν
1033 3821 1055 3854 “
1072 3813 1144 3887 Καὶ
1168 3807 1392 3912 ἐνεφύσησεν
1411 3813 1463 3890 εἰς

260 3944 280 3979 “
299 3931 340 4011 τὸ
373 3929 572 4033 πρόσωπον
602 3932 709 4011 αὑτοῦ
742 3934 857 4031 πνοὴν
886 3934 1009 4036 ζωῆς·”
1054 3934 1142 4029 ὁμοῦ
1173 3930 1244 4033 γὰρ
1278 3935 1335 4008 καὶ
1367 3928 1463 4031 ζωὴν

230 4055 399 4136 οένετίθει
424 4053 466 4132 τὸ
494 4059 642 4152 Πνεῦμα
669 4063 720 4162 τῷ
747 4057 951 4154 πλάσματι,
971 4059 1027 4134 καὶ
1056 4053 1137 4136 τοῦς
1164 4055 1289 4133 ἐαυτοῦ
1317 4086 1457 4156 χαρακ·
1479 4083 1514 4140 3·

260 4183 368 4280 τῆρας
402 4184 606 4280 θεοπρεπῶς
638 4181 879 4280 ἐνεσήμαινεν·
926 4183 1018 4259 οὕτω
1049 4177 1090 4259 τὸ
1123 4183 1179 4258 ἐπὶ
1210 4183 1277 4280 γῆς
1311 4174 1463 4278 λογικὸν

296 4414 321 4451 2,
340 4399 381 4450 καὶ
394 4409 562 4466 assumptum
575 4416 607 4451 ex
622 4399 654 4453 Β.
691 4401 787 4455 Statim
800 4399 923 4454 κινδύνειν
933 4399 1004 4453 Aub.
1116 4412 1156 4468 15.
1174 4397 1413 4467 αίχμολωτίσοντες
1427 4396 1463 4450 Β.

262 4466 302 4589 ἒό.
317 4467 406 4590 ἕεοῦ]
421 4469 497 4522 αὐτοῦ
512 4469 543 4522 B.
558 4473 626 4522 θεοῦ
639 4470 718 4525 habet
732 4471 836 4524 Veccus
848 4471 876 4524 in
893 4471 976 4540 epigr.
989 4470 1024 4523 ix.
1168 4483 1212 4538 30.
1232 4467 1329 4534 ἐνετίθη
1343 4476 1369 4520 et
1381 4467 1465 4520 αὐτοῦ

286 4554 316 4591 ος
337 4577 343 4590 .
