3038 5018
268 276 332 340 626
571 276 609 339 B.
634 273 842 338 CYRILLI
871 272 1161 339 ALEXANDR.
1239 274 1241 278 ’
1356 273 1471 354 vii.24

268 440 468 540 ἐπαγωγῆς.
498 437 733 541 βαστάγματι
749 436 813 537 μὲν
826 437 898 542 γὰρ
916 439 981 518 οῦκ
998 441 1040 546 ἐᾷ
1057 439 1352 541 καταβρίθεσθαί
1366 472 1473 535 τινας,

270 563 318 644 ὡς
337 561 478 645 οῦδενὸς
499 563 550 642 ἔτι
569 564 644 641 κατ’
665 565 774 642 ε’κεῖνο
793 571 916 664 καιροῦ
934 561 975 642 τῦ
1002 561 1182 667 δυσαχθές
1206 567 1273 663 τῆς
1298 563 1475 665 ἁμαρτίας

269 686 552 791 ἀναληψομένου
577 687 740 792 φορτίον·
771 686 959 788 ἁγιότητος
986 685 1059 789 γὰρ
1088 689 1108 766 ό
1136 687 1269 790 καιρός,
1287 686 1476 792 οίχομένης

270 806 335 903 μὲν
354 814 402 892 εἷς
420 808 602 912 ἀναίρεσιν
620 813 781 909 παντελῆ
800 814 863 909 τῆς
880 810 1030 915 ἀρχαίας
1049 809 1234 913 ἁμαρτίας,
1252 809 1476 914 ἀνακαινιζο-

269 930 376 1030 με’νης
396 929 435 1011 δὲ
453 936 517 1028 τῆς
535 930 689 1013 ἑκάστου
706 937 830 1040 ψυχῆς
849 938 898 1017 είς
917 934 992 1040 ἕξιν
1006 937 1161 1017 ἁκλινῶς
1178 935 1244 1034 τὴν
1263 933 1499 1041 φιλάριτον.ε

102 1077 170 1134 428
179 1077 219 1133 A.
240 1054 371 1136 ιάλλὰ
398 1059 458 1135 καὶ
485 1055 527 1137 τό
556 1056 626 1136 ε”ω
652 1064 782 1162 φοιτᾶν
806 1063 878 1137 τῶν
903 1062 967 1156 τῆς
984 1055 1226 1160 Ἰερουσαλὴμ
1253 1060 1322 1138 οῦκ
1349 1061 1478 1165 ἐφίησι

269 1187 407 1262 πυλῶν.
445 1184 504 1260 καὶ
531 1180 604 1283 γὰρ
632 1179 676 1281 δῆ
705 1179 796 1261 κατά
823 1180 886 1261 τὸν
904 1183 1024 1282 ἀληθῆ
1051 1215 1089 1262 τε
1114 1183 1172 1262 καὶ
1200 1183 1321 1285 ὀρθῶς
1348 1182 1479 1286 ἔχοντα

270 1304 384 1407 λόγον
415 1305 552 1403 οἰκήσει
587 1306 727 1406 παγίως
758 1306 778 1384 ό
811 1303 980 1408 λαμπρός
1012 1311 1086 1386 τῶν
1119 1307 1232 1407 ἁγίων
1267 1304 1386 1410 χορὸς
1416 1303 1479 1407 τὴν

268 1426 478 1527 ἐπουράνιον
495 1424 748 1528 Ἰερουσαλὴμ,
767 1433 826 1509 καὶ
843 1425 910 1527 τὴν
928 1431 1035 1532 ἁγίαν
1053 1431 1118 1508 οῦκ
1134 1427 1333 1529 ἐκβήσεται
1350 1427 1477 1526 πόλιν,

268 1553 372 1632 ἕσται
391 1549 593 1649 δὲμᾶλλον
613 1549 672 1630 διὰ
696 1551 832 1635 παντὸς
857 1555 894 1632 ε’ν
913 1554 1002 1658 αῦτῆ
1028 1555 1086 1632 καὶ
1110 1550 1202 1655 πρὸς
1225 1552 1270 1632 τό
1297 1551 1479 1634 δύνασθαι
1489 1592 1515 1636 ιο

268 1674 493 1777 δραπετεύειν
518 1676 682 1771 οὐδαμῶς
711 1681 784 1754 τῶν
812 1675 915 1781 ἅπαξ
941 1675 1117 1757 δοθέντων
1145 1677 1298 1776 ἀγαθῶν
1324 1681 1378 1781 τῇ
1407 1677 1478 1784 θείᾳ

269 1796 414 1895 δυνάμει
432 1797 740 1897 διακρατοῦμενος.
773 1808 794 1846 “
808 1796 1088 1899 Ἀμεταμέλητα
1106 1795 1179 1902 γὰρ
1198 1797 1245 1878 τά
1262 1800 1476 1903 χαρίσματα

268 1932 291 1969 “
309 1925 368 2002 καὶ
397 1922 420 2021 ῆ
448 1924 580 2021 κλῆσις
607 1929 671 2000 τοῦ
688 1923 818 2017 Θεοῦ,”
839 1921 931 2001 κατά
955 1922 1019 2002 τὸν
1043 1921 1147 2024 ἅγιον
1167 1928 1340 2003 Παῦλον.
1385 1922 1481 2004 ε’νδέ

234 2070 311 2148 bys
330 2051 381 2152 τῷ
399 2042 512 2126 πόλιν
530 2050 639 2124 εἰπεῖν
658 2046 740 2124 Οῦκ
765 2043 1004 2151 ἐξελεύσεσθε
1030 2046 1180 2130 ἕκαστος
1205 2048 1245 2126 ἐκ
1271 2055 1342 2128 τοῦ
1369 2046 1476 2129 τάττω

100 2167 187 2286 ξξξῐζ
270 2171 379 2267 ὑμῶν,
397 2171 506 2249 ε’κεῖνο
525 2167 569 2268 δὴ
587 2166 688 2266 μάλα
707 2175 839 2273 σαφῶς
860 2167 972 2249 ἔοικεν
990 2171 1205 2263 ἀποδηλοῦν.
1242 2175 1395 2252 πολλαὶ
1418 2171 1510 2272 με’νις

267 2292 340 2395 γάρ
366 2293 477 2378 ὄντως
500 2297 536 2372 αἱ
559 2294 665 2391 μοναί
690 2291 790 2395 παρὰ
808 2299 859 2400 τῷ
878 2297 961 2400 Θεῷ
979 2296 1038 2373 καὶ
1057 2297 1187 2397 Πατρὶ,
1206 2293 1302 2374 κατὰ
1329 2295 1402 2395 τὴν
1419 2303 1476 2375 τοῦ

271 2423 439 2521 Σωτῆρος
456 2415 595 2525 φωνήν·
630 2421 688 2496 καὶ
711 2416 839 2496 τοῦτον
864 2414 908 2516 δὴ
934 2415 1047 2497 πόλιν
1067 2424 1243 2521 λαμπρῶς
1268 2418 1475 2523 ἀνεπλήρου

100 2554 213 2671 ffiz
269 2541 333 2622 τόν
357 2541 470 2622 τόπον
494 2540 517 2639 ἡ
543 2541 628 2642 ἁγία
653 2539 781 2639 σκηνὴ,
801 2540 885 2620 δέκα
911 2540 1154 2637 λαμβάνουσα
1179 2539 1245 2626 τάς
1272 2541 1407 2640 αῦλάς,
1425 2547 1475 2622 καί

188 2657 221 2672 '⁸
270 2663 462 2764 δοθήσεται
489 2662 555 2762 μὲν
582 2661 725 2770 ἑκάστῳ
754 2662 844 2742 κατὰ
872 2661 939 2762 τῆν
963 2664 1070 2770 ἀξίαν
1094 2668 1153 2744 καὶ
1181 2663 1383 2767 ἀναλόγως
1409 2671 1475 2748 τοῖς

269 2786 558 2892 κατωρθωμένοις
591 2786 614 2885 ῆ
647 2786 751 2886 μονῆ·
806 2791 839 2866 οὶ
877 2786 915 2866 δὲ
948 2785 1044 2871 όλως
1076 2789 1114 2867 ε’ν
1145 2789 1378 2893 κατασχέσει
1409 2795 1508 2869 τῶνιι

268 2915 383 2991 ἐκεῖσε
423 2907 671 3011 σκηνωμάτων
708 2909 947 3013 γεγενημένοι,
985 2911 1044 2992 διὰ
1087 2911 1222 2998 παντὸς
1269 2911 1343 3012 μὲν
1381 2916 1476 2994 αὐτοὶ

238 3032 560 3135 σε’νδιαιτήσονται,
588 3037 795 3128 βαδιοῦνται
824 3031 861 3112 δὲ
890 3035 1054 3132 οὐδαμῶς
1079 3039 1126 3119 είς
1154 3034 1381 3117 ἀπόπτωσιν
1408 3043 1477 3118 τῶν

268 3159 307 3238 ἐκ
332 3158 427 3241 θείας
451 3157 570 3240 αῦτοῖς
594 3155 889 3257 ἀπονεμηθέντων
913 3160 1058 3260 δωρεᾶς.
1104 3161 1163 3238 καὶ
1186 3155 1332 3258 ἀληθὴς
1357 3161 1477 3260 ἡμῐνὰ

268 3280 405 3385 μάρτυς
432 3277 654 3379 εἰσβήσεται·
687 3280 786 3382 λέγει
813 3279 885 3384 γὰρ
913 3283 1025 3365 οὕτως
1053 3283 1073 3361 ό
1102 3280 1294 3388 προφήτης
1313 3285 1479 3369 Ἡσαΐας

268 3410 348 3504 περὶ
376 3402 644 3483 τῶντοιούτων
669 3404 863 3512 διειληφώς
890 3414 911 3452 “
925 3408 975 3483 Οί
1002 3405 1193 3512 ὀφθαλμοί
1215 3438 1289 3484 σου
1319 3406 1480 3515 ὄψονται
1489 3440 1514 3501 ις

269 3538 290 3575 “
309 3523 564 3630 Ἰερουσαλὴμ,
584 3524 693 3612 πόλις
717 3527 894 3624 πλουσία,
915 3529 1047 3627 σκηναὶ
1065 3526 1102 3607 αί
1120 3529 1162 3607 οῦ
1179 3525 1230 3626 μῆ
1248 3537 1477 3631 σεισθῶσιν,

269 3661 291 3699 “
309 3651 386 3730 οὐδ’
407 3651 448 3728 οῦ
473 3647 524 3749 μῆ
549 3655 745 3748 κινηθῶσιν
764 3655 811 3733 είς
835 3647 898 3729 τὸν
917 3655 1029 3729 αἰῶνα
1053 3648 1218 3755 χρόνον.”
1256 3652 1298 3730 ἐν
1326 3653 1407 3758 γὰρ
1432 3691 1481 3764 τερ

267 3772 317 3872 μὴ
345 3773 511 3853 σείεσθαι
539 3770 659 3873 λε’γειν
686 3772 750 3855 τὰς
778 3774 816 3851 ἐν
842 3779 887 3878 τῆ
918 3775 1082 3882 πλουσίᾳ
1108 3772 1214 3855 πόλει
1242 3777 1411 3878 σκηνὰς,
1441 3779 1482 3861 τό

267 3894 483 3994 ἀμετάθετον
510 3899 574 3996 τῆς
604 3897 642 3974 ἐν
671 3897 761 4000 αὐτῆ
791 3900 959 3996 διαμονῆς
986 3900 1045 3977 καὶ
1077 3895 1333 3998 ἐνδιαιτήσεως
1364 3936 1479 3985 κατα-

270 4022 388 4117 δηλοῖ.
430 4017 532 4098 ἀλλά
560 4021 618 4099 καὶ
646 4017 736 4121 πρὸς
768 4018 905 4104 τούτοις
937 4018 998 4116 ἔτι,
1025 4026 1100 4100 πὰν
1127 4021 1244 4123 ἔργον,
1272 4028 1417 4129 φησὶν,
1445 4030 1518 4117 οὑμ

101 1787 175 1836 Rom.
189 1787 221 1837 xi.

102 1867 140 1918 29.

308 4246 330 4282 1.
348 4229 522 4299 βαστόγμτιτα
537 4228 569 4281 Β.
734 4245 760 4298 5.
780 4228 889 4285 ἀκλινῶς
900 4229 947 4298 τὴν
958 4227 1114 4302 φιλόρετον]
1128 4195 1230 4299 ἀληθῶς
1242 4232 1293 4300 τῆν
1306 4235 1440 4308 ἐνάρκων
1454 4240 1482 4294 Β,

269 4316 294 4368 9.
308 4300 457 4365 ίπουρόνιον
472 4299 503 4352 Β.
516 4299 634 4367 οὐράνιον
648 4297 699 4352 Ed.
774 4314 815 4353 10.
828 4302 870 4353 καί
882 4310 1052 4371 assumptum
1064 4319 1097 4356 ex
1112 4300 1144 4355 B.
1219 4319 1261 4368 14.
1275 4305 1366 4362 εἰπεῖν
1379 4328 1440 4366 om.
1453 4311 1483 4365 B.

272 4384 313 4437 15.
332 4370 378 4437 μὲν
390 4387 444 4422 om.
460 4369 491 4422 B.
701 4370 741 4424 18.
761 4371 807 4426 τὰς
819 4387 873 4424 οαι.
885 4370 917 4423 Β.
1123 4388 1166 4427 21.
1184 4373 1259 4428 αὐτοὶ
1272 4373 1311 4431 Β.
1324 4380 1421 4439 αὐτοῖς
1434 4383 1483 4438 Ed.

270 4452 312 4507 27.
332 4438 384 4492 οὐδ’
398 4440 427 4492 οὐ
443 4440 474 4493 B.
489 4440 589 4506 (Alex.)
603 4440 662 4494 οὐδὲ
677 4439 727 4494 Ed.
741 4441 775 4495 cs.
789 4458 844 4494 var.
858 4443 877 4494 Ι.
889 4442 918 4494 in
931 4442 966 4495 xii
981 4441 1080 4512 Proph.
1094 4441 1145 4514 667
1156 4442 1183 4498 b.
1236 4448 1406 4525 κινηθῶσιν]
1420 4454 1485 4518 *foi

268 4509 404 4564 πάσσολοι
416 4512 461 4579 τῆς
473 4512 567 4579 σκηνῆς
579 4511 655 4578 αὐτῆς
669 4509 719 4565 Ed.
733 4512 823 4566 invitis
838 4511 909 4566 BD.
923 4511 1039 4584 Georgio
1052 4511 1132 4582 Trap.
