3038 5018
65 287 178 373 i.6‚7.
248 290 304 354 IN
335 289 648 356 S.JOANNEM.
693 289 841 355 LIB.I.
887 287 1093 354 CARVII.
1225 286 1268 351 89

64 451 187 555 πηγὴν
222 459 287 556 τῆς
323 456 469 563 σοφίας,
506 459 572 557 τῆς
611 456 793 541 συνέσεως
833 454 901 556 τὴν
936 452 1063 561 ἀρχὴν,
1099 452 1166 554 τὴν
1201 457 1267 553 τῆς

65 575 279 683 φρονήσεως
295 579 403 683 ῥίζαν.
432 579 504 684 ἔχει
523 580 557 659 δ’
577 579 640 659 οῦν
654 578 750 678 ὅμως
768 581 808 659 ἐκ
827 574 1100 684 φιλανθρωπάις
1119 575 1161 657 τῦ
1175 581 1266 683 φῶς,

66 701 127 779 καὶ
157 702 555 804 συγκαταβεβλημίνην
581 700 708 806 ὥσπερ
740 700 910 804 ἐπάγεται
936 699 1004 801 τὴν
1030 710 1095 783 τοῦ
1123 704 1267 807 φρονεῖν

66 821 217 923 δύναμιν
234 831 312 910 ταῖς
330 830 379 910 εἰς
396 825 439 906 τὸ
457 822 545 906 εἶναι
561 823 733 930 παρόδοις
750 827 1023 931 συντρίχουσαν
1042 823 1088 904 τά
1103 821 1246 926 γενητά.

33 962 53 1023 ⁵
123 949 346 1048 Σημειωτέον
373 947 411 1031 δὲ
436 947 550 1030 πάλιν
576 951 615 1028 ἐν
641 948 792 1046 τούτοις,
821 948 876 1030 ὅτι
905 948 1016 1051 λόγος
1048 948 1159 1030 οὐδεὶς
1185 948 1265 1026 ε’πι·

66 1068 192 1175 τρέφει
218 1070 369 1175 γενητὸν
392 1069 480 1152 εῖναι
507 1080 598 1153 νοεῖν
625 1070 649 1174 ἢ
677 1072 911 1173 πεποιημένον
935 1069 1106 1176 ὑπάρχειν
1130 1070 1268 1150 οἴεσθαι

66 1189 133 1273 τὸν
149 1193 240 1276 Υίδν
256 1205 321 1277 τοῦ
347 1201 453 1293 θεοῦ,
472 1198 557 1276 ἀλλ’
578 1194 800 1296 ἀνεστηκότα
825 1193 944 1295 πάντη
967 1201 1040 1275 τῶν
1055 1195 1139 1275 καθ’
1159 1194 1298 1294 ἡμᾶς,υ
1339 1214 1437 1273 υοΔ.

66 1318 126 1396 καὶ
149 1317 217 1419 τὴν
236 1325 310 1399 τῶν
327 1318 535 1420 κτισμάτων
557 1321 796 1414 ἀναβαίνοντα
822 1317 949 1425 φάσιν,
970 1316 1089 1421 ἔτερόν
1107 1351 1144 1397 τε
1169 1351 1265 1398 παν-

66 1446 193 1534 τελαῖς,
221 1438 245 1541 ἢ
273 1441 361 1546 ῦπερ
389 1445 481 1523 είσὶν
508 1440 609 1540 αῦτά,
634 1445 693 1521 καὶ
719 1440 817 1523 πολῦ
845 1442 1058 1541 διεστηκότα
1084 1439 1175 1521 κατά
1202 1438 1269 1540 τὴν

15 1594 55 1639 το
69 1567 133 1664 τῆς
159 1565 285 1651 οῦσίας
312 1565 495 1667 ποιότητα,
521 1565 646 1670 ὥσπερ
673 1566 737 1645 οῦν
758 1568 883 1666 ἀμέλει
910 1565 952 1645 τὸ
980 1571 1059 1669 φῶς
1085 1561 1175 1667 πρὸς
1203 1561 1269 1663 τὴν

68 1689 219 1769 σκοτίαν
239 1691 341 1771 ἐστὶν
361 1691 404 1770 οῦ
427 1687 568 1787 τοῦτὸν,
595 1691 680 1769 ἀλλ’
705 1689 773 1790 ἤδη
799 1692 857 1768 καὶ
883 1689 1040 1769 ἐναντίον
1062 1690 1120 1767 καὶ
1145 1690 1267 1788 ἀσυγ·

69 1812 201 1916 κρίτοις
232 1820 310 1899 ταῖς
342 1817 529 1920 διαφοραῖς
559 1818 607 1896 εἷς
639 1810 904 1915 ἀλλοτριότητα
936 1809 1096 1918 φυσικὴν
1122 1808 1270 1916 χωριζό-

67 1966 187 2034 μενον.
236 1934 476 2042 ἀποχρώντως
506 1935 546 2015 δὲ
573 1935 642 2037 ἤδη
672 1932 736 2015 τάν
764 1937 845 2038 περὶ
877 1934 1006 2016 τούτου
1037 1933 1271 2031 διαλαβόντες

69 2055 184 2160 λόγον
223 2061 263 2139 ἐν
295 2066 369 2146 τοῖς
408 2057 746 2171 προεξητασμένοις,
783 2057 830 2137 τά
872 2057 985 2138 λοιπά
1028 2065 1101 2137 τῶν
1139 2059 1271 2168 ἐφεξῆς

17 2207 55 2271 ¹6
67 2180 343 2285 προσθήσομεν.

1281 2318 1303 2384 b

62 2475 220 2553 Ἐτέυετο
262 2478 437 2572 ἀνθρωττοι
481 2482 727 2562 ἀπεσταλμένος
767 2484 856 2574 παρὰ
897 2470 992 2564 Θεοῦ,
1031 2482 1135 2561 ὄνομα
1179 2482 1300 2567 οῦτῲὀ

116 2601 285 2687 Ἰωάννου,
320 2603 415 2674 οὗτος
451 2605 549 2675 ἦλθεν
585 2606 632 2675 εἰς
667 2609 846 2701 μαρτυρίαν
881 2609 934 2676 ἵνα
969 2610 1159 2701 μαρτυρήσῃ
1195 2607 1300 2698 ssepi?

120 2734 178 2795 τοῦ
205 2732 358 2820 φωτός..

128 2920 263 3002 Πολλὰ
289 2922 630 3030 πρυεξηγησάμενος
658 2927 738 3027 περὶ
766 2933 829 3005 τοῦ
858 2930 954 3004 θεοῦ
980 2922 1113 3027 Λόγου,
1140 2925 1199 3003 καὶ
1227 2924 1271 3002 δι’

14 3038 123 3123 οοῶν
148 3039 195 3123 ἀν
222 3047 384 3150 φαίνοιτο
412 3047 504 3127 κατά
534 3049 649 3155 φάσιν
677 3047 848 3152 ὑπάρχων
873 3046 961 3131 Υῖῦς
989 3055 1054 3127 τοῦ
1083 3052 1180 3127 θεοῦ
1212 3049 1272 3126 καὶ

71 3165 219 3271 Πατρός
236 3169 480 3273 ἀκριβέστατα
497 3170 649 3269 διειπῖον,
664 3168 730 3270 τὴν
748 3173 787 3250 ἐκ
805 3178 876 3251 τῶν
895 3169 1128 3275 ἀκροωμένων
1145 3170 1272 3250 πίστιν

69 3296 145 3375 τοῖς
171 3293 362 3396 εῖρημίνοις
392 3294 729 3398 ε’κπραγματεάεται·
766 3291 885 3394 ἐπειδὴ
913 3294 951 3374 δὲ
980 3291 1072 3373 κατά
1101 3292 1144 3375 τῦ
1172 3299 1266 3397 είρη·

70 3415 178 3513 με’νον
195 3416 255 3496 διά
273 3416 461 3502 Μωυσέως
481 3416 550 3500 ῦπῦ
569 3428 633 3500 τοῦ
653 3425 749 3499 θεοῦ
768 3429 789 3466 “
806 3420 892 3499 Ἐπὶ
917 3415 1098 3517 στόματος
1123 3418 1187 3498 δύο
1211 3420 1270 3497 καὶ
1313 3421 1415 3550 ἓξΰξό

69 3548 93 3586 “
110 3545 219 3643 τριῶν
233 3540 423 3645 μαρτύρων
440 3542 664 3643 σταθήσεται
681 3549 754 3623 πᾶν
772 3540 900 3645 ῥῆμα·”
918 3539 1069 3643 συνάγει
1087 3540 1300 3648 φρονίμωςο

18 3685 58 3747 ²5
71 3663 128 3768 ἐφ’
168 3665 281 3773 ἑαυτῷ
315 3663 380 3745 τὸν
416 3666 590 3766 μακάρων
625 3665 843 3766 βαπτιστην,
880 3669 938 3745 καὶ
978 3662 1270 3771 ἀξιολογώτατον

70 3785 183 3871 ὅντως
210 3788 438 3897 συνεισφέρει
466 3787 530 3871 τὸν
551 3787 725 3892 μάρτυρα.
767 3792 808 3869 οῦ
835 3787 909 3892 γάρ
937 3784 1025 3897 ᾤετο
1053 3792 1136 3885 δεῖν,
1154 3792 1184 3866 εῖ
1211 3789 1270 3865 καὶ

71 3911 156 3990 λίαν
172 3909 327 4018 ὑπάρχοι
344 3910 487 4013 σεμνὸς,
505 3911 571 4014 τὴν
590 3910 678 4016 ὑπὲρ
701 3910 810 4011 νόμον
829 3897 1026 4012 ἀπαιτῆσαι
1044 3912 1169 3991 πίστιν
1186 3904 1271 3993 τοῦς

71 4033 339 4140 ἐντευξομένους
365 4042 411 4143 τῇ
442 4039 523 4140 περὶ
553 4044 617 4116 τοῦ
646 4040 814 4140 Σωτῆρος
843 4037 944 4136 ἡμῶν
972 4037 1182 4138 συγγραφῇ,
1211 4033 1269 4110 καῖ

71 4153 171 4267 μόνῳ
198 4161 379 4241 πιστεύειν
400 4161 495 4269 αῦτηῖ
523 4157 569 4240 τά
597 4157 685 4263 ὑπὲρ
713 4167 796 4240 νοῦν
823 4163 882 4239 καὶ
911 4155 1091 4265 φρόνησιν
1117 4154 1269 4261 ε’ξηγου-

111 4390 153 4428 11.
172 4371 338 4464 ἀσυγκρίτοις
350 4371 383 4427 Β.
396 4371 562 4442 ἀσυγκρίταις
574 4371 646 4426 D.E.
658 4371 820 4442 ἀσνγκρίτως
833 4369 885 4424 Ed.
1004 4382 1043 4494 ιγ.
1061 4365 1219 4439 μαρτυρήσει
1233 4366 1270 4421 D.

74 4461 118 4499 20.
137 4442 169 4497 ἀν
180 4445 301 4532 φαινοιτο
315 4443 348 4497 Β.
359 4443 526 4515 ἀναφαίνοιτο
539 4441 590 4497 Ed.
602 4452 605 4460 '
682 4458 725 4513 23.
743 4442 793 4497 ῦπδ
805 4443 851 4496 τοῦ
865 4440 897 4496 Β.
909 4440 978 4511 παρὰ
992 4439 1014 4493 E

72 4537 118 4586 χοι
132 4514 168 4568 D.
181 4514 292 4584 υπάρχει
304 4512 356 4569 Ed.

118 4613 189 4660 vo1..
206 4615 230 4660 1.
660 4613 682 4657 N

1036 4479 1042 4495 .
1128 4451 1171 4508 νγ.
1190 4437 1271 4509 ῦπάρ·
