3038 5018
85 277 263 364 iii.14,15.
302 278 357 344 IN
390 282 424 344 S.
448 282 702 346 JOANNEM.
751 283 843 346 LIB.
868 284 915 346 11.
961 283 1112 347 CARI.
1222 286 1284 346 225

91 525 149 589 Καὶ
187 527 297 612 καθὼς
331 529 474 596 Μωυσῆς
515 534 628 610 ύινωοε
666 531 722 600 τὸν
758 533 835 619 ὄφιν
870 534 905 597 ὲν
940 536 980 622 τῇ
1019 531 1143 619 ὲρύμῳ,
1178 533 1282 594 οὕτως
1300 553 1335 606 14

140 651 314 730 ὑψωθιῖναι
345 649 394 719 δεῖ
425 657 480 723 τὸν
508 653 577 723 υἱὸν
604 661 659 723 τοῦ
688 656 873 746 ἀνθρώπου,
901 657 953 721 ἵνα
985 658 1049 722 πῦι
1077 656 1095 724 ὁ
1124 655 1283 721 πιστεύων
1301 672 1336 730 15

140 772 186 840 εἰς
213 777 311 844 αὐτὸν
339 779 382 854 μῖι
411 780 585 860 ἀπόληται,
612 782 680 846 ἀλλ’
713 783 769 870 ἔχη
796 781 880 870 ςωιῖν
908 778 1051 846 αἰώνιον.

147 973 492 1076 Ἀπολογησάμενος
518 979 729 1080 ἀρκούντως,
748 983 806 1059 καὶ
831 978 896 1078 τὴν
915 980 1030 1057 αἰτίαν
1049 980 1145 1083 αύτῷ
1167 1011 1285 1078 παρα·

56 1099 174 1193 ὃθεῖς,
203 1099 247 1178 δι’
275 1099 320 1198 ἣν
348 1102 412 1178 οὐκ
443 1108 491 1185 είς
524 1103 677 1204 ἅμετρόν
706 1138 741 1183 τι
771 1105 829 1182 καὶ
858 1100 1033 1208 ὑπερφυὲς
1061 1103 1081 1180 ὁ
1109 1106 1171 1199 τῆς
1198 1099 1289 1201 πρὸς

92 1219 202 1302 αύτύν
235 1226 469 1309 διδασκαλίας
500 1226 683 1330 ἀνατρέχει
715 1224 836 1327 λόγος,
869 1226 1072 1321 καταβαίνει
1106 1223 1143 1304 δὲ
1176 1221 1289 1304 πάλιν

92 1347 151 1425 ε’πῖ
182 1344 228 1425 τῦ
262 1346 322 1427 διὰ
349 1351 538 1433 Μωυσέως
565 1357 718 1434 τυπικῶς
745 1351 881 1429 ἄνωθεν
909 1349 1135 1452 γεγενημένα,
1164 1380 1286 1450 χειρα-

92 1469 240 1571 γωγίαις
267 1477 413 1570 μᾶλλον
435 1471 542 1552 αὐτὸν
564 1481 641 1570 ταῖς
670 1472 728 1554 διὰ
756 1473 954 1577 σχημάτων
977 1469 1083 1572 μόλις
1112 1470 1318 1551 δύνασθαιο

93 1592 185 1693 πρὸς
202 1595 398 1695 ε’πίγνωσιν
416 1601 479 1696 τῆς
497 1598 664 1697 ἀληθείας
683 1601 810 1692 ἐλθεῖν,
829 1594 851 1696 ἢ
870 1603 1119 1695 πνευματικαῖς
1137 1597 1285 1697 ἀκριβο-

45 1743 81 1786 ῐο
96 1716 247 1818 λογίαις,
266 1718 553 1824 ἐξεπιστάμενος.
595 1715 657 1799 ίεῖν
681 1720 719 1801 δὲ
747 1720 791 1820 δὴ
819 1721 961 1804 πάντως
989 1717 1097 1799 αύτύν
1120 1714 1295 1826 ῦφωύῆνοί

96 1845 222 1945 φησιν,
248 1845 292 1928 ῦς
320 1847 370 1922 τδν
399 1844 473 1949 ’ίφιν
499 1842 563 1923 τὸν
591 1842 649 1922 διὰ
678 1843 875 1939 Μωυσέως,
900 1842 1183 1946 ἀναγκαιοτάτην
1211 1847 1288 1923 ε’πι·
1338 1934 1344 1952 ἱ

98 1963 232 2047 δεικνύς
264 1969 327 2064 τῆς
364 1967 523 2069 ἱστορίας
556 1967 622 2067 τὴν
653 1966 829 2065 βάσανον,
862 1970 919 2046 καῖ
956 1968 1144 2071 μονονουχὶ
1181 1965 1293 2047 πάλιν

97 2089 206 2167 ἐκεῖνο
245 2088 365 2191 λέγων
404 2090 496 2192 πρὸς
536 2090 601 2171 τὸν
638 2098 785 2170 νοοῦντα
820 2090 929 2191 μηδέν
964 2102 985 2138 “
1003 2093 1192 2192 Ἐρευνοῖτε
1228 2090 1292 2174 τὰς
1337 2109 1409 2157 Infra

98 2222 120 2259 “
138 2210 293 2323 γραφὰς,
314 2211 368 2293 ύτι
387 2213 493 2292 αύταί
509 2221 601 2294 εἰσιν
617 2219 653 2294 αῖ
671 2224 915 2317 μαρτυροῦσαι
934 2217 1015 2317 περὶ
1037 2216 1153 2314 ἐμοῦ.”
1192 2213 1292 2320 ὄφεις
1336 2190 1360 2223 v.
1375 2187 1414 2238 ³9·

45 2357 81 2419 ι5
98 2335 162 2429 μὲν
185 2335 258 2438 γὰρ
281 2342 355 2419 τοῖς
379 2336 422 2440 ἐξ
441 2336 593 2438 Ἰσραὴλ
619 2337 803 2437 ἐπεπήδων
826 2337 917 2417 κατὰ
942 2338 1008 2438 τὴν
1030 2339 1174 2440 ἔρημον,
1197 2342 1229 2416 οῖ
1255 2334 1292 2416 δέ

97 2459 291 2564 ἀσταχύων
308 2462 498 2543 πίπτοντες
526 2462 634 2560 δίκην,
654 2466 711 2541 καῖ
737 2461 826 2563 πρὸς
852 2460 914 2540 τὸν
932 2463 1113 2562 ἀδοκήτως
1140 2461 1290 2561 ἐπισκή-

96 2586 223 2687 φαντα
247 2585 406 2664 κίνδυνον
425 2585 468 2663 ού
494 2586 643 2687 μετρίως
669 2585 930 2690 ἀσχάλλοντες,
950 2585 1179 2688 οίκτροτάτας
1202 2590 1328 2691 ἀφι·ι1

99 2704 193 2789 έντες
221 2704 343 2811 φωνάς
368 2705 434 2807 τὴν
453 2707 589 2788 ἄνωθεν
607 2711 664 2789 καὶ
689 2708 789 2811 παρὰ
808 2715 904 2788 Θεοῦ
927 2710 1109 2811 σωτηρίαν
1127 2707 1290 2791 ἐκάλουν.

99 2830 177 2910 ὁδί
195 2833 335 2935 ἐπείπερ
359 2833 404 2936 ἧν
422 2833 557 2936 ἀγαθός
582 2869 620 2914 τε
647 2838 704 2914 καὶ
731 2835 1003 2939 φιλοικτίρμων,
1023 2838 1070 2919 ὡς
1088 2834 1191 2932 Θεὸς,
1210 2833 1296 2940 ὅφιν
1340 2847 1420 2976 {¹:¹¹}

1375 2714 1388 2740 l

45 2986 87 3029 το
100 2955 219 3041 αὐτοῖς
242 2960 448 3057 ἀναστῆσαι
473 2967 635 3064 χαλκοῦν
658 2960 790 3038 κελεύει
809 2959 985 3037 Μωυσέα·
1020 2961 1079 3037 καῖ
1105 2956 1148 3058 δὴ
1174 2962 1231 3037 καὶ
1258 2961 1296 3038 ἐν

99 3080 196 3188 αὐτῷ
218 3090 443 3184 προμελετᾶν
462 3082 640 3163 ἐπιτάττει
663 3083 730 3182 τὴν
752 3080 810 3161 διὰ
835 3083 991 3165 πίστεως
1016 3081 1211 3182 σωτηρίαν.
1252 3080 1296 3180 ἧν

98 3203 172 3306 γὰρ
198 3213 249 3312 τῷ
277 3209 439 3312 δηχθέντι
467 3205 521 3293 τῦ,
538 3206 738 3310 φάρμακον,
765 3205 807 3285 τὸ
832 3213 880 3288 είς
904 3204 1103 3310 πρόσωπον
1126 3208 1210 3284 ἰδεῖν
1233 3213 1296 3285 τοῦ

100 3328 269 3427 κειμένου,
299 3333 355 3410 καὶ
388 3329 453 3430 τὴν
480 3332 537 3410 ἐπὶ
571 3338 645 3414 τοῖς
673 3330 839 3433 ἐσχάτοις
871 3327 1093 3430 ἀπαλλαγὴν
1122 3329 1143 3428 ἡ
1174 3330 1297 3413 πίστις

100 3451 193 3550 μετὰ
212 3456 276 3551 τῆς
300 3453 380 3538 θέας
405 3462 479 3538 τοῖς
504 3455 639 3555 ὁρῶσιν
657 3453 956 3553 ἐπραγματεύετο.
996 3452 1042 3532 τὰ
1068 3453 1134 3552 μὲν
1153 3454 1216 3532 ούν
1234 3458 1298 3555 τῆς

48 3593 88 3654 25
101 3576 262 3677 ἱστορίας
286 3579 324 3655 έν
344 3577 491 3661 τούτοις·
531 3578 618 3658 ύλον
637 3576 674 3656 δὲ
700 3575 823 3672 πάλιν,
842 3579 889 3659 ὡς
914 3580 952 3655 ε’ν
975 3577 1075 3684 τύπῳ
1098 3583 1150 3684 τῷ
1174 3574 1328 3681 πράγ-ε

100 3734 196 3798 ματι,
215 3698 257 3780 τῦ
286 3705 348 3799 τῆς
374 3700 676 3805 ε’νανθρωπήσεως
704 3700 928 3806 καταγράφει
956 3699 1166 3803 μυστήριον.
1216 3701 1299 3806 ὄφις

100 3822 167 3920 μέν
185 3823 259 3924 γάρ
283 3821 348 3922 τὴν
370 3823 502 3928 πικρὰν
526 3828 583 3903 καὶ
609 3823 905 3926 ἀνθρωποκτόνον
924 3825 1100 3925 ἁμαρτίαν
1117 3825 1297 3923 σημαίνει,

99 3945 124 4047 ἢ
154 3950 213 4027 καὶ
242 3946 392 4047 σύμπαν
419 3947 461 4027 τὸ
494 3950 550 4028 ἐπὶ
579 3952 643 4047 τῆς
672 3952 740 4050 γῆς
767 3946 1009 4042 κατεβόσκετο
1038 3948 1150 4048 γένος,
1177 3958 1296 4026 πολυ-

137 4184 165 4240 6.
183 4183 392 4309 δὶαννυιυὲιυπ]
405 4202 437 4238 ex
452 4183 485 4237 B.
580 4184 607 4238 8.
625 4185 702 4238 αὐτὸν
713 4186 816 4251 μᾶλλον
826 4183 933 4236 inverso
945 4181 1037 4235 ordine
1053 4181 1084 4235 Β.
1184 4197 1225 4235 ιο.
1244 4181 1299 4236 ἐπι-

101 4257 229 4325 στάμενος
242 4254 275 4307 Β.
334 4255 410 4309 tatim
423 4256 477 4309 δεῖν
490 4254 523 4308 Β.
535 4254 574 4308 δεῖ
587 4254 637 4308 Ed.
685 4255 762 4307 ούτδν
776 4253 808 4307 Β.
822 4253 913 4306 εἀυτύν
926 4251 977 4306 Ed.
1124 4268 1166 4306 20.
1186 4251 1298 4324 Μωσέα]

585 4340 611 4365 τε

101 4373 173 4445 οἶμαι
187 4376 387 4446 Μωσεῖῦπις.
478 4393 520 4429 21.
539 4339 720 4436 ε’πίστῖῖῖῖιιΒ.
805 4390 846 4443 23.
866 4375 912 4442 τὴν
924 4373 957 4426 Β.
971 4377 1021 4426 τῶν
1034 4371 1085 4425 Ed.
1133 4370 1298 4443 ἀπαλλαγὴν]

105 4453 135 4509 -Ι-
147 4447 269 4501 κινδύνων
281 4446 332 4501 Ed.
345 4447 430 4500 invito
444 4446 476 4500 Β.
490 4446 609 4499 κινδύνων
621 4446 700 4500 habet
714 4445 814 4511 1).,ειεύ
828 4445 859 4498 ού
870 4445 921 4516 γρ’.
934 4446 964 4498 τῦ
976 4442 1096 4497 κινδύνων
1106 4443 1134 4511 (i.
1143 4461 1166 4496 e.
1180 4442 1237 4497 dele
1249 4465 1301 4499 κιν·

101 4516 196 4584 δύνων)
210 4518 237 4571 D
249 4535 305 4587 mg.
413 4517 456 4570 28.
476 4519 707 4580 κατοβοσκεισαιτο
720 4517 780 4583 (sic)
796 4516 829 4569 B.

147 4617 218 4664 τοι..
235 4620 259 4664 1.
683 4619 702 4660 ο
717 4623 741 4681 g
