3038 5018
228 282 293 348 332
533 284 572 349 B.
596 285 803 350 CYRILLI
834 282 1125 350 ALEXANDR.
1330 302 1361 343 v.
1376 297 1428 346 αα.

285 449 337 527 Τί
361 446 405 548 δή
434 449 496 528 οὖν
524 450 594 551 ἄρα
624 448 714 553 πρὸς
743 449 849 529 τοῦτό
881 455 1023 555 φαμεν;
1066 451 1086 526 ὁ
1116 445 1181 545 μέν
1209 442 1319 547 λόγος
1347 443 1431 542 ἡμῖν

231 573 251 650 ὁ
278 573 565 675 προτεταγμένος
592 575 656 653 οὐκ
683 572 870 678 ἀκόμψως,
893 576 941 656 ὡς
970 569 1078 670 οἶμαι,
1104 571 1314 674 διήρτισται,
1336 574 1428 646 θεω·

229 696 310 797 ρίαν
349 695 528 802 εἰσφέρων
565 696 631 797 τὴν
667 702 718 802 τῷ
761 699 871 804 καιρῷ
911 697 1075 797 μάλιστα
1116 694 1328 798 πρέπουσαν
1366 695 1432 789 τῆς

229 816 532 921 ένανθρωπήσεως
571 820 721 920 δηλαδὴ,
760 824 818 900 καί
858 821 1040 926 οἰκονομίᾳ
1081 825 1125 924 τῇ
1166 817 1256 918 μετὰ
1295 811 1432 918 σαρκός

230 940 512 1043 άρμοδιωτάτην,
544 943 601 1023 ὅτε
639 948 768 1028 δοῦλος
798 941 1049 1047 ἐχρημάτισεν,
1083 943 1142 1022 ὅτε
1179 941 1466 1021 τεταπείνωκεν5

231 1062 367 1161 ἑαυτὸν,
405 1065 444 1144 ἐν
480 1067 676 1167 ὁμοιώματι
711 1073 763 1173 τῷ
799 1065 955 1174 ἡμετέρῳ
992 1064 1192 1168 γενόμενος·
1239 1061 1359 1161 ἐπειδὴ
1396 1059 1442 1140 δέ

64 1207 129 1263 225
139 1206 179 1263 A.
201 1220 292 1267 ασοι
328 1190 425 1267 δοκεῖ
458 1196 531 1269 τῶν
561 1190 628 1290 μέν
659 1191 921 1292 ἁπλουστέρων
953 1187 1310 1291 κατασοβαρεύεσθαι
1341 1190 1430 1286 δογ·

231 1309 366 1409 μάτων,
385 1312 659 1416 περιεργοτέραν
678 1312 716 1393 δέ
734 1322 880 1412 μᾶλλον
897 1320 1080 1395 ποιεῖσθαι
1098 1311 1163 1412 τὴν
1182 1311 1344 1414 ζήτησιν,
1367 1306 1434 1409 άγε

232 1433 276 1532 δή
294 1432 407 1515 πάλιν
425 1445 498 1520 τοῖς
517 1445 598 1521 σοῖς
615 1438 780 1522 ἐναντίως
803 1436 914 1522 ἰόντες
936 1435 1188 1539 προβλήμασι,
1206 1441 1351 1536 πρῶτον
1368 1430 1435 1528 μέν

232 1560 341 1639 ε’κεῖνο
369 1560 533 1662 λέγωμεν
560 1563 657 1666 Οὐχὶ
683 1558 838 1660 πάντως,
867 1559 946 1642 οὐδὲ
974 1560 1185 1664 ἀναγκαίως,
1214 1555 1243 1637 αἰ
1271 1556 1385 1654 οὗτος,
1413 1556 1491 1634 όιο

232 1682 357 1762 δοῦναί
371 1717 405 1763 τι
425 1684 628 1787 λεγόμενος,
646 1687 693 1771 ὡς
712 1687 775 1765 οιίκ
800 1684 918 1791 ἔχοντι
945 1691 996 1793 τῷ
1020 1683 1198 1791 δεχομένῳ
1222 1680 1433 1786 προσνέμει,

232 1807 318 1886 ἀλλ’
348 1807 427 1887 οὐδέ
457 1810 584 1905 μείων
611 1811 664 1887 άεί
697 1817 761 1888 τοῦ
795 1808 1045 1909 λαμβάνοντος
1077 1810 1097 1887 ὁ
1130 1806 1256 1891 διδούς.
1296 1808 1371 1885 ἐπεὶ
1399 1805 1440 1884 τί

232 1929 405 2029 ποιήσεις,
416 1929 503 2010 ὅταν
517 1931 593 2038 ἰδης
613 1934 651 2011 ε’ν
669 1933 844 2032 πνεύματι
863 1930 927 2013 τίιν
945 1930 1040 2035 ἱερὸν
1059 1930 1211 2034 λέγοντα
1228 1927 1436 2036 ψαλμκρδόν

178 2132 184 2146 ,
233 2063 256 2103 “
269 2052 364 2132 Δότε
391 2053 503 2163 δόξαν
529 2062 581 2162 τῷ
608 2057 742 2165 θεῷ;”
771 2056 880 2165 δόξης
907 2052 978 2160 αἰρα
1006 2053 1223 2136 καθεστάναι
1249 2050 1437 2134 τὸνθεόν

199 2179 352 2259 οέπιδειί
379 2179 654 2281 λογιούμεθαή
683 2185 742 2261 καί
770 2179 907 2283 μείζους
933 2188 998 2260 τοῦ
1025 2178 1216 2262 κτίσαντος
1243 2177 1301 2257 διὰ
1327 2184 1436 2258 τοῦτο
1453 2208 1491 2269 15

231 2301 376 2387 πάντως
407 2303 516 2402 ἡμεῖς,
549 2309 583 2384 οἰ
615 2303 749 2404 ταύτην
782 2307 878 2411 αὐτῷ
908 2302 1110 2407 προσάγειν
1139 2300 1431 2400 ἐπιταττόμενοι,

231 2427 317 2505 ἀλλ’
351 2426 427 2505 οὐδ’
461 2423 506 2507 ἂν
537 2425 645 2512 αὐτὸς
678 2425 939 2533 οἰποτολμήσης
971 2433 1092 2523 εἰπεῖν,
1120 2427 1141 2506 ὁ
1171 2421 1236 2505 τὸν
1266 2426 1325 2505 ἐπὶ
1356 2431 1437 2510 ταῖς

232 2551 452 2654 δυσφημίαις
476 2549 583 2631 ὄκνον
606 2553 647 2631 οὐ
672 2549 963 2655 παραιτούμενος·
994 2555 1131 2653 πλῆρες
1159 2547 1231 2652 γὰρ
1258 2548 1367 2656 δόξης
1392 2548 1438 2630 τίι

232 2677 337 2770 θεῖον,
361 2670 428 2752 κοίν
454 2672 504 2774 μή
533 2675 678 2780 δέχηται
705 2677 789 2778 παρ’
810 2675 922 2774 ἡμῶν·
961 2673 981 2755 ἰι
1009 2672 1046 2754 δέ
1074 2673 1213 2754 οἴκοθεν
1235 2672 1306 2778 ε”χει
1333 2683 1436 2772 λαμ·

232 2793 357 2890 βάνων
385 2797 423 2875 ἐν
452 2796 552 2906 τάξει
583 2803 698 2898 τιμής,
725 2800 789 2879 οὐκ
822 2797 868 2878 οἰν
896 2797 1057 2878 ἐλάττων
1087 2794 1203 2877 νοοίτό
1235 2830 1333 2893 ποτε,
1364 2802 1440 2877 τῶν
1453 2829 1495 2870 20

234 2919 336 3022 οἰπερ
361 2922 457 3029 αὐτῷ
481 2922 549 3022 τὴν
567 2921 679 3027 δόξαν
696 2926 744 3008 ὡς
770 2928 886 3025 δῶρον
906 2918 1174 3026 προσάγουσιν.
1213 2920 1293 3001 ἔστι
1317 2919 1440 3001 τοίνυν

233 3042 413 3128 πολλάκις
432 3048 520 3149 ὁρᾶν
536 3046 601 3126 τὸν
620 3045 796 3152 εἰληφότα
814 3081 848 3126 τι
866 3055 931 3126 τοῦ
949 3045 1143 3129 δεδωκότος
1166 3045 1229 3125 οὐκ
1253 3044 1437 3150 αἰσχίονα,

205 3168 294 3246 οκαί
312 3169 355 3247 οὐ
373 3166 432 3248 διὰ
450 3179 556 3250 τοῦτο
573 3171 914 3277 μεγαλοφυείττερος
933 3171 953 3248 ὁ
974 3166 1105 3271 Πατήρ
1122 3177 1186 3248 τοῦ
1206 3170 1294 3249 ἰδίου
1311 3166 1440 3270 γεννή·

234 3323 358 3389 ματος,
377 3293 451 3371 ε’πεὶ
471 3296 591 3373 πῖισαι
610 3293 707 3400 αὐτῷ
725 3287 850 3374 δέδωκε
868 3290 921 3384 τίμ
941 3294 1055 3401 κρίσιν.

293 3411 384 3493 Εἰτα
408 3414 498 3516 πρὸς
524 3417 639 3523 τούτῳ
665 3424 803 3496 κακεῖνο
827 3415 1096 3519 περισκεπτέον·
1127 3412 1170 3493 τὸ
1199 3413 1337 3519 κρίνειν,
1357 3413 1439 3513 ήτοι
1454 3451 1496 3512 ²5

236 3536 397 3641 δικάζειν,
416 3539 585 3642 ἐνέργειαι
611 3539 757 3639 μᾶλλόν
774 3547 845 3621 εἰσι
872 3542 930 3619 καί
955 3538 1152 3641 πράγματα
1177 3545 1250 3618 τῶν
1267 3541 1349 3642 περὶ
1372 3537 1440 3624 τοίς

237 3663 363 3746 οὐσίας
383 3662 590 3763 νοουμένων,
609 3661 632 3763 ἢ
655 3662 741 3743 αὐτὸ
769 3665 845 3744 κατ’
865 3663 1037 3763 ἀλήθειαν
1056 3662 1186 3742 οὐσίαι·
1226 3664 1441 3765 ε’νεργοῦμεν

237 3788 310 3891 γάρ
333 3823 367 3867 τι
394 3785 603 3889 δικάζοντες,
623 3785 823 3891 ἰδιαζόντως
842 3786 1063 3891 ὑπάρχοντες
1081 3784 1169 3887 ὅπερ
1187 3787 1308 3884 ἐσμέν.
1350 3790 1380 3866 εἰ
1401 3786 1440 3867 δέ

237 3911 279 3990 τὸ
312 3911 452 4014 κρίνειν,
482 3909 560 4010 ήτοι
593 3910 754 4015 δικάζειν,
784 3911 909 3995 οὐσίας
940 3909 1027 3990 εἰναι
1060 3909 1235 4009 δώσομεν,
1262 3917 1340 3995 πῶς
1373 3910 1441 3991 οὐκ

276 4111 300 4149 2.
320 4098 353 4152 ὧς
366 4113 420 4150 om.
435 4095 467 4149 B.
576 4096 601 4149 6.
621 4097 676 4150 ι’πεὶ
691 4095 724 4149 Β.
838 4115 863 4167 9.
882 4096 1000 4151 ε’ναντίως
1012 4094 1083 4152 ὄντες
1098 4094 1132 4149 D.
1147 4095 1268 4150 ε’ναντίοις
1280 4095 1360 4151 ἰόντες
1372 4112 1440 4149 con·

235 4165 298 4237 jecit
313 4167 407 4236 Dmg.
461 4167 509 4233 μὲν
520 4176 689 4248 assumptum
702 4184 735 4221 ex
749 4166 780 4219 B.
843 4238 848 4248 Ι
942 4184 982 4235 14.
1002 4170 1265 4239 nfiassumptumex
1280 4165 1440 4220 B.D.Catt.

242 4248 283 4302 15.
302 4235 389 4303 ε’πιδιή
402 4254 425 4289 a.
437 4235 476 4290 ἐπ’
491 4237 573 4305 ε’νδείρ
587 4237 648 4304 (810)
662 4235 744 4290 Cord.
783 4237 878 4291 Statlm
891 4237 1045 4292 καθεστάναι
1057 4248 1158 4306 transp.
1172 4254 1194 4290 a.
1313 4248 1354 4305 ¹7·
1372 4235 1440 4290 ἀπο·

238 4304 370 4372 τολμήσῃς
383 4323 406 4359 a.
423 4305 608 4374 ἀποτολμήσιις
622 4306 654 4359 Β.
667 4305 859 4375 ιίποτολμήσεις
872 4307 924 4361 Ed.
937 4308 1020 4364 οὐδεὶς
1032 4309 1063 4363 δν
1074 4310 1150 4361 τοῦτο
1162 4304 1341 4375 ιίποτολμήσει
1354 4304 1438 4361 Cord.

241 4393 282 4446 19.
301 4374 404 4443 δέξηται
418 4374 488 4429 Catt.
537 4374 606 4446 δδί]
624 4382 652 4440 -Ι-
667 4399 706 4434 τις
719 4376 800 4431 Cord.
849 4379 916 4447 έχων
930 4377 961 4431 Β.
1070 4395 1111 4433 22.
1129 4379 1257 4433 πολλάκις
1268 4387 1441 4447 assumptum

238 4463 271 4535 οξ
285 4444 385 4569 §.Diffi
456 4445 497 4499 26.
517 4449 673 4518 πράγματῶν
687 4447 719 4502 Β.
818 4461 861 4518 27.
878 4448 952 4502 αὐτοὶ
966 4447 1048 4502 Cord.
1151 4465 1194 4519 29.
1214 4447 1304 4504 οὐσίας
1317 4447 1351 4502 Β.
1365 4447 1440 4504 catt.

237 4535 331 4570 ουσιαν
387 4553 394 4568 .
