3038 5018
92 294 147 360 vii.
161 318 213 384 30.
294 301 351 365 IN
382 301 415 365 S.
439 302 694 367 JOANNEM.
740 301 837 365 LIB.
854 300 896 364 V.
942 299 1096 363 CARI.
1229 297 1289 360 671

92 464 241 607 σφόδρα
260 467 386 572 ῥᾳδίαν
404 467 563 547 ἐλεῖν
515 503 566 576 τερ
588 501 630 568 γε
650 466 745 551 ὅλως
763 472 912 572 συνετῷ,
931 472 988 544 καὶ
1010 501 1056 544 τα
1041 459 1387 576 αἰσθητήριαἩ
1338 461 1377 511 ct.
1391 459 1461 511 nob.

91 591 157 685 τῆς
175 589 372 675 διανοίας
348 626 465 696 εχοντι
483 591 763 694 γεγυμνασμένα
781 590 873 692 πρὸς
896 587 1074 693 διάκρισιν
1094 591 1232 690 ἀγαθοῦ
1255 615 1324 664 τεο

92 715 151 790 καὶ
181 722 301 793 κακοῦ.
357 717 396 794 τί
421 714 465 816 δὴ
498 717 560 795 οὖν
588 715 658 819 ἀρα
687 715 826 795 κάκεῖνό
857 717 969 812 ἐστιν,
997 716 1079 817 περὶ
1107 712 1148 791 οὗ
1177 709 1221 809 δὴ
1248 706 1295 788 τά

91 833 239 916 τοιαῦτιί
257 843 395 944 φαμεν;
419 838 537 942 γόμον
556 838 746 920 ἐπετέλουν
764 845 797 918 οἱ
818 837 1019 919 Καναναῖοί
1033 869 1119 916 ποτε
1138 831 1204 933 τὴν
1221 838 1295 912 τῶν
1319 898 1324 906 .

60 959 273 1048 εἸουδαίων
291 964 433 1064 γείτονα
452 973 729 1068 προσοικοῦντες
747 962 881 1068 χώραν·
913 960 1096 1042 Γαλιλαία
1113 958 1151 1038 δέ
1174 955 1231 1058 ἦν·
1262 961 1294 1035 οἱ

92 1085 123 1163 τ’
144 1088 201 1165 ἐπὶ
218 1088 438 1167 πανδαισίαν
454 1088 679 1168 συνεκάλουν
697 1085 762 1166 τὸν
781 1086 917 1190 Κύριον
934 1082 1009 1184 ἅμα
1032 1089 1078 1190 τῇ
1102 1084 1210 1185 μητρὶ
1237 1084 1295 1160 καὶ

92 1215 167 1292 τοῖς
194 1210 307 1311 ἁγίοις
331 1217 516 1313 μαθηταῖς,
536 1215 595 1293 καὶ
619 1209 807 1316 πρόφασις
832 1211 951 1295 αὐτοῖς
976 1213 1040 1309 τῆς
1064 1205 1295 1309 πανηγύρεως

93 1327 139 1431 ἦν
156 1331 178 1432 ἡ
197 1331 373 1435 γαμήλιος
392 1335 484 1435 εὐνή·
514 1339 562 1420 ὡς
581 1335 618 1415 δέ
637 1335 808 1433 ὃμόσιτος
825 1341 899 1418 τοῖς
920 1339 968 1418 είς
986 1341 1092 1414 τοῦτο
1110 1343 1291 1434 σννειλεγ·

92 1454 211 1553 μένοις
236 1459 257 1537 ὁ
282 1458 415 1561 Κύριος
439 1464 559 1561 παρῆν
580 1458 794 1562 εύλογήσων
817 1457 859 1539 δν
882 1458 1134 1558 νενομοθέτηκε
1158 1454 1292 1558 γάμον,

45 1615 79 1656 ιο
93 1576 187 1664 οἶνος
205 1578 369 1663 ἐπέλειπε
387 1581 470 1668 τούς
488 1584 736 1683 ἐστιωμένονς·
767 1583 819 1663 ἐτι
837 1581 875 1663 δέ
893 1586 941 1667 ὡς
960 1587 1036 1662 νίοῦ
1055 1579 1291 1687 κατεξονσιά·
1307 1609 1325 1649 a
1343 1594 1464 1652 458A.

93 1701 206 1805 ζουσα
243 1705 302 1784 διὰ
338 1705 405 1807 τὴν
436 1706 583 1808 πολλὴν
616 1709 710 1810 ἀγαν
745 1705 931 1809 ὑποταγὴν
961 1714 1026 1786 τοῦ
1064 1708 1232 1809 Σωτῆρας
1270 1705 1292 1804 ἡ

92 1825 233 1973 μήτηρ,
250 1831 339 1929 ὁμοῦ
367 1866 404 1911 τε
433 1835 491 1911 καὶ
517 1866 582 1911 τον
609 1834 647 1911 ἐν
675 1830 821 1929 δυνάμει
850 1836 1040 1934 θεοπρεπεῖ
1064 1826 1123 1909 διὰ
1150 1832 1294 1928 πολλῆς

93 1951 233 2051 ἤδη
189 1987 254 2051 της
280 1956 403 2058 πείρας
431 1960 601 2108 μαθοῦσα
620 1965 641 2002 “
656 1952 833 2035 Οἷνον’
794 1990 859 2034 ουκ
884 1954 1027 2059 ἐχουσι,’
1029 1953 1185 2058 ’φησίν
1217 1951 1293 2058 ᾔδει
1338 1981 1422 2096 {upra

92 2074 165 2222 γὰρ
190 2078 413 2184 ἐξανύσαντο
437 2080 495 2158 καὶ
501 2077 623 2228 μάλα
647 2077 830 2185 ῥᾳδίως,”
811 2113 898 2182 οπερ
923 2075 1049 2182 ἀπῄτει
1072 2082 1145 2156 τῶν
1167 2110 1288 2180 πραγ·
1339 2061 1402 2110 ἰ”ὄ

45 2214 80 2279 ¹5
93 2198 258 2302 μα’τωνη
246 2200 406 2308 φύσις.
445 2200 538 2305 πρὸς
554 2201 667 2303 αὐτὴν
685 2202 757 2283 δέ
742 2237 762 2282 ο
784 2204 917 2307 Κύριος
938 2212 960 2250 “
975 2201 1060 2282 Τί’
1041 2235 1118 2301 εμοι
1136 2204 1195 2280 καὶ
1212 2235 1290 2297 σοι,
1339 2225 1378 2275 lb.
1393 2243 1417 2288 4.

94 2333 116 2373 “
134 2324 261 2425 γύναι;
292 2328 391 2407 οὕτω
415 2328 489 2428 ἥκει
515 2328 538 2427 ἡ
564 2325 639 2430 ὥρα
664 2326 763 2426 μον.”
804 2328 823 2407 ὁ
847 2326 913 2427 μέν
932 2327 994 2407 οὖν
1014 2321 1185 2432 φιλόθεος
1211 2332 1293 2410 νοῦς

95 2451 154 2527 καὶ
171 2455 245 2529 τῶν
262 2449 474 2532 ἀλλοκότων
492 2450 774 2554 ἀπηλλαγμένος
791 2449 993 2554 δογμάτων,
1010 2452 1231 2550 Ἑλληνικῆς
1255 2482 1293 2529 τε

96 2574 144 2655 ὡς
172 2574 391 2679 ποῤῥωτάτω
419 2577 692 2677 δεισιδαιμονίας
720 2575 928 2683 ἀναφυγὼν,
955 2573 998 2656 τὸ
1028 2576 1210 2678 εἰρημένον
1238 2576 1327 2657 εύ-Ι)

95 2703 217 2789 σεβῶς
244 2697 431 2804 ἐκδέξεται.
470 2701 568 2779 οὔπω
595 2699 668 2803 γὰρ
695 2699 780 2799 ἥκει,
799 2699 965 2805 φησὶν,ὁ
992 2700 1055 2798 τῆς
1083 2698 1295 2806 ἀναδείξεως

45 2856 83 2898 το
95 2853 165 2918 μον
193 2818 324 2923 καιρός,
352 2826 417 2920 τῆς
444 2820 503 2901 διά
530 2826 689 2923 σημείων
716 2821 867 2924 δηλαδή.
907 2820 1001 2908 Θεὸς
1027 2819 1100 2924 γάρ
1128 2820 1179 2901 ὧν
1204 2820 1295 2902 κατά

96 2942 220 3046 φύσιν,
241 2943 305 3024 τὸν
323 2944 465 3055 ἑκάστῳ
484 2945 671 3049 πράγματι
688 2947 871 3051 πρέποντα
889 2945 1020 3053 χρόνον
1039 2948 1101 3025 οὐκ
1118 2944 1291 3048 ἠγνόησε,

95 3067 230 3164 πόθεν;
261 3070 282 3147 ὁ
307 3065 344 3148 δέ
369 3071 407 3148 ἐκ
431 3074 576 3170 πολλῆς
597 3071 693 3171 ἀγαν
711 3074 774 3170 τῆς
792 3072 989 3154 ἀσυνεσίας
1006 3068 1226 3172 περιτρέπων
1245 3077 1295 3154 εἰς

95 3193 205 3271 ἐκεῖνο
222 3196 279 3271 καὶ
297 3200 416 3273 τοῦτο·
448 3199 663 3295 ἱππηλατῶν
680 3195 753 3296 γάρ
769 3229 847 3280 πως
871 3197 950 3274 ἐστὶ
975 3201 1049 3277 τοῖς
1073 3200 1227 3280 πολλοῖς
1251 3192 1293 3275 τὸ

95 3316 218 3396 κακόν·
262 3321 320 3397 καὶ
354 3324 432 3402 ταῖς
468 3326 542 3398 τῶν
579 3323 682 3421 ὡρῶν
714 3319 911 3421 ἐνεργείαις,
942 3315 1066 3421 ὥσπερ
1104 3319 1166 3399 οὖν
1202 3352 1294 3404 τινες

45 3460 82 3522 ²5
97 3441 286 3545 ληροῦντές
305 3450 433 3549 φασιν,
447 3446 658 3523 ὑποκεῖσθαι
677 3445 735 3522 καὶ
755 3442 863 3523 αὐτὸν
877 3442 1028 3541 οἰόμεναι
1043 3441 1107 3523 τὸν
1118 3441 1293 3546 Χριστὸν,

96 3566 245 3647 αὐτόθεν
263 3567 347 3666 ἡμῖν
369 3566 568 3666 ἀνοητεύων
591 3567 785 3664 ἁλώσεται,
804 3569 863 3646 καὶ
888 3564 931 3647 δι’
951 3563 1002 3646 ὧν
1020 3569 1323 3670 ἐπαγωνιεΐσθαια
1433 3670 1442 3687 .

95 3697 169 3774 τοῖς
204 3691 330 3771 ἐαυτοῦ
366 3688 615 3793 προσεδόκησε
652 3690 785 3793 λόγοις,
819 3690 877 3770 διά
912 3690 1049 3771 τούτων
1081 3692 1198 3771 αὐτῶν
1230 3694 1295 3790 τῆς

95 3814 246 3913 ἐνούσης
270 3824 344 3899 τοῖς
370 3813 551 3916 δόγμασιν
570 3816 719 3899 ἀτοπίας
744 3814 1027 3917 καταγνώσεται.
1067 3820 1097 3893 εί
1122 3810 1193 3916 γὰρ
1217 3822 1294 3898 ταῖς

95 3943 168 4016 τῶν
195 3941 298 4038 ὡρῶν
325 3939 513 4040 ἐνεργείαις
541 3941 750 4019 ὑποκεῖσθαι
778 3939 942 4038 δώσομεν
969 3944 1043 4018 τῶν
1070 3936 1295 4041 πραγμάτων

45 4089 83 4148 30
96 4059 160 4160 τὴν
193 4062 317 4168 φύσιν,
350 4060 408 4142 διά
443 4095 482 4141 τε
520 4072 625 4143 τοῦτο
664 4063 775 4170 φάναι
812 4059 876 4142 τὸν
904 4060 1069 4164 Χριστόν
1101 4060 1193 4166 πρὸς
1224 4060 1293 4162 τὴν

132 4239 158 4312 9.
176 4219 272 4293 παρῆν]
286 4219 473 4293 ἤνπορηνρτο
486 4221 605 4277 ωοταΒ.
656 4220 752 4276 Statim
766 4223 781 4276 ὁ
794 4220 856 4277 αδδ.
872 4220 961 4277 Holst.
975 4220 1027 4277 Ed.
1124 4238 1200 4289 ιι.η
1184 4244 1295 4309 ημητηρ

98 4292 157 4348 Β.’
145 4298 216 4362 ημῶν
230 4292 277 4346 Ht.
291 4292 343 4348 Ed.
479 4310 521 4349 12.
539 4293 631 4348 τδνΒ.
643 4293 689 4362 τὴν
703 4293 752 4348 Ht.
765 4291 817 4347 Ed.
930 4309 985 4403 13.
1004 4290 1296 4364 ἧδειγδρέξωύσοηα

98 4414 199 4470 correxi
248 4422 273 4467 st
287 4414 325 4467 M
366 4413 705 4486 αεῖδςιγδρέξονοίσοντα
717 4413 790 4468 Aub.
864 4414 907 4470 18.
922 4413 1112 4511 ἀποφνγδνΒ.
1186 4429 1229 4468 20.
1246 4435 1297 4482 μου

98 4488 198 4554 adpo
184 4508 199 4539 v
237 4484 305 4552 ,ἐρα
306 4488 321 4538 ὓ
364 4483 450 4539 t..Ed
548 4501 591 4542 αι
609 4482 873 4557 ουκδνηγνόηοενα.
972 4487 1296 4558 3αφιίνιιιιαςαιαρςαω

98 4575 130 4611 ex
144 4555 213 4610 Β.
191 4557 270 4609 ‘mciv
284 4554 333 4610 Ht.
369 4555 504 4610 Neutrum
516 4555 597 4611 habet
609 4555 661 4610 Ed.
