3038 5018
684 1139 924 1215 ΚΕΦΑΛΗ
966 1143 1011 1214 Α.

242 1411 313 1479 Ὀτι
335 1414 370 1477 ού
392 1416 467 1477 κατὰ
485 1414 619 1496 μετοχὴν
641 1415 707 1478 οῦδὲ
731 1416 770 1482 ὡς
792 1413 919 1479 ἐπακτὸν
940 1416 974 1477 ἐν
996 1414 1035 1498 τῷ
1056 1413 1117 1498 Τὶᾥ
1140 1411 1175 1474 τῦ
1192 1409 1302 1492 Ἀγιον
1323 1410 1453 1492 Πνεῦμά

381 1545 476 1620 ἐστιν,
499 1542 568 1606 ἀλλ’
592 1544 740 1610 οῦσιωδῦς
764 1545 811 1607 καί
833 1546 906 1607 κατὰ
927 1544 1020 1625 φύσιν
1042 1541 1200 1624 ἐνυπάρχει
1222 1540 1310 1626 αὐτῷ.

213 1656 234 1720 b

195 1781 233 1837 32
250 1775 308 1839 Καί
331 1776 555 1864 ἐμαρτύρησεν
570 1775 728 1842 Ἰωάννιιε
752 1777 855 1851 Λὲςων
877 1779 927 1843 ὄτι
951 1777 1104 1852 τεθέαμαι
1129 1777 1167 1841 τὸ
1191 1775 1321 1851 Πνεῦμα
1347 1796 1450 1838 κατα-

299 1874 409 1978 βαῖνον
440 1900 522 1968 ὡπεί
551 1901 745 1991 περιστερὰν
774 1902 810 1969 ἒξ
841 1902 993 1990 ούρανοῦ,
1020 1902 1230 1977 καίέμεινεν
1257 1900 1303 1964 ἐπ’
1336 1899 1449 1978 αὐτὸν,
1465 1927 1485 1988 5

194 2034 233 2091 33
298 2027 388 2102 κᾶτώ
413 2027 472 2091 ούκ
498 2027 588 2116 ᾔδειν
612 2025 721 2108 αῦτύν,
744 2027 814 2092 ἀλλ’
842 2028 860 2093 ὁ
885 2030 1015 2106 πέμψας
1040 2050 1080 2103 με
1105 2024 1264 2114 βαπτίζειν
1285 2023 1321 2088 ἐν
1342 2022 1449 2106 ύδατι,

296 2153 421 2220 ἑκεινύε
446 2176 501 2230 μοι
526 2147 616 2222 εἶπεν
635 2153 707 2240 Ἐφ’
734 2155 771 2223 ὃν
796 2153 835 2218 ἂν
860 2148 932 2242 ίδηα
955 2153 994 2219 τὸ
1016 2153 1148 2228 Πνεῦμα
1175 2146 1369 2228 καταβαῖνον
1392 2150 1449 2215 καί

297 2281 394 2354 μὲνον
412 2279 460 2343 ἐπ’
484 2279 593 2359 αὐτὸν,
613 2275 708 2344 οῦτύε
727 2279 813 2343 ἐστιν
832 2279 850 2344 ὁ
870 2277 1028 2367 βαπτίζων
1046 2277 1082 2341 ἒν
1100 2277 1262 2353 Πνεῦματι
1276 2274 1385 2360 Ἀτίιμ

304 2520 414 2594 ΟΥΚ
444 2514 570 2594 είδὲναι
599 2515 724 2623 φήσας
751 2514 860 2596 αὐτὸν
887 2519 926 2597 ε’ν
953 2522 1028 2601 τοῖς
1055 2513 1230 2618 ἀνωτέρω,
1258 2515 1450 2619 χρησίμως

218 2635 527 2746 σε’πεξεργάζεται,
556 2643 613 2718 καί
642 2637 684 2719 τὸ
712 2645 807 2719 θεῖον
834 2642 1039 2742 ἀπογυμνοῖ
1062 2637 1273 2742 μυστήριον,
1296 2639 1356 2717 καί
1383 2636 1449 2719 τὸν
1468 2671 1509 2713 ιο

247 2761 344 2868 αύτῷ
374 2761 587 2863 μηνύσαντα
625 2761 792 2842 δεικνύων
825 2760 970 2866 Πατέρα
1005 2760 1110 2860 Θεὸν,
1143 2765 1202 2841 καί
1239 2762 1292 2844 τίς
1328 2763 1349 2839 ὁ
1383 2766 1451 2860 τῆς

247 2884 389 2991 δείξεως
413 2885 539 2987 γέγονε
563 2884 706 2990 τρόπος,
730 2884 938 2993 ἀναφανδὸν
962 2884 1209 2992 ἐξηγούμενος.
1250 2888 1388 2990 ὠφελεῖ
1409 2883 1450 2966 δὲ

246 3009 305 3086 διὰ
329 3006 476 3090 πάντων
500 3015 574 3088 τῶν
598 3008 833 3114 ἀκροωμένων
857 3006 920 3089 τὸν
946 3017 1039 3106 νοῦν,
1062 3013 1121 3089 καί
1146 3010 1190 3087 δι’
1214 3004 1265 3088 ὧν
1287 3010 1326 3088 ε’κ
1350 3014 1450 3090 Θεοῦ

245 3133 511 3213 πεπαιδεῦσθαί
540 3140 635 3238 φησι
667 3131 709 3213 τὸ
739 3134 821 3235 περί
851 3137 1016 3236 Χριστοῦ
1045 3131 1245 3236 μυστήριον
1275 3140 1348 3216 τοῖς
1379 3136 1446 3213 ἀν-

247 3255 414 3357 θρώποις,
439 3264 516 3340 ταῖς
543 3258 679 3337 ἀνωθεν
703 3255 844 3362 ψήφοις
872 3265 1120 3355 πολεμοῦντας
1147 3257 1337 3362 ἀποφαίνει
1364 3255 1452 3342 τοῦς
1468 3296 1507 3357 15

247 3375 513 3478 ἀνθεστηκότας
526 3379 632 3487 αύτῷ,
646 3382 704 3459 καί
721 3377 982 3486 ῥιψοκινδύνως
1000 3385 1046 3486 τῇ
1063 3378 1206 3485 μεγάλῃ
1224 3387 1289 3460 τοῦ
1303 3378 1451 3484 Πατρίις
1501 3486 1510 3495 .

248 3498 551 3604 ἀντιπράττοντας
578 3503 716 3608 γνώμη.
762 3510 868 3582 τοῦτο
896 3500 933 3583 δί
961 3501 1006 3602 ἦν
1028 3504 1281 3587 ἀναπείθοντος
1308 3503 1451 3608 εὐφυῶς

213 3628 312 3725 dvis
330 3621 396 3723 μὲν
414 3626 544 3708 εἰκαίας
562 3626 680 3704 αύτῶν
699 3624 930 3730 ἀποσχέσθαι
948 3630 1096 3725 βουλῆς,
1115 3625 1391 3733 παραδέξασθαι
1410 3628 1452 3708 δὲ

247 3747 311 3829 τὸν
329 3748 470 3855 εύδοκίρι
489 3746 636 3849 Πατρὸς
654 3749 711 3828 ε’πί
729 3748 982 3856 σωτηρίᾳτῶν
999 3747 1145 3830 πάντων
1163 3747 1450 3851 ἐπιδημήσαντα.

246 3879 420 3975 μαρτυρεῖ
440 3879 641 3975 τοιγαροῦν,
659 3870 714 3950 ὅτι
740 3875 797 3951 καί
820 3876 857 3952 τὶ
884 3874 1019 3978 πνεῦμα
1044 3870 1211 3953 θεάσοιτο
1238 3875 1452 3969 καταβαῖνον
1466 3915 1507 3957 20

282 4114 309 4161 4.
328 4094 378 4149 SS.
391 4095 543 4187 Scriptum
561 4105 663 4150 textum
681 4097 791 4167 plenum
807 4114 862 4152 non
881 4096 927 4151 dat
940 4096 963 4150 B
977 4096 1023 4152 sed
1041 4107 1171 4170 quantum
1189 4100 1224 4153 sit
1236 4098 1336 4154 indicat
1348 4101 1452 4170 solum,

246 4165 298 4219 hoc
317 4165 398 4220 modo
410 4174 459 4220 Κπι
478 4167 654 4257 ἐμαρτύρησεν
664 4166 782 4236 Ἰωάννης
798 4167 884 4238 λέγων
898 4167 946 4224 ἕως
963 4171 1009 4222 τοῦ
1026 4168 1067 4236 (=
1084 4187 1170 4240 usque
1188 4169 1234 4238 ad)
1251 4169 1326 4226 ούτός
1342 4170 1419 4226 ε’στιν
1436 4177 1453 4227 δ

245 4236 377 4303 βαπτίζων
388 4236 416 4291 ίν
428 4237 558 4306 Πνεύματι
577 4238 656 4310 Αγίῳ.
838 4255 878 4292 ιι.
896 4238 1017 4293 δεικνύων
1028 4238 1176 4308 μηνύσαντα
1188 4240 1294 4295 inverso
1307 4240 1401 4295 ordine
1415 4242 1453 4299 Β.

250 4323 290 4372 14.
309 4309 363 4362 τοῖς
375 4307 518 4373 ἀνθρώποις
529 4317 698 4379 assumptum
712 4326 744 4361 ex
758 4308 791 4362 Β.
922 4322 963 4379 17.
981 4309 1197 4380 ἀντιπράττοντας
1211 4311 1282 4365 Β.1).
1291 4309 1454 4436 ἑάντιπράτ·

246 4397 333 4431 τονττς
346 4378 381 4445 (ί)
395 4377 431 4431 D.
458 4378 725 4448 ἀντιπροπτιίττοντας
737 4378 789 4433 Ed.
907 4395 949 4434 20.
969 4380 1053 4435 τοίνυν
1065 4383 1202 4452 τοιγαροῦν
1214 4381 1276 4450 (sic)
1316 4421 1322 4436 .
1371 4404 1453 4439 κατα-

245 4443 348 4516 βαῖνον]
366 4453 394 4508 -Ι-
409 4447 442 4500 ίπ
462 4448 540 4502 αὐτὸν
552 4448 602 4504 Ed.
615 4449 699 4503 invito
714 4448 746 4502 B.
