3038 5018
263 282 328 347 634
567 286 606 351 Β.
631 285 841 351 CYRILLI
871 286 1161 352 ALEXANDR.
1359 283 1467 364 vii.24

314 447 402 527 Ὅτι
422 447 459 528 δέ
478 449 688 551 πρέπουσαν
705 450 901 554 ἐλευθέροις
920 451 985 550 μὲν
1003 449 1069 550 τὴν
1086 452 1125 531 έν
1139 448 1262 557 ὀγδόῃ
1279 445 1469 553 περιτομὴν

264 572 474 675 εὑρήσομεν,
493 572 635 657 δούλοις
662 574 699 654 δέ
725 576 790 654 οῦκ
814 574 877 671 έτι,
895 574 961 674 τὴν
977 573 1073 676 ἱεράν
1091 609 1129 654 τε
1155 579 1219 654 καὶ
1247 576 1356 655 θείαν
1377 608 1466 675 περι·

264 705 475 780 νοστοῦντες
500 695 656 801 γραφὴν,
676 699 752 777 κατ’
772 697 898 778 οόδένα
922 696 1035 778 πάλιν
1056 696 1299 796 ἐνδοιάσομεν
1326 696 1466 799 τρόπον.

264 821 393 900 οὐκοῦν
425 822 444 899 ὁ
476 821 541 921 μέν
574 820 743 920 Ἰσμαὴλ,
779 824 798 902 ὀ
831 824 871 902 έκ
909 823 1125 926 θεραπαίνης
1161 826 1231 919 τῆς
1260 820 1398 924 Ἀγαρ
1429 826 1469 926 τῷ

263 944 466 1050 πατριάρχῃ
491 947 743 1048 γεγεννημένος
769 946 851 1043 υίός,
870 946 1115 1048 περιετέμνετο
1137 943 1218 1045 μέν,
1241 947 1337 1024 ἀλλ’
1360 946 1425 1026 οὐκ
1440 948 1487 1029 έι5

265 1067 388 1173 ὀγδόῃ,
406 1071 444 1147 έν
462 1069 529 1148 ε”τει
547 1069 585 1149 δὲ
605 1076 750 1167 μᾶλλον
767 1075 819 1177 τῷ
843 1067 1135 1176 τρισκαιδεκάτῳ·
1165 1069 1386 1171 γέγραπται
1409 1067 1469 1171 γὰρ

95 1175 209 1304 ξξῗζῃ,
232 1194 389 1290 ᾱοῦτως,
408 1193 462 1273 ὅτι
486 1193 688 1298 περιέτεμεν
705 1192 878 1295 Ἀβραὰμ
896 1190 1056 1292 Ἰσραὴλ
1074 1192 1138 1273 τόν
1157 1192 1238 1273 υἱόν
1257 1195 1377 1275 αὑτοῦ
1396 1196 1469 1274 δέκα

265 1320 323 1396 καὶ
349 1324 456 1420 τριῶν
473 1320 573 1414 ε’τιῦν,
593 1318 651 1397 ἵνα
675 1315 740 1396 τὸν
757 1321 821 1416 τῆς
846 1317 1087 1416 δουλευούσης
1104 1318 1365 1419 Ἰερουσαλὴμ
1386 1317 1466 1416 υἱόν,

262 1440 427 1520 τουτέστι
455 1439 520 1520 τόν
546 1438 713 1540 Ἰσραὴλ,
741 1443 799 1519 καὶ
832 1446 895 1540 τῆς
928 1442 1057 1544 ὀγδόης
1084 1441 1295 1521 ἐκπεσόντα
1326 1445 1389 1522 καὶ
1415 1446 1468 1540 της

262 1564 516 1663 δωδεκάτης,ὀ
545 1571 636 1647 θεῖος
664 1564 748 1665 ἡμῖν
769 1565 927 1672 ἐπιδείξῃ
956 1563 1079 1667 λόγος.
1119 1566 1287 1645 ἐκπίπτει
1316 1565 1387 1664 μέν
1407 1563 1499 1667 γάρν

262 1692 326 1786 τῆς
354 1686 495 1789 ὀγδόης,
524 1691 571 1770 ὡς
598 1690 663 1767 οῦκ
690 1687 868 1788 ἐθελήσας
895 1688 1173 1796 προσδέξασθαι
1197 1693 1268 1787 τῆς
1296 1691 1341 1769 έν
1366 1688 1466 1793 ὀγδόῃ

261 1811 452 1910 γενομένης
479 1811 716 1896 ἀναστάσεως
744 1811 785 1891 τό
815 1812 995 1916 σωτήριον
1024 1811 1200 1915 κήρυγμα,
1228 1815 1406 1893 τουτέστι
1432 1812 1464 1891 τό

261 1932 473 2038 εὐαγγέλιον
491 1944 555 2015 τοῦ
580 1941 757 2038 Χριστοῦ,
777 1937 819 2014 δι’
840 1936 950 2039 οὗπερ
976 1934 1021 2035 ἧν
1043 1939 1108 2017 οὐκ
1133 1938 1360 2042 ἀμφίβολον
1378 1941 1462 2042 ὠφε-

260 2059 454 2159 λουμένους
482 2066 530 2144 εὶς
557 2060 683 2140 πίστιν
710 2064 769 2139 καὶ
797 2063 835 2141 ἐν
861 2058 1036 2159 πνεύματι
1062 2060 1365 2164 περιτέμνεσθαι.
1417 2063 1463 2140 ἐκ·

260 2185 382 2264 πίπτει
410 2183 447 2263 δέ
474 2183 588 2263 πάλιν
616 2187 674 2262 καὶ
707 2189 772 2282 τῆς
805 2182 1014 2285 δωδεκάτης,
1044 2187 1092 2269 ὡς
1122 2186 1160 2263 έν
1186 2186 1383 2287 αἰνίγματι
1409 2183 1497 2264 τόνῑὸ

232 2308 354 2412 θὶερόν
383 2315 455 2387 τῶν
483 2305 703 2387 ἀποστόλων
732 2308 843 2414 χορὸν
872 2317 949 2391 ταῖς
979 2309 1169 2391 ἀπαθείαις
1198 2307 1462 2414 ἐξωθούμενοι,

260 2431 437 2536 ἀγευστός
455 2467 492 2510 τε
512 2435 570 2510 καὶ
588 2438 775 2518 παντελῶς
794 2433 982 2532 ἀπείρατος
1004 2435 1068 2532 τῆς
1090 2432 1174 2534 παρ’
1194 2432 1349 2512 ἐκείνων
1369 2435 1462 2511 διδα·

258 2554 413 2638 σκαλίας
446 2561 621 2634 διατελεῖν
652 2556 953 2655 προθυμούμενος.
1008 2558 1028 2635 ὀ
1060 2554 1126 2653 μὲν
1157 2555 1222 2634 οῦν
1254 2557 1403 2655 οἰκέτης
1432 2557 1464 2633 έν

258 2678 405 2760 τούτοις·
440 2680 460 2758 ὀ
489 2679 526 2757 δὲ
552 2681 591 2757 ἐκ
618 2683 682 2776 τῆς
709 2680 897 2782 ἐλευθέρας
924 2680 1109 2783 ε’λεύθερος
1131 2677 1262 2758 Ἰσαὰκ
1294 2681 1337 2758 έν
1361 2679 1464 2781 ὀγδόη

259 2803 513 2904 περιτέμνεται.
554 2808 586 2881 οἱ
617 2801 688 2902 γὰρ
718 2807 781 2901 τῆς
811 2802 998 2903 ἐλευθέρας
1026 2803 1205 2904 ἐλεύθεροι
1233 2806 1377 2899 παῖδες,
1407 2805 1499 2899 τῆνο

260 2925 334 3005 ἀνω
363 2924 481 3031 φαμέν
508 2926 758 3028 Ἰερουσαλὴμ,
780 2924 1068 3032 προσδεξάμενοι
1094 2925 1161 3025 τὴν
1188 2924 1342 3027 ὀγδόην,
1367 2960 1464 3006 τουτ-

259 3049 338 3128 έστι
374 3048 441 3148 τὴν
473 3049 677 3129 ἀνάστασιν
709 3059 773 3129 τοῦ
809 3056 986 3154 Χριστοῦ,
1021 3054 1079 3130 καὶ
1116 3048 1181 3148 την
1213 3051 1254 3128 έν
1287 3050 1465 3147 πνεύματι

258 3172 452 3275 περιτομὴν
481 3171 789 3271 πεπλουτήκασιν,
819 3172 965 3271 ἁπάσης
997 3170 1124 3256 αὐτούς
1156 3174 1466 3275 έλευθεριόσασαν

259 3298 444 3398 ἁμαρτίας,
459 3301 515 3375 καὶ
535 3294 691 3377 θανάτου
709 3297 773 3394 μέν
792 3294 1113 3393 ἀπαλλάττουσαν,
1127 3293 1247 3394 ἐπειδὴ
1265 3298 1331 3376 καὶ
1350 3301 1466 3400 ἀμαρ-

93 3438 206 3494 434Α
231 3422 345 3515 οτίας,
365 3421 407 3526 ἐξ
435 3421 475 3519 ἧς
504 3426 561 3498 καὶ
590 3423 632 3500 δι’
654 3419 740 3519 ἣνό
768 3420 931 3517 θάνατος,
951 3426 999 3504 είς
1027 3419 1065 3500 δέ
1093 3419 1158 3520 τὴν
1176 3426 1352 3521 Χριστοῦ
1375 3420 1502 3524 ζωηνῡε

259 3543 555 3644 μεθορμίῷυσαν.

309 3669 398 3747 Ὅτι
425 3668 462 3748 δέ
487 3666 600 3747 πάλιν
624 3666 715 3768 πρὸς
740 3665 792 3751 οἷς
817 3667 886 3767 ἤδη
914 3666 1122 3775 φθάσαντες
1148 3665 1388 3768 διειρήκαμεν,
1411 3675 1465 3750 καὶ

259 3790 415 3874 θανάτου
442 3795 549 3878 λύσις
576 3794 635 3872 καὶ
664 3797 802 3899 φθορᾶς
831 3789 1015 3894 ἀνατροπὴ
1045 3789 1104 3870 διὰ
1130 3794 1194 3889 τῆς
1222 3792 1260 3869 ε’ν
1284 3794 1465 3892 πνεύματι

165 3990 170 3994 .
257 3922 450 4018 περιτομῆς
478 3917 687 4018 εὑρίσκεται,
715 3915 945 4018 θεωρήσομεν
974 3915 1140 4011 εὐκόλως,
1164 3913 1207 3993 τὸ
1234 3917 1301 4013 τῆς
1330 3930 1466 3998 καλου·

257 4039 364 4138 μένης
382 4040 507 4144 ἐξόδου
525 4047 910 4141 πολυπραγμονοῦντες
928 4039 1087 4134 βιβλίον.
1119 4041 1284 4136 Μωυσῆς
1302 4038 1375 4138 μέν
1395 4042 1502 4146 γόροο

298 4329 337 4396 ιο.
357 4315 370 4362 ὁ
384 4328 437 4363 om,
453 4311 485 4363 B.
603 4327 644 4363 12.
663 4311 692 4363 τδ
705 4307 834 4377 σωτήριον
848 4307 920 4362 B.D.
933 4311 969 4379 τῷ
982 4310 1081 4398 σωτῆρι
1095 4307 1146 4362 Ed.
1264 4326 1308 4380 13.
1328 4313 1463 4386 Χριστοῦ]

258 4389 326 4434 θεον
342 4382 372 4433 Β.
473 4396 513 4451 17.
533 4378 712 4450 διδασκαλίας]
727 4377 1133 4435 ἇκολουθείαςδιδασκαλειαςΒ.
1232 4394 1275 4435 22.
1295 4386 1346 4436 τοῦ
1358 4400 1419 4440 om.
1434 4385 1464 4439 Β.

259 4468 309 4592 τῃ]
319 4450 548 4573 ἀποπλουτὴἑασιν
560 4452 621 4518 (sic)
636 4449 668 4503 Β.
759 4464 802 4520 25.
821 4450 878 4520 τὴν]
896 4456 924 4513 †
939 4453 985 4503 τοῦ
999 4449 1050 4504 Ed.
1063 4448 1154 4504 inviti!
1168 4448 1240 4505 B.D.
1332 4469 1379 4525 η.
1399 4459 1466 4526 πρὸς

258 4543 296 4577 οις
325 4544 452 4589 προσισοι
492 4562 498 4574 .
