3038 5018
243 299 307 362 354
546 298 584 362 B.
609 297 815 363 CYRILLI
846 297 1132 389 ALEXANDR.
1345 313 1375 354 v.
1389 308 1446 375 30.

242 458 314 563 γάρ
340 458 505 561 θεότητος
528 466 591 561 τῆς
617 464 654 541 έν
676 466 792 565 Πατρί
811 465 870 541 καί
888 465 966 569 Υἰῷ
985 460 1185 560 νοουμένης,
1205 459 1307 538 ἔσται
1327 454 1446 555 δήπου

213 581 387 668 θποίντως
412 587 469 665 καί
495 583 638 686 θέλημα
662 584 803 680 ταύτὸν,
827 590 905 666 οὔτε
932 586 969 666 δὲ
996 589 1033 664 ἐν
1053 587 1182 685 Πατρί,
1202 585 1280 662 οὔτε
1307 579 1379 680 μὴν
1404 581 1445 658 έν

243 712 330 815 Υἰῷ,
360 705 383 807 ἢ
417 711 475 788 καί
508 715 558 817 τῷ
586 710 700 817 Ἀγίῳ
736 710 918 806 Πνεύματι
951 706 1202 811 στασιάᾷιυσοί
1234 739 1322 785 ποτε
1354 703 1442 782 καθ’

243 833 368 929 ἑαυτῆς
400 833 422 932 ἡ
455 833 532 913 θεία
564 834 675 941 φύσις
703 832 927 932 νοηθήσεται,
957 835 1041 912 ἀλλ’
1072 832 1159 933 ὅπερ
1188 829 1232 909 ἀν
1260 829 1362 935 δόξαι
1389 835 1444 934 τῷ

244 957 363 1057 Πατρί
380 955 500 1060 τυχὸν,
520 965 625 1037 τοῦτο
643 956 764 1056 πόσης
783 959 862 1036 έστί
881 962 944 1055 τῆς
963 952 1128 1054 θεότητος
1148 952 1299 1052 θέλημα.
1458 974 1477 1034 5

299 1080 521 1182 Ἀναγκαίως
549 1090 739 1183 τοιγαροῦν
762 1083 782 1160 ὁ
805 1080 902 1177 Υἱὸς,
926 1077 1188 1178 συνευδοκητὴν
1210 1075 1335 1178 ὥσπερ
1361 1073 1444 1153 τινὰ

244 1206 302 1282 καί
324 1203 635 1304 συγκατανεύοντα
658 1210 708 1312 τῷ
729 1207 847 1306 Πατρί
869 1202 961 1307 πρὸς
983 1201 1048 1302 τὴν
1067 1204 1121 1308 ἐφ’
1143 1199 1240 1308 ᾧπερ
1265 1198 1443 1304 ἂνδόξειε

244 1331 384 1432 ψῆφον,
402 1324 528 1406 ἑαυτὸν
546 1329 713 1433 εἰσφέρει,
733 1324 783 1426 μὴ
804 1326 985 1408 δύνασθαί
999 1360 1034 1404 τι
1052 1329 1141 1429 δρᾶν
1159 1319 1443 1430 έξηγούμενος,δ

243 1448 293 1549 μὴ
313 1446 455 1532 πάντως
478 1453 556 1530 έστί
579 1449 670 1529 κατὰ
687 1450 835 1553 γνώμην
852 1459 916 1529 τοῦ
936 1448 1093 1553 Πατρός·
1130 1456 1237 1527 τοῦτο
1262 1445 1334 1549 γὰρ
1357 1446 1445 1544 ἡμῖν

244 1573 411 1673 σημαίνει
435 1571 478 1653 τό
502 1579 581 1653 Ἀπ’
607 1577 760 1680 ἐμαυτοῦ.
799 1574 925 1675 ὥσπερ
948 1571 992 1652 ἂν
1015 1580 1044 1653 εἰ
1069 1574 1170 1672 λέγοι
1192 1569 1241 1670 μὴ
1266 1570 1446 1649 δύνασθαι
1463 1598 1503 1640 10

77 1709 145 1764 240
154 1707 195 1764 A·
215 1699 335 1799 ῦδρᾶν
353 1696 540 1798 ἁμαρτίαν,
559 1699 623 1776 οὐκ
640 1697 685 1776 ἀν
703 1733 754 1805 τερ
773 1697 876 1804 δόξαι
894 1698 1035 1781 δικαίως
1054 1696 1239 1779 ἀσθενείας
1258 1697 1447 1793 ὑπομεῖναι

232 1819 402 1924 γραφὴν,
419 1819 626 1926 ἐξηγεῖσθαι
646 1820 683 1900 δέ
701 1827 846 1918 μᾶλλον
864 1818 1090 1927 ἀξιάγαστόν
1109 1854 1143 1897 τι
1169 1821 1225 1898 καί
1252 1817 1447 1918 θεοπρεπὲς

819 1944 837 1972 (Ι

244 1947 309 2041 τῆς
327 1944 452 2028 οἰκείας
471 1944 618 2048 φύσεως
636 1944 777 2043 ἰδίωμα·
817 1978 872 2023 οτι
890 1942 963 2046 γὰρ
981 1941 1156 2045 ἀτρετττός
1177 1976 1214 2022 τε
1240 1945 1296 2021 καί
1322 1944 1441 2020 ἀναλ-

243 2068 393 2151 λοίωτος
422 2065 572 2173 ὑπάρχει
600 2068 724 2147 δίδωσι
754 2074 857 2147 νοεῖν·
898 2069 1009 2150 οὕτως
1038 2066 1125 2146 ὅταν
1150 2068 1212 2170 ἀφ’
1238 2067 1363 2145 ἑαυτοῦ
1391 2063 1444 2164 μὴ

243 2191 423 2271 δύνασθαί
461 2225 495 2270 τι
535 2198 649 2271 ποιεῖν
687 2193 859 2295 ὁμολογῇ,
898 2187 1256 2291 καταπλαγησόμεθα
1296 2195 1446 2287 μᾶλλον
1464 2219 1503 2280 ¹5

244 2315 390 2422 φύσεως
418 2316 593 2414 ἀτρέστου
621 2311 760 2414 καρπὸν
788 2316 938 2416 ὁρῶντες
966 2311 1008 2392 τὸ
1035 2312 1224 2417 ἄτρεπτον,
1254 2311 1346 2413 ἤπερ
1379 2312 1446 2390 ούκ

244 2439 412 2539 εὔκαιρος
449 2441 497 2521 ὡς
534 2439 720 2521 ἀσθενείας
752 2435 975 2536 σημαντικὸν
1005 2435 1047 2517 τὸ
1081 2436 1130 2536 μὴ
1164 2438 1340 2516 δύνασθαι
1373 2445 1442 2514 λο-

242 2559 424 2661 γιούμεθα.

300 2688 425 2762 Ταῦτα
454 2683 490 2762 δέ
518 2684 630 2763 πάλιν
658 2683 741 2781 ἡμῖν
769 2680 958 2784 ἀναλόγως
986 2682 1051 2779 μέν
1078 2691 1151 2766 τοῖς
1179 2683 1360 2786 ἡμετέροις
1392 2689 1444 2762 εἰ·

209 2817 231 2882 b
242 2804 370 2910 ρήσθω
402 2806 553 2909 μέτροις·
604 2805 776 2909 έρευνοίτω
813 2806 850 2886 δὲ
888 2809 907 2885 ὁ
942 2804 1150 2914 φιλομαθὴς
1179 2805 1225 2885 τοί
1256 2806 1444 2898 βελτίονα.
1464 2844 1506 2889 20

243 2933 494 3031 διερμηνεῦσαι
524 2929 638 3033 γεμὴν
666 2935 724 3010 καί
757 2931 883 3031 ἑτέρως
915 2930 957 3010 τὸ
990 2930 1099 3032 ῥητὸν
1127 2931 1190 3008 ούκ
1223 2928 1445 3028 ὀκνήσομεν,

243 3055 363 3157 βραχύ
387 3089 421 3132 τι
447 3060 518 3135 τῶν
541 3058 605 3153 τῆς
633 3053 798 3153 θεότητος
828 3054 921 3154 ὅρων
947 3057 1005 3133 καί
1034 3057 1096 3152 τῆς
1124 3063 1188 3133 τοῦ
1213 3058 1449 3152 Μονογενοῦς

244 3181 418 3281 ὑπεροχῆς
448 3177 510 3256 τὸν
537 3176 649 3279 λόγον
675 3174 962 3277 ὑποβιβάζοντες·
1002 3180 1059 3255 καί
1087 3179 1227 3278 ἐπείπερ
1255 3175 1447 3275 ἅνθρωπος

244 3301 373 3403 γέγονέ
397 3334 434 3378 τε
467 3299 578 3384 ὅντως
609 3304 667 3379 καί
697 3298 953 3405 κεχρημάτικεν
984 3302 1003 3378 ὁ
1033 3298 1131 3398 Υἰὸς,
1163 3303 1220 3381 έττί
1255 3298 1321 3397 τὴν
1351 3300 1448 3397 μετὰ

244 3422 381 3528 σαρκὸς
412 3423 613 3520 οἰκονομίαν
642 3420 708 3523 τὴν
736 3430 809 3503 τῶν
839 3423 1078 3524 θεωρημάτων
1106 3422 1447 3527 μεταῤῥυθμίζοντες
1463 3457 1503 3518 ²5

244 3547 404 3644 δύναμιν,
423 3551 585 3648 συγγενῆ
613 3582 651 3627 τε
679 3550 737 3627 καί
765 3547 974 3648 συνημμένα
1002 3554 1076 3630 τοῖς
1103 3544 1447 3649 προαποδεδομένοις

76 3675 182 3792 ἓξὲξ,
245 3673 304 3753 καί
331 3670 377 3750 τὰ
404 3669 534 3776 ἐφεξῆς
561 3671 824 3754 ἐπιδεικνύντες.
866 3672 992 3751 οὐκοῦν
1021 3669 1075 3750 ὅτι
1104 3673 1161 3750 καί
1190 3680 1210 3717 “
1226 3668 1448 3750 ἀκούσονται

215 3808 266 3869 ο“
287 3799 349 3895 τῆς
372 3797 494 3900 φωνῆς
516 3793 626 3873 αὐτοῦ
642 3789 773 3875 πάντες
792 3797 824 3872 οἰ
842 3796 880 3872 ἐν
899 3801 973 3878 τοῖς
990 3794 1200 3893 μνημείοις,”
1221 3799 1281 3872 καί
1304 3792 1359 3872 ὅτι
1384 3796 1448 3873 καὶ

244 3915 497 4022 κριθησόμενοι
528 3916 810 4020 προελεύσονται
843 3916 1100 4020 διεμαρτύρατο
1135 3922 1276 4023 σαφῶς.
1323 3917 1447 4017 ε’ττειδὴ

244 4043 283 4121 δὲ
314 4038 417 4148 ἅπαξ
446 4046 494 4124 εἰς
526 4040 590 4120 τὸν
621 4043 702 4143 περὶ
739 4048 802 4119 τοῦ
835 4041 964 4143 κρίνειν
996 4040 1104 4121 αὐτὸν
1138 4039 1203 4140 τὴν
1236 4038 1448 4141 οἰκουμένην
1462 4071 1505 4128 30

280 4235 306 4286 5.
325 4218 404 4286 τυχὸν
417 4221 452 4289 τῷ
465 4218 549 4289 Πατρί
561 4217 666 4272 inverso
677 4216 769 4272 ordine
783 4217 816 4272 Β.
908 4217 934 4273 6.
952 4219 1037 4273 τοίνυν
1048 4220 1186 4289 τοιγαροῦν
1199 4216 1231 4270 Β.
1324 4230 1365 4269 12.
1383 4214 1448 4283 ἐξη-

242 4310 360 4384 γεῖσθαι]
375 4311 511 4380 ε’ξέλεσθαι
525 4312 557 4366 Β.
668 4327 709 4379 14.
729 4312 821 4366 δίδωσι
833 4314 900 4366 νοεῖν
914 4312 946 4367 Β.
959 4312 1034 4380 δηλοῖ
1047 4311 1097 4367 Ed.
1208 4325 1250 4378 15.
1269 4296 1393 4381 ύμολογίῑ
1407 4309 1447 4366 D.

246 4399 287 4453 19.
307 4382 437 4451 ἡμετέροις
450 4381 483 4435 Β.
496 4380 637 4451 εἰρημένοις
649 4381 701 4438 Ed.
813 4398 855 4436 21.
874 4383 954 4452 γεμην
967 4383 999 4437 Β.
1011 4384 1062 4452 μὴν
1074 4382 1125 4437 Ed.
1237 4397 1280 4448 24.
1299 4403 1327 4435 τε
1339 4398 1394 4435 om.
1411 4380 1448 4436 B.

245 4452 287 4506 26.
305 4452 579 4523 προαποδεδειγμένως
593 4452 625 4507 Β.
866 4468 909 4523 27.
929 4452 1111 4509 ἐπιδεικνύντες
1126 4453 1157 4506 Β.
1170 4450 1378 4507 ἀποδεικνύοντες
1391 4450 1448 4506 Ed.

245 4523 287 4577 28.
307 4524 348 4576 καὶ
361 4524 406 4576 alt.
419 4540 473 4578 om.
488 4523 521 4577 B.
629 4538 672 4593 29.
690 4521 914 4594 πρασελεύσονται
929 4523 961 4578 Β.
976 4534 1005 4578 ut
1018 4542 1099 4595 supra
1112 4522 1162 4594 236
1171 4539 1194 4575 e.
