3038 5018
70 284 226 370 i.16,17.
267 287 325 352 IN
355 288 670 357 S.JOANNEM.
716 288 811 355 LI'B.
834 289 863 355 1.
909 291 1012 355 CAP.
1036 289 1098 355 IX.
1209 291 1273 353 149

70 449 117 533 ἀν
142 449 273 554 πρέποι
305 454 357 560 τῷ
388 457 427 533 ἐκ
457 459 553 534 Θεοῦ
582 460 792 557 Μονογενεῖ,
820 453 966 563 φύσεως
996 454 1123 537 οἰκείας
1155 451 1272 559 ἔχοντι

69 575 209 678 καρπὸν
234 574 280 656 τά
308 575 410 662 κατά,
426 576 573 659 πάντων
595 576 899 678 πλεονεκτήματα,
922 581 980 659 καὶ
1007 583 1072 677 τῆς
1097 580 1272 680 πατρικῆς

69 697 244 799 ίδιάτητος
271 695 414 807 ἀξίωμα
442 701 508 802 τήν
535 703 738 807 ὑπεροχήν,
778 699 875 801 οἶμαι
907 698 947 781 δέ
979 700 1093 803 ἔγωγε
1120 701 1181 780 καὶ
1208 699 1272 780 τὸν

69 825 290 927 σοφώτατον
309 829 462 905 Παῦλον
478 828 559 927 περὶ
576 829 641 924 τῆς
660 831 732 905 τῶν
750 824 848 906 ὅλων
866 823 1090 921 διαλαβόντα
1106 822 1269 931 φύσεως,

37 952 280 1047 5κεκινῆσθαι
304 947 363 1028 διά
388 949 525 1029 τούτων
549 955 597 1033 είς
620 951 754 1034 ε’ννοίας
779 953 935 1048 ἀληθεῖς,
955 951 1053 1029 οὕτω
1079 982 1118 1028 τε
1142 947 1273 1029 λοιπὸν

707 1072 716 1104 ι
771 1072 781 1100 ³
843 1073 860 1102 ν
955 1071 969 1103 ι
1249 1070 1270 1099 ⁹·
1321 1059 1441 1112 lconiv.

70 1073 121 1155 ὡς
144 1071 236 1176 πρὸς
260 1073 326 1173 τὴν
351 1075 470 1153 κτίσιν
491 1078 600 1153 εῖπεῖν
629 1083 650 1120 “
664 1079 712 1153 Τι
736 1108 808 1177 γαρ
837 1108 925 1178 εχεις
954 1109 974 1152 ο
999 1074 1063 1153 οὐκ
1091 1071 1246 1169 ’έλαβες;
1283 1113 1342 1189 b7·
1428 1140 1433 1145 -

70 1194 163 1292 μετά
181 1195 253 1298 γάρ
270 1204 335 1276 τοῦ
352 1194 449 1294 εἶναι,
470 1199 527 1277 καὶ
550 1194 592 1275 τὸ
615 1197 653 1275 εὖ
676 1193 764 1276 εἶναι
787 1200 940 1279 τοιοῖσδε
965 1195 1076 1302 τυχὸν
1093 1203 1139 1302 τῇ
1157 1197 1272 1277 κτίσει

71 1319 277 1418 θεόσδοτον,
301 1320 372 1425 ἔχει
397 1319 435 1400 δέ
461 1320 598 1400 οίκοθεν
621 1319 733 1417 οὐδὲν,
751 1329 904 1401 πλουτεῖ
925 1320 964 1401 δὲ
987 1318 1098 1421 μόνον
1119 1318 1185 1420 τὴν
1208 1330 1272 1403 τοῦ

71 1441 230 1527 διδόντος
267 1443 489 1551 φιλοτιμίαν.
547 1443 766 1543 σημειωτέον
803 1445 841 1539 δὲ
876 1443 1001 1543 πάλιν,
1038 1444 1093 1524 ὅτι
1129 1444 1269 1548 πλήρη,

17 1595 56 1636 10
70 1567 267 1667 τουτέστιν,
299 1570 337 1647 ἐν
367 1575 462 1648 πᾶσι
496 1565 705 1649 παντέλειαν
736 1565 826 1648 εἷναί
860 1574 955 1676 φησι
988 1567 1052 1649 τὸν
1080 1569 1181 1666 Υῖὸν,
1214 1573 1272 1650 καί

70 1699 247 1772 τοσοῦτον
265 1695 460 1798 ἀφεστῶτα
478 1700 541 1771 τοῦ
561 1689 652 1772 κατά
675 1727 710 1772 τι
732 1701 821 1794 γοῦν
839 1695 960 1773 ε’πιδεοῖ
978 1691 1205 1790 καθεστάναι,
1223 1697 1272 1779 ὡς

70 1818 129 1895 καὶ
152 1823 246 1896 πᾶσι
269 1816 446 1897 δύνασθαι
468 1823 650 1921 χορηγεῖν,
670 1815 713 1896 τὸ
731 1819 972 1897 ἐλαττοῦσθαι
989 1818 1272 1920 παραιτούμενον

70 1942 130 2018 καὶ
167 1943 230 2038 τῆς
267 1941 394 2024 οἰκείοις
431 1942 608 2045 ὑπεροχῆς
645 1943 699 2020 ἀεὶ
741 1939 783 2019 τὸ
826 1940 972 2042 μέγεθος
1008 1942 1046 2019 έν
1083 1941 1272 2042 ταυτότητι
1357 1996 1360 2002 -

72 2063 304 2166 διασώζοιντο.

1283 2203 1301 2246 ο

19 2329 56 2390 15
87 2325 145 2390 Καὶ
172 2329 263 2415 χάριν
290 2327 362 2393 ἀντὶ
389 2329 532 2417 χάριτος,
558 2332 609 2397 ὅτι
639 2332 657 2397 ὁ
687 2334 786 2406 νόμος
815 2331 868 2397 διὰ
896 2332 1068 2399 Μωυσέως
1096 2331 1208 2414 ἐδόθη,
1235 2333 1255 2398 ίι
1286 2341 1321 2404 Ι7

206 2469 297 2558 χάρις
326 2473 379 2537 καί
407 2472 425 2538 ἡ
454 2472 593 2539 ἀλήθεια
621 2472 673 2538 διὰ
697 2473 806 2540 Ἰιιοοῡ
833 2476 969 2562 Χριστοῦ
997 2474 1137 2549 ἐγένετο.

127 2678 392 2781 Λαμπροτέραν
408 2684 472 2778 τῆς
497 2682 534 2760 ἐν
552 2679 691 2761 ἅπασιν
712 2679 913 2782 ἀνθρώποις
939 2682 1097 2766 εὐκλείας
1121 2679 1188 2780 τὴν
1206 2687 1271 2760 τοῦ

71 2805 302 2903 Μονογενοῦς
329 2803 579 2910 ἀναπεφάνθαι
607 2804 720 2912 δόξαν
744 2803 863 2902 εἰπὼν,
887 2808 946 2885 καὶ
973 2803 1015 2884 τὸ
1044 2807 1082 2884 ἐν
1109 2801 1271 2907 ἁγιότητι

68 2924 217 3026 μέγεθος
243 2926 462 3030 ἀσύγκριτον
485 2929 581 3036 αὐτῷ
608 2928 698 3031 πρὸς
726 2929 808 3013 τοὺς
836 2929 958 3030 ἁγίους
985 2927 1173 3034 εἰσφέρων,
1198 2926 1271 3009 ἀπὸ

17 3086 56 3126 20
69 3057 142 3129 τῶν
173 3056 222 3135 είς
253 3053 364 3155 ἀκρον
397 3051 674 3153 ἀναβεβηκότων
708 3055 836 3154 ἀρετῆς
868 3058 1048 3133 ποιεῖσθαι
1078 3050 1270 3154 σπουδάζει

68 3183 132 3253 τοῦ
144 3176 377 3278 προτεθέντος
393 3185 535 3256 σκοποῦ
548 3174 614 3275 τὴν
627 3176 823 3283 ἀπόδειξιν.
850 3179 935 3278 περὶ
947 3171 1011 3275 μέν
1026 3175 1088 3255 οὖν
1101 3174 1270 3255 Ἰωάννου
1430 3248 1433 3253 .

69 3303 184 3402 φησὶν
208 3300 228 3377 ὁ
254 3299 381 3401 Σωτήρ
400 3312 421 3348 “
434 3298 554 3400 Ἀμήν
575 3299 670 3399 ἀμὴν
693 3301 790 3403 λέγω
817 3301 909 3398 ὑμῖν,
931 3300 995 3379 οὐκ
1020 3298 1209 3402 ἐγήγερται
1231 3286 1435 3404 e’vdffffifffl

70 3432 91 3467 “
110 3430 291 3523 γεννητοῖς
333 3431 511 3525 γυναικῶν
547 3425 674 3528 μείζων
710 3421 880 3504 Ἰωάννου
918 3431 981 3503 τοῦ
1025 3423 1266 3519 βαπτιστοῦ.”

68 3543 170 3623 ἀλλά
200 3544 265 3625 τὸν
294 3548 387 3627 οὕτω
419 3550 534 3650 μέγαν
564 3552 623 3629 καῖ
655 3546 897 3652 ἀξιοζήλωτον
924 3544 1156 3649 παρέστησεν
1185 3548 1294 3649 ήδη-τ

14 3692 54 3752 25
69 3669 229 3771 καθάπερ
248 3668 354 3753 αὐτός
372 3678 498 3776 φησιν,
517 3671 786 3774 ἀνακεκραγότα
804 3673 862 3750 καὶ
880 3669 1022 3776 μεγάλῃ
1047 3669 1202 3770 λέγοντα
1224 3684 1269 3775 τῇ

67 3798 174 3900 φωνῇ
199 3795 280 3873 “Ὁ
307 3795 427 3874 ὀπίσω
454 3829 524 3893 μου
551 3795 751 3900 ἐρχόμενος,
776 3794 981 3894 ἔμπροσθέν
1005 3829 1076 3891 μου
1104 3794 1269 3896 γέγονεν,
1312 3791 1415 3922 {Q

67 3927 91 3963 “
110 3916 164 3995 ὅτι
191 3916 334 4021 πρῶτός
360 3951 432 4012 μου
459 3916 538 4019 ἦν.”
579 3918 783 4018 ἡττωμένης
809 3918 846 3998 δὲ
870 3922 935 4017 τῆς
952 3917 1121 3998 Ἰωάννου
1146 3916 1265 4024 δόξης,

67 4044 126 4121 καὶ
151 4040 439 4146 παραχωροιίσης
464 4047 515 4147 τῷ
541 4047 750 4142 Μονογενεῖ,
776 4048 853 4126 πῶς
882 4043 944 4122 οὐκ
972 4039 1110 4143 ἀνάγκη
1139 4040 1269 4123 λοιπὸν

67 4168 197 4245 ἐννοεῖν
220 4166 356 4266 μηδένα
382 4172 455 4244 τῶν
479 4166 609 4246 ἀλλων
634 4165 747 4266 ἁγίων
772 4171 820 4249 εἰς
847 4162 889 4244 τὸ
918 4164 1000 4243 ίσον
1025 4165 1269 4271 ἀναφέρεσθαι

105 4402 130 4439 2.
149 4384 213 4438 κατὰ
225 4400 280 4438 om.
295 4383 326 4438 Β.
339 4384 429 4439 invitis
443 4383 559 4438 Catenis.
607 4386 652 4452 τῆς
664 4393 832 4454 assumptum
845 4402 878 4438 ex
889 4402 914 4438 a.
928 4382 1011 4439 Cord.
1147 4383 1174 4436 8.
1192 4384 1271 4452 μόνον

67 4455 102 4510 Β.
115 4457 195 4525 μόνην
208 4454 260 4509 Εδ.
309 4454 405 4521 Statim
418 4455 464 4522 τὴν
476 4464 537 4524 post
549 4455 665 4511 διδόντος
677 4454 827 4525 transponit
841 4455 873 4509 B.
1025 4471 1068 4510 ιο.
1085 4454 1155 4525 φησι
1167 4470 1222 4509 om.
1235 4453 1270 4509 Β.

70 4544 112 4597 19.
132 4525 264 4596 εἰσφέρων
278 4524 384 4580 Β.[).Ε.
398 4524 500 4594 Migne.
513 4525 640 4596 εἰσφέρον
652 4524 703 4579 Εδ.
811 4541 854 4580 21.
873 4523 918 4581 οὖν
929 4534 1097 4596 assumptum
1111 4541 1144 4579 ex
1157 4523 1192 4579 E.
1260 4572 1263 4577 .
