3038 5018
226 289 291 350 244
527 285 566 350 B.
590 285 800 350 CYRILLI
830 282 1117 350 ALEXANDR.
1192 320 1195 330 ·
1312 282 1358 346 iii.
1372 301 1426 368 31.

60 452 163 581 {Q
228 460 249 498 “
267 450 480 549 ἠλλοίωμαι,
503 453 562 530 καὶ
588 452 651 531 οὐκ
678 444 758 530 ἔστι
785 448 877 534 Θεὸς
904 445 1004 547 πλήν
1028 449 1146 547 ἐμοῦ·”
1174 453 1252 530 πῶς
1274 445 1317 526 δὲ
1346 437 1428 551 οὐχὶ

198 576 287 652 exa}
315 578 363 657 είς
392 572 501 653 αὐτὸν
528 571 749 672 ἀναβήσεται
776 571 840 653 τὸν
868 571 1015 676 Πατέρα
1042 570 1088 653 τὸ
1115 581 1180 652 τοῦ
1207 569 1429 672 γεννήματος

226 691 337 796 πάθη,
355 695 540 801 χαρακτήρ
563 696 660 801 ε’ίπερ
687 699 765 777 ἐστὶ
792 701 849 777 καὶ
871 694 974 776 εἰκὼν
992 694 1272 799 ἀπαράλλακτος
1290 693 1425 790 αὐτοῦς

227 819 331 899 ἕσται
354 818 398 919 δή
417 820 481 900 οὖν
498 817 697 905 ἀλλοιωτάς
721 819 786 920 μὲν
804 821 888 920 ἡμῖν
907 821 927 899 5
946 816 1040 904 Θεὸς
1061 822 1120 899 καί
1140 816 1280 920 Πατὴρ,
1299 816 1370 921 ἔχει
1387 815 1429 896 δὲ

226 940 526 1045 προσγεγονότας
549 939 617 1041 τήν
639 941 730 1022 κατὰ
757 943 902 1023 πάντων
927 940 1117 1046 ὑπεροχήν·
1145 943 1205 1022 καὶ
1229 945 1360 1020 σιωπῶ
1382 935 1461 1024 τὸ5

227 1066 447 1165 λειπόμενον.
486 1067 703 1146 οἰκειώσεται
722 1062 794 1167 γὰρ
819 1069 867 1149 ὡς
891 1066 936 1173 ἐξ
958 1065 1114 1168 ἀνάγκης
1133 1064 1180 1145 τά
1198 1066 1236 1144 ἐν
1253 1069 1300 1170 τῇ
1318 1058 1430 1142 είκάνι

225 1188 268 1269 τὸ
293 1190 505 1294 άμχὲτνπον.
546 1191 631 1269 ἀλλ’
652 1189 839 1290 ἐπίκτητον
863 1189 928 1286 μὲν
950 1191 1013 1270 οὐκ
1037 1191 1181 1291 ἐροῦσιν
1198 1187 1292 1292 ἔχειν
1316 1184 1429 1267 αὐτὸν

224 1311 290 1413 τήν
305 1313 482 1418 ὑπεροχήν
495 1311 586 1417 πρὸς
603 1313 668 1399 τάς
686 1313 851 1397 τοιαύτας
868 1320 940 1394 τῶν
954 1320 1145 1415 λογισμῶν
1159 1313 1367 1418 δυσχερείας
1386 1345 1430 1392 τε

226 1439 315 1537 ὁμοῦ
347 1440 405 1517 καὶ
434 1439 583 1522 ἀτοπίας
615 1436 905 1544 ἀποφρίττοντες,
934 1437 1090 1536 οάσιάδη
1123 1435 1167 1518 δὲ
1193 1441 1340 1536 μᾶλλον
1367 1437 1430 1514 καὶ

226 1562 477 1669 ἀναφαίρετον.
513 1557 589 1641 εἶτα
611 1559 735 1659 πάλιν,
758 1557 786 1640 ὦ
810 1559 1010 1658 βέλτιστοι,
1035 1567 1112 1644 πῶς
1137 1560 1220 1660 ἡμῖν
1246 1559 1288 1640 οὐ
1312 1591 1428 1639 σννε·
1446 1593 1481 1637 ια

57 1707 120 1762 164
130 1706 171 1761 A.
198 1691 318 1790 ορεῖτε
346 1687 404 1764 καὶ
432 1683 587 1778 ἄκοντες,
616 1684 671 1764 ὅτι
699 1682 792 1769 Θεὸς
824 1682 915 1764 κατὰ
949 1684 1064 1791 φύσιν
1092 1680 1263 1788 ὑπάρχων
1290 1682 1310 1761 5
1338 1681 1431 1767 Υἱὸς

227 1807 341 1890 ἐπάνω
377 1809 510 1890 πάντων
543 1809 624 1905 ἐστὶ,
658 1806 717 1888 διὰ
747 1816 853 1888 τοῦτο
885 1810 943 1888 καὶ
975 1811 1014 1888 ἐκ
1047 1806 1158 1907 μάνης
1190 1807 1330 1912 ε”ρχεται
1362 1809 1432 1906 τῆς

227 1933 352 2016 οὐσίας
389 1939 453 2011 τοῦ
491 1937 587 2012 Θεοῦ
624 1935 683 2012 καὶ
716 1930 888 2035 Πατράς;
934 1938 964 2011 εί
1001 1931 1074 2036 γάρ
1110 1931 1211 2012 οὐδέν
1242 1933 1321 2010 ε’στι
1352 1937 1430 2010 τῶν

225 2062 394 2158 γενητῶν,
414 2053 434 2134 ὸ
453 2054 503 2155 μή
522 2061 568 2162 τῇ
589 2064 653 2136 τοῦ
672 2055 800 2136 Πάντα
819 2055 965 2156 δυνάμει
991 2055 1294 2160 περισχοινίζεται,
1313 2053 1430 2136 ἐπάνω

225 2179 263 2261 δὲ
283 2178 415 2260 πάντων
433 2181 519 2260 ἐστὶν
538 2183 558 2258 ὁ
576 2179 674 2277 Υίὸς,
693 2184 741 2264 ὡς
759 2181 876 2284 ἕτερος
903 2179 1070 2281 δηλονότι
1095 2179 1194 2280 παρά
1217 2179 1347 2275 πάντα,
1365 2180 1427 2258 καὶ
1444 2207 1481 2268 15

226 2303 381 2403 οὐσιάδη
407 2302 499 2383 κατὰ
525 2303 669 2384 πάντων
692 2304 783 2409 ἔχων
802 2302 867 2404 τήν
892 2303 1080 2409 ὑπεροχήν,
1099 2307 1156 2384 καὶ
1182 2304 1249 2408 οὐχ
1274 2304 1294 2382 5
1319 2299 1430 2386 αὐτὸς

225 2423 318 2509 κατὰ
345 2427 459 2533 φύσιν
481 2425 653 2531 ὑπάρχων
674 2435 748 2512 τοῖς
772 2436 875 2526 πᾶσι,
895 2435 972 2513 πῶς
998 2431 1061 2508 οὐκ
1088 2424 1132 2507 ἀν
1151 2433 1268 2507 νοοῖτο
1295 2421 1430 2506 λοιπὸν

227 2547 320 2633 Θεὸς
339 2549 531 2649 ἀληθινάςς
563 2552 583 2628 ὁ
604 2549 676 2654 γὰρ
701 2556 764 2650 τῆς
788 2558 860 2633 τῶν
878 2550 1087 2653 ποιημάτων
1105 2550 1269 2652 πληθύος
1288 2551 1427 2629 οὖσιω·

227 2678 296 2756 δῶς
326 2675 528 2772 ε’κκείμενος,
560 2678 619 2753 καὶ
650 2673 691 2754 τὸ
724 2677 762 2754 ε’ν
791 2684 951 2776 γενητοῖς
984 2674 1155 2779 τετάχθαι
1187 2671 1279 2754 κατὰ
1310 2671 1429 2778 φύσιν

192 2795 420 2900 ὸέκδραμὸν,
439 2797 476 2876 τί
492 2796 537 2877 ἀν
556 2798 675 2901 ἕτερον
693 2799 745 2901 εἴη
766 2798 894 2881 λοιπὸν
913 2798 936 2900 ἢ
956 2797 1072 2891 Θεός;
1100 2805 1335 2896 μεσολαβοῦν
1353 2798 1430 2900 γὰρ
1443 2831 1482 2874 το

227 2923 365 3023 ὁρῶμεν
401 2921 511 3018 οὐδὲν,
550 2920 640 3001 ὅσον
673 2923 756 3023 ἧκεν
793 2928 841 3006 είς
879 2925 1002 3008 οὐσίας
1040 2919 1258 3030 ὑφεστώσης
1295 2918 1427 3023 λόγον.

227 3045 342 3129 κτίσις
377 3043 449 3148 γάρ
484 3047 507 3145 ἡ
543 3044 807 3147 βασιλευομένη
844 3049 903 3126 καὶ
939 3049 991 3126 ἐπ’
1025 3049 1115 3151 αὐτῇ
1153 3052 1280 3126 νοεῖται
1317 3042 1429 3129 Θεάς.

228 3170 355 3249 οὐκοῦν
391 3176 420 3249 εί
458 3168 550 3253 Θεὸς
588 3168 679 3250 κατά
716 3170 831 3276 φύσιν
862 3171 962 3251 ἐστὶν
996 3171 1016 3249 5
1048 3169 1145 3267 Υἱὸς,
1180 3165 1351 3270 ἐγεννήθη
1391 3167 1432 3250 δὲ
1473 3154 1477 3162 ¹

227 3291 387 3395 ἀρρήτως
419 3296 457 3373 ἐκ
488 3302 551 3372 τοῦ
582 3299 678 3373 Θεοῦ
711 3294 768 3374 καὶ
802 3292 959 3394 Πατρὸς,
991 3292 1056 3392 τήν
1088 3303 1152 3373 τοῦ
1184 3291 1432 3394 γεννήσαντος

228 3415 341 3520 φύσιν
359 3413 401 3494 τά
414 3412 576 3496 Ἀνωθεν
595 3418 770 3516 σημαίνει.
801 3417 860 3498 διά
878 3452 915 3497 τε
934 3425 1040 3497 τοῦτο
1059 3415 1172 3497 ἐπάνω
1191 3414 1322 3499 πάντων
1340 3418 1431 3499 ἐστὶν
1443 3449 1481 3510 25

228 3541 248 3617 5
270 3535 489 3640 Μονογενής,
508 3535 570 3618 άτε
590 3538 633 3638 δή
652 3543 711 3620 καὶ
729 3540 773 3647 ἐξ
789 3541 897 3640 αὐτῆς
916 3541 1106 3645 ὁρώμενος.

198 3701 216 3742 0

229 3790 258 3844 S.
269 3787 361 3913 cgrilli
373 3788 410 3842 xii
422 3805 480 3870 qap.
492 3806 522 3842 ca
543 3790 576 3871 .·i.
589 3847 591 3852 ,
617 3789 702 3845 Serm.
716 3791 834 3845 Nestorii
848 3792 875 3845 in
889 3790 1024 3862 Synodico
1033 3789 1096 3872 ράν.
1109 3790 1190 3860 Trag.
1205 3789 1276 3872 Ιταιι.
1288 3788 1317 3844 in
1330 3788 1430 3847 Baluz.

228 3861 278 3914 col.
306 3877 348 3941 ηι,
358 3858 501 3941 ΘοπςιΙιοτ.
535 3861 856 3943 ·¹v5⁰⁰¹,2,257⁰d·00¹0ti·
881 3861 955 3915 Haec
968 3859 1313 3943 ommaaParsonqodata.
1332 3858 1431 3943 4⁶⁶⁸*

230 3930 262 3984 B.
276 3930 368 4002 Cyrssh
381 3929 423 3984 Ad
439 3929 532 4003 Herm.
546 3930 616 3984 D1a1.
629 3949 665 3985 ιιι.
684 3950 710 4002 p.
723 3932 776 4002 463
786 3931 814 3996 d,
827 3932 977 4002 fragmenta
993 3943 1085 3986 contra
1102 3931 1289 4002 Synousmstas
1303 3929 1430 3988 Latmo

1051 4016 1099 4043 (CM

223 4053 335 4122 Syriaco
348 4069 424 4106 versa
436 4062 462 4106 et
474 4071 489 4106 a
503 4052 576 4107 Maio
591 4051 659 4106 Bibl.
671 4052 742 4106 Nov.
751 4052 838 4120 ii.446
851 4052 929 4107 edita.
999 4052 1024 4105 6.
1038 4055 1179 4123 λεγόμενον
1192 4050 1225 4106 Β.
1289 4067 1331 4118 14.
1343 4052 1431 4107 πᾶντα

231 4123 262 4176 Β.
275 4124 369 4179 παντὸς
383 4122 433 4176 Ed.
562 4123 602 4176 16.
621 4126 701 4177 hom.
716 4123 748 4176 B.
871 4136 912 4194 17.
931 4125 976 4177 οὐκ
988 4121 1032 4194 ἂν]
1046 4121 1148 4177 οὗνκᾶν
1161 4121 1194 4175 Β.
1232 4121 1328 4176 Statim
1340 4126 1431 4177 νοοῖτο

231 4193 262 4247 Β.
276 4193 313 4261 ε’ίη
328 4193 379 4247 Ed.
427 4196 519 4248 λοιπὸν
531 4213 584 4247 om.
600 4194 630 4246 B.
711 4210 753 4248 22.
772 4192 811 4248 ἐπ’
825 4195 903 4263 αὐτήν
918 4194 949 4248 Β.
1031 4207 1074 4261 25.
1091 4216 1119 4248 τε
1131 4197 1209 4247 τοῦτο
1221 4191 1273 4246 hoc
1284 4192 1381 4248 ordine
1397 4193 1431 4249 Β.

230 4263 271 4317 26.
289 4264 323 4332 μή
337 4282 385 4334 pro
397 4266 438 4319 καὶ
453 4264 484 4319 Β.
532 4261 708 4335 ὀρωώμινος
720 4265 826 4336 conjicit
840 4266 934 4337 Migne
946 4265 992 4320 sed
1006 4274 1108 4335 praeter
1121 4264 1316 4320 necessitatem.
