3038 5018
266 284 331 347 222
571 280 610 344 Β.
635 280 847 344 OYRILLI
879 281 1169 346 ALEXANDR.
1354 278 1399 345 iii.
1417 301 1469 343 11.

232 445 449 526 όδιδάσκειν
467 446 618 549 ε’τέρους.
659 453 688 526 εί
717 446 754 526 δὲ
782 449 802 526 ό
830 449 1008 529 παιδεύων
1032 452 1070 528 ἐν
1093 447 1243 544 τούτοις,
1265 450 1303 527 ἐν
1325 447 1422 526 τίσιν
1450 449 1471 525 ό

266 569 525 668 παιδευόμενος,
546 572 613 676 οῦχ
632 573 882 675 ῦπεραίροντος
900 578 1064 672 μαθητοῦ
1088 579 1153 650 τοῦ
1179 569 1402 650 διδασκάλου
1426 568 1472 649 τῦ

97 698 221 825 ξξῗὼ·
267 693 406 795 με’τρον,
433 692 524 774 κατά
551 692 617 794 τὴν
641 703 705 774 τοῦ
731 699 899 796 Σωτῆρος
927 697 1075 803 φωνήν,
1108 708 1129 743 “
1143 688 1224 775 Οῦκ
1253 696 1349 774 ἱστί’
1379 693 1469 797 γὰρ,

268 821 373 922 φησὶ,
401 829 423 866 “
440 816 602 918 μαθητὴς
634 816 721 921 ῦπὲρ
753 816 817 898 τόν
845 818 1099 901 διδάσκαλον.”
1144 816 1262 918 ἐπειδὴ
1291 818 1329 898 δὲ
1356 820 1471 901 οὕτως

97 942 219 1071 {¹3:¹¹5st
267 940 363 1043 ἦσαν
397 943 554 1039 ἀμαθεῖς,
586 944 786 1048 ἀφευδήσει
824 943 889 1042 μὲν
922 946 942 1023 ὁ
974 943 1137 1047 Χριστός
1175 943 1304 1047 τάφοις
1341 940 1502 1033 αῦτοῦς5

267 1067 521 1164 κεκονιαμένοις
549 1066 734 1172 ἐξομοιῶν·
775 1066 990 1147 ἀστειότατα
1017 1068 1054 1147 δὲ
1080 1071 1142 1150 καὶ
1172 1070 1191 1147 ὁ
1221 1073 1371 1151 Παῦλος
1397 1067 1474 1169 ε’ρεῖ

98 1205 167 1252 Am
175 1202 219 1252 SS·
266 1187 357 1292 πρός
383 1189 447 1270 τόν
472 1197 545 1269 τῶν
567 1189 748 1270 Ἰουδαίων
774 1191 971 1293 ἡγούμενον
995 1202 1016 1237 “
1031 1190 1189 1272 Τύπτειν
1215 1225 1260 1272 σε
1287 1188 1419 1289 με’λλει
1449 1191 1469 1268 ό

99 1269 219 1333 Ap.xxiii.

98 1348 122 1396 ς,
266 1325 289 1362 “
307 1313 410 1411 Θεὸς,
430 1321 527 1418 τοῖχε
546 1315 799 1412 κεκονιαμεῦε.”

217 1633 248 1672 11
357 1607 461 1684 Ἀμιίν
488 1608 575 1684 ἀμόν
603 1610 690 1683 λὲτω
717 1633 767 1676 σοι
795 1613 844 1676 ὅτι
871 1613 888 1677 ὅ
917 1606 1053 1686 οἴδαμεν
1081 1615 1243 1686 λαλοῦμεν
1272 1609 1322 1674 καὶ
1351 1611 1369 1675 ὂ

235 1765 252 1806 e
633 1751 827 1839 ἑωράκαμεν
854 1759 1090 1841 μαρτυροῦμεν.
1487 1778 1519 1818 1·

1059 1949 1069 1975 Ι

320 1943 553 2051 Ἀφιλομαθῆ
579 1951 636 2026 καὶ
660 1949 743 2026 λίαν
762 1949 973 2028 ἀπαίδευτον
991 1951 1146 2051 εῦρισκει
1170 1940 1235 2028 τὸν
1258 1947 1468 2048 ἄνθρωπον,

264 2072 322 2149 καὶ
352 2069 411 2149 διὰ
437 2068 584 2169 πολλὴν
611 2072 801 2176 παχύτητα
829 2079 903 2168 νοῦ,
931 2071 1021 2174 πρὸς
1048 2069 1115 2171 τὴν
1142 2078 1215 2152 τῶν
1242 2072 1346 2151 θείων
1374 2074 1466 2171 δογ-

263 2193 388 2294 μάτων
406 2193 616 2300 κατάληψιν
635 2190 832 2292 οὐδαμόθεν
852 2195 902 2274 ἔτι
927 2200 1227 2300 χειραγωγεῖσθαι
1253 2192 1468 2302 δυνάμενον,

264 2319 376 2398 καίτοι
408 2327 546 2420 μακροῦ
579 2322 637 2397 καὶ
669 2317 728 2397 διὰ
763 2319 937 2399 ποικίλων
968 2318 1269 2423 παραδειγμάτων
1300 2323 1468 2418 δαπανη-

265 2442 386 2526 θέντος
423 2439 550 2544 λόγου.
601 2441 684 2521 ὅθεν
716 2439 859 2526 εἰκότως
890 2441 932 2522 τό
964 2444 1007 2522 δι’
1042 2443 1222 2547 ἀκριβείας
1257 2441 1472 2548 ἐξηγεῖσθαι
1488 2477 1519 2517 1·

264 2569 399 2667 παρεὶς,
417 2562 689 2674 ἀπεριεργάστῳ
709 2563 839 2646 λοιπόν
860 2571 904 2672 τῇ
923 2570 1044 2647 πίστει
1069 2564 1310 2666 συμβουλεύει
1337 2569 1472 2670 χρῆναι

231 2696 404 2787 δλαβεῖν,
423 2687 442 2768 ῦ
462 2696 552 2768 νοεῖν
572 2692 613 2768 οῦ
632 2691 790 2770 δύναται·
821 2698 981 2799 μαρτυρεῖ
995 2689 1032 2770 δὲ
1051 2688 1156 2775 αῦτῦς
1175 2690 1300 2770 είδέναι
1319 2696 1469 2795 σαφῶς,

267 2811 286 2893 ῦ
319 2813 428 2915 λε’γει,
460 2818 506 2918 τῇ
540 2821 603 2892 τοῦ
636 2813 836 2914 προσιόπου
867 2815 1078 2921 περιφανείη
1108 2811 1150 2893 τὸ
1182 2813 1382 2915 ἀντιλέγειν
1415 2813 1472 2894 ἔτι

266 2937 432 3017 δεικνύων
464 2936 794 3045 ἐπισφαλέστατον.
840 2940 881 3016 οῦ
914 2936 986 3042 γὰρ
1023 2934 1067 3037 ἦν
1100 2935 1190 3021 είκῦς
1227 2940 1472 3036 ἐπιλελῆσθαι

267 3061 482 3161 Νικόδημον,
502 3059 540 3145 ῦς
563 3060 688 3139 εῖδέναι
714 3063 963 3167 διισχυρίσατο
984 3064 1065 3162 περὶ
1089 3071 1154 3141 τοῦ
1174 3065 1341 3161 Σωτῆρος
1366 3061 1471 3160 ἡμῶν
1486 3095 1519 3134 2·

264 3188 388 3285 Ἰησοῦ
407 3191 587 3287 Χριστοῦ,
607 3184 660 3263 ότι
683 3183 783 3286 παρὰ
803 3191 898 3265 Θεοῦ
926 3183 1079 3286 ἐλήλυθε
1104 3184 1334 3268 διδάσκαλος·
1364 3182 1407 3264 τὸ
1432 3183 1472 3265 δὲ

265 3310 465 3388 ἀντιτείνειν
494 3317 545 3414 τῷ
577 3306 676 3409 παρὰ
710 3315 806 3389 Θεοῦ
836 3312 893 3388 καῖ
924 3316 1018 3416 Θεῷ,
1048 3317 1124 3393 πῶς
1156 3311 1219 3389 οῦκ
1249 3309 1293 3388 ἂν
1325 3309 1472 3411 γε’νοιτο

266 3434 428 3512 κινδύνου
449 3432 610 3531 μεστόν;
649 3435 822 3537 θεομαχία
850 3432 921 3537 γὰρ
949 3433 1017 3533 ἤδη
1043 3433 1085 3513 τὸ
1109 3439 1261 3536 πρᾶγμα
1287 3434 1467 3540 φαίνεται.

265 3555 364 3656 πλὴν
390 3557 509 3636 ῖστεόν
533 3559 691 3635 ε’ντεῦθεν
714 3557 808 3655 ἡμῖν,
828 3558 928 3660 οἵπερ
956 3555 1001 3637 ἀν
1026 3560 1165 3661 ε”χοιμεν
1189 3565 1254 3637 τοῦ
1282 3556 1473 3639 διδάσκειν

234 3679 331 3779 ετῆν
347 3680 526 3786 ἐξουσίαν,
541 3679 595 3759 ότι
613 3686 687 3763 τοῖς
705 3681 827 3782 ἀρτίου
846 3683 902 3760 ε’πὶ
922 3680 963 3760 τό
981 3680 1162 3761 πιστεύειν
1181 3686 1298 3760 ίοῦσιν
1312 3682 1472 3780 ἀμείνων
1488 3719 1519 3758 τ-

265 3806 286 3903 ἡ
304 3807 427 3889 πίστις
445 3806 482 3883 ε’ν
504 3807 635 3887 ἁπλοῖς
653 3811 854 3905 λογισμοῖς,
874 3803 896 3905 ἢ
914 3804 1031 3899 βαθύς
1049 3839 1101 3888 τις
1120 3805 1231 3905 λόγος
1250 3806 1308 3882 καὶ
1326 3839 1471 3908 περιερ-

98 3945 177 3994 ῐῡυτ·
263 3929 394 4031 γοτε’ρα
412 3935 557 4025 μᾶλλον
575 3926 760 4032 ἐξήγησις.
799 3926 955 4029 γάλακτι
980 3927 1018 4007 δὲ
1043 3932 1101 4006 καὶ
1121 3929 1140 4006 ό
1161 3933 1311 4010 Παῦλος
1329 3925 1477 4033 ἐπότιζέ

94 4024 130 4060 m.
146 4025 167 4060 ²⁶
262 4086 371 4148 τινας,
400 4053 499 4131 οὔπω
532 4050 745 4147 δυναμένους
777 4055 850 4130 τῶν
878 4049 1123 4154 στερεωτέρων
1151 4049 1334 4155 μετίσχειν
1362 4058 1468 4155 βρω-

298 4326 323 4373 4.
342 4301 514 4376 διδάσκαλον]
532 4311 559 4368 †
576 4304 654 4357 αῦτοῦ
668 4301 718 4356 Ed.
733 4302 816 4356 invito
831 4301 863 4356 B.
1009 4319 1020 4356 1
1043 4343 1050 4358 .
1068 4304 1106 4356 ἔτι
1119 4300 1352 4376 χειραγωγεῖσθαι]
1368 4303 1472 4378 ε’πιχει·

259 4378 436 4448 ραγωγεῖσθαι
451 4375 482 4429 Β.
616 4374 656 4428 16.
675 4375 769 4427 λοιπὸν
780 4377 811 4441 τῇ
823 4374 911 4427 πίστει
925 4373 975 4428 hoc
987 4391 1018 4426 or
1038 4375 1080 4427 'ne
1095 4373 1127 4427 B.
1256 4391 1299 4429 21.
1317 4373 1414 4443 Ἰησοῦ
1427 4397 1473 4433 as.

251 4446 490 4570 ,ευωρῑιιτμὶκῆ
540 4444 650 4513 εληλυθε
664 4463 718 4499 om.
734 4444 766 4498 Β.
840 4458 883 4513 25.
902 4444 991 4513 ἀρτίον
1004 4444 1036 4499 Β.
1050 4444 1144 4515 ἀρτίως
1157 4443 1208 4509 Ed.
1285 4445 1328 4500 28.
1349 4455 1473 4518 στερεῶν

258 4539 401 4588 μετασχειν
440 4557 446 4570 .
