3038 5018
92 2054 174 2119 Supra

91 2134 143 2168 ver.
154 2132 191 2180 13.

93 2206 108 2271 ,ι’
116 2194 141 2243 S.
149 2194 207 2242 Pet.

92 2274 118 2308 ιι.
132 2274 170 2308 ιτ.

254 291 318 353 718
558 290 596 354 B.
621 288 830 354 CYRILLI
860 285 1149 352 ALEXANDR.
1333 279 1399 344 viii.
1416 296 1458 356 14·

254 488 290 533 τι
318 453 433 534 πάλιν
460 457 519 534 ε’πί
550 454 666 562 τούτῳ
699 453 829 559 φαμέν,
858 452 945 534 ὅταν
973 453 1129 555 ἀγγελος
1159 449 1243 553 είπη
1274 442 1346 545 τὴν
1373 445 1459 525 ἰδίαν

256 579 534 676 κατασημαίνων
554 578 669 683 φύσιν
689 575 875 680 Ἀγγελός
902 583 983 672 εἰμι·
1014 581 1043 656 εἰ
1072 577 1131 654 καὶ
1159 572 1248 652 όταν
1271 570 1460 672 ἅνθρωπος

254 703 358 782 τοῦθ’
385 701 474 805 ὅπερ
502 705 602 782 ε’στίν
626 701 854 782 ἐπιδεικνύων
877 701 977 803 λέγει
997 695 1217 801 ’Ἄνθρωπός
1244 700 1332 794 εἰμι·
1362 691 1460 773 ἀλλὰ

221 829 313 905 1)καί
342 825 451 909 εἴτις
480 826 571 933 ήλίιρ
599 827 755 928 περιθείη
784 825 919 931 φωνήν,
948 821 1022 904 εἶτα
1049 826 1207 906 κάκεῖνος
1235 824 1304 919 τῆς
1336 819 1460 898 ἑαυτοῦ

256 950 403 1056 φύσεως
429 948 472 1030 τὸ
500 949 588 1029 ἴδιον
612 947 832 1029 ἐκδιδάσκων
850 948 960 1050 Ἐγὼ,
987 948 1085 1053 φαίη,
1104 945 1168 1025 τὸν
1188 941 1358 1046 ούράνιον
1380 945 1488 1026 δια-5

256 1075 348 1154 θέων
374 1073 516 1170 κύκλον,
543 1072 713 1175 λαμπρόν
739 1074 869 1178 ἀφίημι
898 1078 976 1177 φῶς
1003 1077 1077 1155 τοῖς
1105 1070 1162 1149 έττί
1189 1073 1253 1165 τῆς
1283 1071 1365 1169 γῆς·
1396 1067 1460 1169 οὐχ

256 1201 370 1304 ἑαυτῷ
403 1232 455 1279 τις
488 1194 597 1276 αὐτόν
629 1193 675 1275 τά
706 1195 756 1296 μὴ
788 1193 977 1298 προσόντα
1013 1200 1215 1298 μαρτυρεῖν,
1247 1193 1337 1270 ἀλλ’
1373 1190 1461 1291 ὅπερ

257 1321 369 1405 ὅντως
394 1322 472 1400 έστί
499 1319 590 1400 κατὰ
615 1319 740 1426 φύσιν,
759 1317 917 1420 εὐλόγως
942 1317 1112 1419 οἰήσεται.
1149 1312 1214 1396 τόν
1232 1314 1345 1395 αὐτὸν
1363 1312 1460 1412 οἶμαι

256 1442 392 1547 τρόπον
411 1446 471 1523 καί
487 1446 544 1524 ἐπὶ
564 1453 628 1523 τοῦ
649 1447 816 1546 Σωτῆρος
835 1443 937 1542 ἡμῶν
952 1448 1127 1545 Χριστοῦ,
1147 1438 1216 1520 κάν
1234 1445 1317 1544 φῶς
1335 1437 1461 1518 ἑαυτὸν

257 1564 345 1647 εἰναι
364 1567 466 1673 λέγη,
477 1567 632 1668 τάληθὲς
650 1571 729 1669 ἐρεῖ,
743 1569 801 1646 καί
820 1564 921 1646 οὐδέν
937 1566 1045 1667 ἦττον
1063 1565 1195 1672 ἔξωθεν
1208 1561 1460 1666 ἐπικομπόζων
1473 1593 1500 1633 10

258 1690 453 1770 ἁλώσεται.
486 1692 527 1770 ού
546 1691 711 1774 συνέντες
727 1699 918 1792 τοιγαροῦν
936 1690 1001 1769 τὸν
1017 1686 1253 1789 Ἐμμανουήλ
1273 1693 1307 1767 οἰ
1325 1688 1461 1768 πολλοὶ

228 1811 434 1915 οσυζῶντες
453 1815 679 1920 ἀπαιδευσίᾳ,
694 1814 902 1920 φιλοδοξεῖν
919 1812 984 1911 μὲν
1002 1813 1110 1892 αι’ττὸν
1124 1809 1460 1911 ὑπολαμβάνουσιν,

259 1941 307 2022 ὡς
330 1939 381 2017 ἑνί
406 1934 444 2017 δέ
468 1944 541 2017 τῶν
560 1938 642 2018 καθ’
662 1939 755 2037 ἡμᾶς
779 1936 999 2044 ἐπιφύονται,
1018 1938 1078 2017 καὶ
1103 1938 1143 2016 ού
1169 1937 1460 2040 καταπεφρίκασι

259 2062 427 2163 λέγοντες
459 2071 481 2108 “
499 2062 550 2141 Ἡ
582 2061 758 2165 μαρτυρία
790 2095 860 2140 σου
894 2062 957 2140 οὐκ
990 2060 1091 2141 ἔστιν
1120 2058 1298 2160 ἀληθής,”
1328 2064 1382 2166 τῷ
1412 2056 1460 2158 μὴ

260 2186 366 2266 εἰδότι
391 2184 433 2266 τὸ
459 2186 673 2292 φεύδεσθαι·
704 2186 746 2264 οὐ
769 2183 841 2288 γὰρ
860 2194 882 2233 “
896 2185 1021 2288 εὑρέθη
1046 2183 1152 2269 δόλος
1176 2186 1214 2264 έν
1233 2190 1286 2290 τῷ
1304 2182 1461 2280 στόματι
1473 2206 1499 2267 ¹5

260 2321 281 2360 “
300 2311 439 2407 αὐτοῦ,”
461 2307 554 2390 καθά
581 2309 793 2412 γέγραπται.
833 2311 918 2388 ἀλλ’
941 2308 1009 2390 ἔδει
1035 2308 1148 2391 πάλιν
1176 2306 1274 2389 πολὺ
1304 2307 1349 2408 δή
1378 2309 1461 2386 λίαν

259 2438 323 2533 τῆς
351 2435 520 2532 ἀληθείας
547 2434 862 2538 ἀπεσφαλμένους,
888 2437 947 2512 καί
975 2436 1249 2538 ἀποφοιτῶντας
1276 2439 1342 2510 τοῦ
1370 2431 1460 2534 πρέ·

260 2591 390 2640 ποντος
414 2565 597 2659 λογισμοῦ
623 2561 893 2661 χειραγωγήσαι
917 2555 1000 2641 τοῦς
1024 2555 1280 2652 πλανωμένους
1299 2558 1358 2634 καῖ
1380 2559 1460 2634 ἀνε·

262 2678 415 2786 ξικάκως
433 2681 488 2760 ότι
506 2690 570 2760 τοῦ
588 2681 788 2782 πρέποντος
808 2679 1091 2783 διημαρτήκασιν
1109 2685 1232 2776 εἰπεῖν,
1253 2686 1307 2786 τῷ
1326 2679 1462 2759 ἀνωθεν

262 2803 338 2883 ὅντι
371 2807 429 2884 καὶ
456 2807 493 2885 ἐκ
523 2810 619 2884 θεοῦ
649 2803 795 2907 Πατρός
823 2804 1077 2912 γεγεννημένῳ,
1101 2800 1144 2884 τὸ
1172 2806 1230 2883 καί
1260 2801 1461 2910 ψεύδεσθαι
1472 2830 1498 2873 νο

264 2934 383 3035 φιλεῖν
411 2929 565 3012 ἀνοσίως
596 2929 867 3034 ἐπιγράφοντες.
922 2925 1045 3021 ἀληθής
1079 2925 1150 3031 γάρ
1182 2929 1300 3032 φησίν
1328 2930 1418 3009 ἐστιν
1445 2933 1461 3022 ἦ

229 3050 326 3157 ᾶὲμή
345 3057 508 3159 μαρτυρία
530 3052 593 3132 κῖιν
612 3050 680 3154 ῖγά
698 3051 853 3160 μαρτοραῖ
876 3059 946 3158 περὶ
974 3053 1130 3158 ἐμαυτοῦ.
1172 3051 1376 3156 ἀνθρώποις
1400 3051 1461 3150 μέν

263 3174 335 3279 γὰρ
362 3178 401 3254 ἐκ
430 3177 621 3281 φιλαυτίας
648 3175 728 3256 ἴσθ’
749 3177 808 3257 ὅτε
836 3174 878 3256 τὸ
907 3174 1025 3257 θέλειν
1049 3177 1185 3259 ἑαυτοῖς
1212 3179 1462 3278 ἐπιμαρτυρεῖν

263 3299 309 3380 τὰ
338 3299 537 3398 κάλλιστα,
566 3300 632 3381 κάν
660 3306 689 3380 εἰ
716 3300 766 3401 μὴ
794 3300 935 3404 τύχοιεν
963 3299 1113 3405 ἔχοντες,
1140 3301 1265 3401 ὁρᾶται
1292 3334 1458 3403 προσπε-

266 3423 388 3529 φυκός·
427 3423 616 3508 εύόλισθος
643 3423 715 3527 γὰρ
742 3430 790 3508 εἰς
817 3423 859 3504 τό
890 3432 1033 3532 φαῦλον
1063 3425 1083 3523 ή
1113 3423 1236 3529 φύσις·
1281 3423 1369 3503 ἀλλ’
1401 3426 1497 3506 οῦκνι

265 3551 351 3648 ε’μοί,
372 3551 476 3653 φησί,
495 3546 536 3626 τὸ
557 3547 731 3628 δύνασθαι
750 3546 862 3629 ταύτὰ
880 3547 1058 3651 πρόσεστι
1078 3555 1197 3628 νοσεῖν
1215 3554 1289 3630 τοῖς
1308 3546 1383 3629 ἀπὸ
1402 3552 1462 3646 τῆς

266 3676 343 3774 γῆς.
383 3666 459 3752 οἰδα
477 3668 549 3773 γάρ
567 3669 663 3751 τίθεν
682 3671 764 3770 εἰμί·
798 3678 877 3776 φῶς
895 3676 933 3752 ε’κ
952 3671 1073 3778 φωτός
1091 3668 1271 3773 δηλονότι,
1292 3675 1352 3751 καί
1371 3670 1461 3754 θεὸς

266 3794 436 3896 ἀληθινός
460 3796 498 3875 ἐκ
521 3801 616 3875 θεοῦ
636 3792 781 3897 Πατρός
806 3797 979 3896 ἀληθινοῦ
1005 3797 1142 3889 ἀβατον
1160 3796 1346 3879 ἀσθενείας
1372 3796 1463 3901 έχων

266 3918 474 4027 τὴνφύσιν.
513 3925 542 3998 εἰ
570 3916 641 4022 γὰρ
669 3922 727 3998 καὶ
755 3919 944 4023 ἅνθρωπος
966 3918 1100 4021 γέγονά
1125 3932 1218 4026 φησι
1243 3918 1303 3998 διὰ
1329 3919 1397 4020 τὴν
1419 3926 1464 4002 εἰς

304 4188 329 4240 3.
349 4170 417 4223 τοῦθ
433 4170 466 4224 Β.
478 4174 555 4223 τοῦτο
569 4168 619 4223 Ed.
709 4183 735 4239 5.
754 4175 806 4224 τῶν
817 4171 925 4239 οὐρανὸν
937 4170 1045 4225 διαθέων
1057 4171 1155 4225 κύκλων
1168 4170 1200 4224 Β.
1294 4187 1337 4225 10.
1356 4172 1464 4241 τάληθές

268 4241 347 4294 edidi.
361 4264 391 4308 τη
404 4241 512 4308 ταληθίς
527 4240 559 4294 Β.
572 4262 597 4294 τι
609 4240 704 4309 ἀληθές
718 4241 809 4294 Holst.
822 4241 916 4309 ἀληθὲς
928 4241 980 4295 Ed.
1102 4258 1142 4296 11.
1160 4239 1270 4312 πολλοὶ]
1284 4242 1465 4312 legendumne

267 4315 374 4378 πολλῇἰ
449 4314 489 4366 18.
510 4313 584 4366 Haec
597 4312 1162 4382 χειραγωγήσαι-πρέποντοςοςςυωρῒαειτ
1176 4311 1199 4364 Β
1212 4329 1268 4382 mg.
1352 4331 1395 4383 19.
1414 4315 1466 4381 διη·

267 4382 427 4450 μαρτήκασιν
441 4383 472 4435 Β.
486 4383 685 4451 διημαρτηκότας
698 4380 848 4436 emendavit
860 4383 941 4449 Aub.,
955 4401 983 4437 ee
995 4383 1026 4450 δή
1038 4381 1214 4451 ἡμαρτήκασιν
1225 4384 1313 4454 legere
1325 4383 1466 4438 adnotant.

270 4471 312 4506 21.
332 4453 404 4507 ἐστιν
416 4464 584 4522 assumptum
597 4471 629 4505 ex
644 4453 676 4506 B.
761 4468 803 4523 25.
823 4452 882 4524 οὐκ]
900 4455 970 4518 «γέν
985 4454 1033 4509 Ht.
1047 4454 1098 4508 Ed.
1112 4453 1194 4508 invito
1209 4452 1242 4508 B.
1326 4455 1370 4509 26.
1389 4456 1467 4510 ταύτὰ

269 4523 392 4578 emendat
407 4525 504 4594 Heyee.
517 4527 597 4577 ταῦτα
610 4523 642 4578 Β.
657 4523 708 4577 Ed.
