3038 5018
244 247 309 312 ⁷28
547 250 586 315 Β.
610 250 817 315 CYRILLI
847 248 1138 316 ALEXANDR.
1308 243 1376 309 viii.
1394 261 1442 326 19·

246 412 484 519 ἀποφέρουσα
503 413 569 515 τὴν
586 419 668 518 περὶ
686 423 751 495 τοῦ
770 412 927 517 Πατρός,
946 404 971 495 ό
983 414 1083 497 Υἱός.
1124 414 1217 492 οὕτω
1242 410 1304 491 καί
1326 416 1445 513 φησιν

97 584 104 596 ·
161 619 167 634 ,
248 546 270 583 “
289 537 418 622 Οὐδεὶς
443 537 583 643 ἐρχεται
600 536 692 644 πρὸς
710 536 775 619 τόν
794 539 951 643 Πατέρα,
969 544 999 618 εῖ
1017 535 1067 638 μὴ
1086 539 1128 616 δι’
1148 535 1267 634 ἐμοῦ·”
1298 538 1352 613 δεῖ
1372 529 1445 634 γάρ

246 657 422 763 πρότερον
448 661 541 762 ἡμᾶς
570 666 608 742 τί
635 661 727 743 κατά
758 662 874 769 φύσιν
903 665 1003 741 ἐστὶν
1032 664 1052 742 ὁ
1080 658 1181 757 Υἱός,
1211 656 1303 738 κατά
1331 691 1373 758 γε
1402 654 1446 734 τὸ

247 785 441 890 ἐγχωροῦν,
460 788 635 890 ἐκμαθεῖν,
654 784 719 868 εἷθ’
739 790 851 872 οὕτως
870 790 917 871 ὡς
936 786 980 893 ἐξ
996 784 1128 868 εἰκόνος
1144 787 1201 863 καὶ
1221 785 1447 887 χαρακτῆρος

79 924 199 982 ΜΔ.
218 909 510 1012 νάκριβεστάτου
532 917 690 990 συνεῖναι
712 917 833 995 καλῶς
855 909 897 990 τὸ
923 909 1133 1014 ἀρχέτυττον.
1173 910 1299 1009 ὁρᾶται
1327 902 1399 1005 γάρ
1425 904 1479 983 ὁ5

249 1031 379 1138 Πατὴρ
396 1036 435 1113 ἐν
452 1039 540 1141 Υῖῷ,
560 1037 617 1114 καὶ
634 1032 795 1138 καθάπερ
813 1037 851 1114 ἐν
869 1032 1037 1141 ἐσόπτρερ
1055 1039 1101 1136 τῇ
1119 1041 1183 1112 τοῦ
1202 1032 1290 1111 ίδίου
1313 1026 1443 1131 γεννή-

248 1192 360 1258 ματος
388 1157 499 1263 φιίσει
528 1157 761 1264 διαφαίνεται.
800 1163 830 1238 εῖ
860 1157 898 1237 δέ
924 1166 1030 1237 τοῦτο
1058 1154 1201 1256 ἀληθὲς,
1229 1153 1354 1255 ὥσπερ
1383 1153 1446 1230 οὖν

247 1282 349 1360 ἐστιν
380 1280 524 1382 ἀληθές,
556 1281 795 1362 δυσωπεῖσθω
831 1280 945 1362 πάλιν
981 1283 1001 1360 ὁ
1038 1279 1215 1384 θεομάχος
1245 1275 1443 1379 Ἀρειανός.

249 1403 387 1506 ἀνάγκη
411 1403 484 1508 γάρ
509 1404 632 1502 ὅμοιον
654 1403 740 1486 εἶναι
766 1404 857 1485 κατά
884 1404 1002 1486 πάντα
1027 1403 1141 1506 λόγον
1165 1438 1202 1481 τε
1229 1405 1286 1481 καὶ
1311 1399 1447 1503 τρόπον

249 1528 346 1635 αὐτῷ
363 1524 427 1607 τὸν
442 1533 651 1633 χαρακτῆρα
668 1535 731 1629 τῆς
749 1530 874 1614 οὐσίας
892 1530 1010 1625 αὑτοῦ,
1025 1528 1083 1607 ἵνα
1102 1527 1151 1626 μὴ
1170 1524 1289 1628 ἕτερόν
1308 1560 1343 1606 τι
1362 1525 1445 1624 παρ’
1465 1551 1499 1590 10

249 1649 338 1755 ὅπερ
370 1653 472 1731 ἐστὶν
504 1653 525 1731 ὁ
559 1652 688 1756 Πατὴρ
726 1651 1026 1753 καταλαμβάνηται
1062 1656 1101 1732 ἐν
1128 1657 1206 1758 Υίῴ
1242 1647 1448 1746 διαλάμπου

249 1774 539 1878 ἀπαραποιῆτως
570 1781 629 1856 καὶ
647 1783 677 1857 εῖ
695 1780 822 1884 ἀγαπᾷ
841 1775 883 1857 τό
906 1780 943 1857 ἐν
961 1783 1040 1883 Υίῴ
1065 1774 1301 1878 γνωρίζεσθαι
1328 1776 1385 1853 καὶ
1411 1775 1449 1851 ἐν

250 1901 347 2007 αὐτῷ
375 1902 635 2007 διαφαίνεσθαι,
664 1898 807 1985 πάντως
835 1900 951 2002 δήπου
978 1906 1035 1981 καὶ
1064 1900 1267 1998 ὁμοοόσιον,
1296 1900 1355 1977 καὶ
1385 1900 1450 1995 τῆς

216 2023 403 2124 Βένοιῖσης
420 2025 516 2132 αὐτῷ
542 2023 650 2132 δόξης
676 2022 768 2105 οἶδεν
786 2024 873 2106 ὄντα
891 2027 967 2106 κατ’
987 2025 1087 2105 οὐδὲν
1106 2024 1201 2109 ὅλως
1220 2024 1374 2128 χείρονα·
1408 2023 1450 2100 οὐ

251 2145 325 2250 γάρ
349 2144 393 2225 ἀν
411 2146 591 2248 ἠθέλησεν
613 2151 650 2228 ἐν
668 2150 860 2230 ἐλάττοσιν
879 2146 966 2230 εῖναι
989 2149 1236 2245 πιστεύεσθαι,
1255 2147 1338 2249 παρ’
1360 2146 1450 2248 ὅπερ
1467 2170 1504 2232 15

251 2272 332 2351 ἐστὶ
362 2269 453 2351 κατά
481 2270 596 2378 φάσιν
623 2272 739 2357 αὐτός.
788 2274 906 2374 ἐπειδὴ
938 2272 975 2354 δέ
1008 2282 1114 2354 τοῦτο
1147 2274 1206 2352 καὶ
1237 2275 1362 2377 ἀγαπᾷ
1391 2275 1451 2349 καὶ

251 2394 484 2496 βεβούληται,
519 2402 597 2479 πῶς
636 2399 700 2477 οὐκ
735 2395 874 2500 ἀνάγκη
911 2396 1041 2478 λοιπόν
1075 2397 1198 2496 ὅμοιον
1235 2392 1322 2474 εἶναι
1358 2393 1451 2473 κατὰ

251 2517 372 2600 πάντα
404 2518 539 2623 τρόπον
568 2523 761 2623 ὁμολογεῖν
788 2528 839 2630 τῷ
868 2524 988 2627 Πατρὶ
1016 2518 1081 2601 τὸν
1107 2519 1208 2617 Υίὸν,
1238 2521 1296 2600 ἵνα
1323 2553 1377 2602 τις
1405 2519 1449 2598 δι’

253 2643 362 2723 αὐτοῦ
389 2643 551 2751 γινῶσκη
579 2648 638 2725 καὶ
668 2643 732 2725 τὸν
758 2643 966 2750 γεννήτορα,
993 2643 1154 2747 καθάπερ
1182 2643 1251 2744 ἤδη
1279 2642 1447 2745 προειρή-

254 2800 377 2865 καμεν,
395 2765 468 2848 ἀπὸ
487 2771 551 2867 τῆς
573 2765 706 2853 εἰκόνος
733 2770 790 2849 ἐπὶ
815 2767 858 2848 τὸ
878 2770 1084 2874 ,ἀρχέτυπον
1102 2769 1306 2862 ἀναβαίνων
1323 2768 1451 2867 ὀρθῶς,
1469 2798 1509 2840 20

253 2889 524 2996 ἀκατηγόρητον
542 2892 633 2996 ἔχειν
655 2890 800 2992 δύνηται
824 2891 892 2992 τὴν
909 2895 967 2973 ἐπὶ
992 2889 1058 2992 τὴν
1077 2892 1184 2994 ἁγίαν
1201 2890 1341 2993 Τριάδα
1368 2890 1450 2968 διά-

255 3019 384 3119 ληψιν.
425 3017 518 3095 οὕτω
545 3013 612 3115 μέν
640 3017 703 3096 οὖν
730 3017 750 3095 ό
778 3016 970 3119 γινώσκων
995 3013 1059 3095 τὸν
1077 3013 1178 3112 Υῖὸν,
1201 3012 1273 3095 οῖδε
1301 3018 1358 3093 καὶ
1387 3014 1453 3094 τὸν

226 3137 416 3244 οΠατέρα.
458 3137 619 3220 κατανόει
645 3137 682 3220 δέ
709 3139 806 3226 ὅπως
828 3139 919 3241 μετά
938 3149 1001 3221 τοῦ
1019 3141 1140 3242 λέγειν
1158 3137 1203 3217 τά
1223 3142 1341 3239 ἀληθῆ
1360 3138 1454 3240 πρὸς

254 3264 446 3348 Ἰουδαίους
472 3267 492 3343 ὁ
516 3264 658 3369 Κύριος,
677 3266 741 3344 καί
761 3300 842 3346 τινα
867 3266 995 3372 τέχνηυ
1013 3264 1136 3368 ἑτεραν
1154 3263 1375 3365 παραπλέκει
1402 3268 1455 3369 τῷ

255 3383 367 3493 λόγῳ·
390 3394 522 3493 σαφῶς
540 3387 612 3491 γάρ
631 3389 740 3469 είπῶν
751 3390 841 3471 Οὔτε
860 3390 918 3496 ἐμὲ
939 3385 1048 3470 οἴδατε
1067 3388 1137 3469 τότε
1155 3389 1206 3469 τδι
1222 3385 1359 3494 Πατέριι
1377 3424 1455 3491 μου,
1472 3413 1510 3472 25

254 3507 319 3589 τὸν
336 3516 409 3589 τῶν
427 3511 607 3592 Ἰουδαίων
625 3510 815 3618 ιῖπεξέλκει
834 3521 918 3592 νοῦν
936 3518 984 3597 εῖς
1001 3511 1043 3592 τὸ
1064 3510 1115 3611 μὴ
1133 3510 1227 3611 μόνα
1245 3515 1326 3616 περὶ
1344 3512 1456 3591 αι’ττοῦ

254 3640 401 3738 φρονεῖν
418 3633 464 3715 τά
489 3634 705 3738 ἀνθρώπινα,
725 3636 815 3736 μήτε
832 3636 905 3737 μὴν
923 3636 1061 3717 οἴεσθαι
1078 3634 1170 3717 κατά
1188 3635 1359 3734 ἀλήθειαν
1379 3634 1458 3715 υἱόν

254 3754 363 3837 αὐτὸν
384 3755 471 3839 εἶναι
497 3766 561 3839 τοῦ
580 3756 724 3867 Ἰωσὴφ
748 3762 1053 3868 παραληφθέντος
1078 3766 1318 3858 οἰκονομικῶς,
1340 3760 1458 3861 ζητεῖν

254 3879 293 3961 δέ
310 3887 457 3981 μᾶλλον
476 3886 533 3962 καί
551 3882 865 3986 περισκέπτεσθαι,
883 3885 937 3969 τίς
954 3883 1020 3983 μέν
1038 3887 1058 3965 ὁ
1077 3888 1115 3965 ε’ν
1132 3889 1177 3990 τῇ
1196 3886 1306 3988 σαρκὶ
1323 3882 1458 3986 Λόγος,

254 4004 308 4090 τίς
327 4003 365 4085 δέ
385 4007 405 4084 ὁ
424 4005 552 4085 τούτου
571 4005 663 4086 κατά
682 4008 797 4113 φύσιν
817 4006 956 4112 Πατήρ.
1475 4048 1513 4106 30

291 4193 318 4241 4.
344 4174 462 4244 ἐκμαθεῖν
484 4177 565 4231 ΒΜ.
586 4176 708 4245 ἐμμαθεῖν
728 4179 819 4235 Holst.
840 4179 892 4235 Ed.
958 4180 993 4237 ὣς
1016 4179 1099 4235 ΒΜ.
1120 4178 1201 4233 Cord.
1223 4181 1312 4249 ὥσπερ
1333 4179 1383 4233 Ht.
1405 4180 1460 4235 Ed.

255 4258 284 4369 ᾗ
302 4249 416 4369 σρνεῖναι
427 4248 514 4371 (φῶρα.
528 4247 615 4372 cord(i
624 4249 737 4374 συρχένρι
749 4249 800 4374 ξι.
814 4250 866 4306 Ed.
1000 4251 1128 4341 1o3m'srq‘»
1142 4251 1200 4304 BA.
1216 4250 1263 4337 Ηφ.
1276 4249 1367 4372 ‹n'arotl‘a1
1368 4268 1383 4304 e
1397 4250 1460 4306 Cat.

287 4334 424 4370 ar.emen
445 4336 529 4371 avlsse
542 4337 597 4372 sea
616 4337 652 4373 no
681 4329 692 4374 t
730 4339 748 4374 u
770 4360 778 4375 .
909 4338 951 4375 11.
970 4323 1115 4392 διαλαμπον
1128 4321 1161 4375 B.
1175 4322 1327 4389 διαλαμπον
1371 4331 1391 4373 t.
1406 4321 1460 4376 Ed.

255 4387 476 4457 ὑπολαρβάνητοι·
496 4388 647 4457 διαλάμπειν
658 4389 856 4459 ἀπαραποιότως
867 4390 895 4446 ἐν
906 4393 952 4462 ulfi
965 4409 989 4445 a.
1061 4410 1104 4446 τι.
1124 4393 1227 4460 δύνηται
1241 4392 1273 4447 Β.
1288 4390 1337 4445 Ht.
1351 4389 1462 4447 δύναται

256 4458 330 4514 Aub.
439 4475 481 4514 22.
502 4460 543 4514 καὶ
555 4470 725 4532 assumptum
737 4479 769 4515 ex
784 4461 816 4516 B.
925 4460 967 4516 26.
986 4461 1125 4533 ὕφεξέλκα
1137 4462 1209 4517 Διὼ.

698 4587 812 4639 ΔΟΞΑ
848 4590 1012 4638 ΧΡΙΣΤΩ.
