3038 5018
58 293 112 359 vii.
126 311 179 379 50,
192 311 243 380 51.
277 296 334 360 IN
364 296 397 362 S.
422 296 677 363 JOANNEM.
723 297 818 362 LIB.
835 298 875 363 V.
921 296 1097 362 CARII.
1195 296 1258 359 707

59 466 204 538 τοιαῦτα
229 469 362 559 σημεῖα
383 470 508 562 ποιεῖν,
527 470 556 542 εἰ
581 462 631 563 μὴ
652 460 748 543 θεόν
766 464 840 567 έχοι
857 465 936 562 μεθ’
958 463 1099 557 ἐαυτοῦ,
1120 457 1288 542 ποῖνταςίι
1307 473 1424 530 4⁸2A·

59 577 155 678 οἶμαι
174 590 310 682 μαθεῖν,
329 594 436 665 τοῦτο
460 594 590 693 σαφῶς
617 585 795 689 εἰρηκότος
820 589 857 666 ἐν
876 590 972 691 ἀρχῇ
997 592 1061 664 τοῦ
1085 582 1259 685 μακαρίου

61 707 349 808 Εύαγγελιστοῦ.
391 710 689 808 συντεθαυμακῶς
718 719 908 813 τοιγαροῦν
935 717 1007 793 τοῖς
1040 709 1163 813 ὄχλοις
1195 705 1259 785 τὸν

60 828 215 927 Ἰησοῦν,
246 832 515 932 ῦποπλήττεταί
541 869 618 918 πως
647 832 821 938 ἐπάρατος
853 831 923 913 σῦν
953 836 1096 915 ἐκείνοις
1124 834 1256 911 ἀποκε·

28 953 245 1053 5κλημένος.
282 956 396 1037 δεινόν
420 957 491 1059 γάρ
519 960 710 1039 ἀναπεῖσαι
738 958 780 1038 τῦ
807 956 967 1041 συνειδὸς
995 960 1033 1036 ἐν
1060 963 1133 1037 τοῖς
1160 953 1260 1056 παρὰ

60 1079 208 1178 γνώμην
225 1081 377 1181 ἠρεμεῖν.
420 1085 468 1164 ὡς
491 1084 553 1160 οῦν
572 1085 629 1161 ἐπὶ
652 1083 768 1189 τούτῳ
795 1081 1051 1181 λελυπημένος,
1070 1077 1259 1180 άντεπάγει

60 1200 126 1299 τὴν
146 1202 231 1302 ’ίσην
249 1205 353 1304 ὕβριν
372 1206 501 1302 αὐτοῖς,
520 1208 689 1310 ἐμφανῶς
707 1204 772 1303 μέν
791 1208 902 1302 ούπω,
922 1205 1045 1307 λόγοις
1064 1201 1103 1283 δέ
1122 1208 1195 1284 τοῖς
1221 1202 1259 1280 ἐκ

62 1323 172 1423 νόμου
190 1327 231 1405 τὸ
250 1326 401 1407 πιθανὸν
415 1328 582 1434 ἔχουσαν,
598 1331 655 1408 καί
674 1331 717 1408 ού
736 1328 884 1435 σφόδρα
900 1327 1040 1428 γυμνὴν
1054 1325 1260 1432 άντεξάγων

61 1447 127 1547 τὴν
154 1450 413 1552 ἀγανάκτησιν.
453 1462 517 1532 τοῦ
544 1455 616 1556 γάρ
645 1452 764 1552 νόμου,
789 1454 915 1557 φησὶν,
939 1453 995 1559 ἐφ’
1020 1451 1161 1556 ἐκάστερ
1188 1455 1293 1527 τῶνί)

11 1597 49 1636 ¹⁰
62 1571 282 1675 ζητουμένων
310 1577 533 1680 πραγμάτων
560 1577 603 1657 τό
629 1588 650 1625 “
671 1579 742 1657 Καὶ
770 1562 994 1680 ἐκζητήσεις”
1018 1579 1172 1676 ἀκριβῶς
1203 1575 1260 1650 καί
1305 1558 1403 1686 ῗξῗιχ

62 1706 205 1804 σαφῶς,
227 1703 255 1778 εἰ
273 1700 397 1802 γέγονε
417 1699 459 1780 τὸ
478 1708 629 1803 πρᾶγμα
648 1710 763 1797 τοῦτο,
781 1709 855 1785 τοῖς
874 1697 1055 1800 δικάζουσι
1074 1699 1259 1799 λέγοντος,

61 1830 233 1922 προαλῶς
250 1825 474 1926 κατεκρίνατε
494 1823 576 1908 τοῦς
602 1827 702 1904 ούπω
728 1823 962 1923 κεκλημένους
988 1829 1035 1905 εἰς
1055 1821 1184 1925 κρίσιν,
1203 1821 1261 1898 καί
1338 1890 1341 1897 .

61 1948 147 2046 πρίν
172 1981 206 2025 τι
234 1953 307 2026 τῶν
331 1950 414 2049 παρ’
439 1948 579 2027 ἐκείνων
605 1951 759 2027 οἰκοῦσαι
785 1947 965 2049 ῥημάτων,
983 1944 1262 2050 προχειροτάτην

63 2070 155 2148 ούτω
180 2069 246 2169 τὴν
264 2075 394 2176 φηφον
416 2070 576 2171 ἐπάγετε.
620 2074 715 2170 ὑμεῖς
741 2073 804 2152 οῦν
823 2071 904 2173 ἄρα,
923 2073 1048 2178 φησὶν,
1069 2073 1101 2148 οἰ
1125 2068 1257 2168 άληθέ·

12 2222 50 2282 15
63 2225 194 2294 στερον
212 2193 381 2295 ἐπάρατοι
399 2204 706 2298 καταφρονοῦντες
728 2204 792 2274 τοῦ
815 2194 934 2294 νόμου.
972 2195 1171 2295 γέγραπται
1190 2191 1262 2294 γάρ

64 2326 84 2361 “
101 2316 386 2420 Ἐπικατάρατος
404 2325 475 2401 πῶς
495 2317 534 2403 ῦς
553 2321 617 2398 ούκ
636 2318 774 2416 ἐμμένει
793 2325 886 2398 πᾶσι
908 2325 981 2403 τοῖς
1004 2317 1261 2420 γεγραμμένοις

63 2448 86 2486 “
103 2443 140 2518 ἐν
158 2447 210 2547 τῷ
227 2443 362 2548 βιβλίῳ
382 2452 445 2521 τοῦ
464 2441 575 2542 νόμου
592 2441 720 2521 τούτου
738 2450 802 2521 τοῦ
820 2446 968 2539 ποιῆσαι
988 2441 1111 2520 αύτά.”
1151 2441 1193 2517 δι’
1212 2436 1261 2518 ῶν

1307 2306 1363 2357 Gal.
1377 2306 1412 2356 ii.

1309 2386 1340 2421 10
1351 2389 1365 2421 e

1307 2438 1386 2487 Dent.

1306 2504 1383 2553 xxvii.
1391 2505 1429 2556 τό.

64 2560 103 2641 δέ
131 2561 243 2644 πάλιν
270 2569 465 2665 ἀγανακτεῖ
490 2563 792 2666 καταδικαζόντων
819 2573 884 2645 τοῦ
911 2564 1024 2664 δήμου
1051 2571 1124 2644 τῶν
1143 2569 1291 2665 <bam-0

242 2687 252 2715 λ
313 2687 322 2713 Ι
427 2687 439 2714 ἱ

65 2690 180 2768 σαίων
199 2692 258 2767 δια
275 2723 386 2788 μονον
402 2723 444 2768 το
463 2686 648 2789 θαυμάσαι
666 2687 730 2768 τὸν
746 2690 902 2788 Ἰησοῦν,
922 2691 1032 2789 δῆλος
1055 2687 1100 2767 εἰν
1117 2688 1169 2788 εἰη
1188 2694 1262 2772 τοῖς

13 2847 52 2887 20
65 2811 277 2891 πιστεύουσι
304 2818 494 2890 συναινῶν.
538 2811 625 2892 αἰδῶ
653 2809 716 2910 μέν
742 2811 813 2913 γάρ
840 2812 892 2891 ἐτι
919 2819 1039 2892 νοσῶν
1063 2811 1260 2916 ἐπιζήμιον,

66 2937 165 3015 ούπω
198 2969 237 3014 τε
274 2934 430 3036 κεράσας
467 2942 518 3044 τῷ
554 2934 652 3043 ζήλῳ
690 2936 755 3034 τὴν
787 2937 1001 3040 παῤῥησίαν,
1030 2935 1170 3038 γυμνὴν
1198 2938 1265 3040 ούχ

65 3061 220 3161 ὁρᾶσθαι
256 3058 322 3159 τὴν
357 3063 510 3139 ἐνοῦσαν
548 3062 644 3168 αὐτῷ
679 3059 806 3140 πίστιν
840 3061 977 3165 ἐφίησι,
1016 3065 1189 3168 σκοτεινῷ
1227 3056 1264 3138 δέ

65 3182 190 3288 ῶσπερ
218 3184 342 3292 οἰμφίῳ
369 3218 414 3288 τη
443 3186 629 3288 ὑποκρίσει
655 3183 874 3288 περιβαλὼν,
903 3183 1072 3265 λανθάνει
1103 3218 1180 3267 πως
1212 3182 1263 3262 ἐτι

66 3307 318 3410 συναγορεύων
336 3312 503 3415 Χριστῷ·
533 3307 695 3412 χαλεπὸν
718 3309 752 3387 δ’
774 3309 836 3387 οῦν
858 3308 955 3407 ὅμως
980 3307 1125 3407 νόσημα
1148 3313 1259 3386 νοσεῖ.

15 3465 52 3526 25
66 3430 136 3537 χρὴ
161 3429 232 3535 γοίρ
257 3430 437 3511 πιστεύειν
454 3428 724 3529 ἀνυποστόλως,
744 3432 990 3537 καυχωμένους
1007 3438 1153 3530 μᾶλλον
1171 3429 1263 3532 ἤπερ

25 3662 28 3667 η
65 3555 354 3660 αἰσχυνομένους,
382 3558 438 3635 καί
469 3558 625 3662 διαφανῆ
652 3554 717 3654 μέν
743 3557 950 3661 παῤῥησίαν
977 3556 1260 3657 ἐπιτηδεύοντας,

106 3842 128 3880 ι.
148 3827 203 3896 ἔχοι
216 3825 249 3880 Β.
263 3827 317 3897 ἔχει
331 3824 421 3880 Holst.
435 3825 486 3880 Ed.
603 3824 629 3880 6.
647 3822 749 3895 ἠρεμεῖν
760 3824 911 3880 emendavit
923 3842 937 3878 e
951 3824 1009 3879 Cet.
1022 3833 1052 3877 ut
1065 3821 1117 3876 vid.
1131 3821 1203 3875 Aue.
1216 3823 1262 3875 οὐκ

67 3894 169 3965 ἠρεμεῖν
181 3897 214 3949 Β.
230 3896 278 3950 Ht.
376 3910 400 3966 7.
420 3899 489 3950 οὕτω
501 3896 548 3963 μέν
560 3895 679 3966 ἐμφανῶς
691 3897 797 3949 inverso
809 3895 902 3949 ordine
914 3913 938 3949 a.
1032 3895 1058 3948 8.
1077 3894 1190 3963 ἔχουσαν
1203 3892 1262 3946 ΒΔ.

69 3968 118 4021 Ht.
130 3967 237 4036 ἔχουσιν
249 3967 300 4022 Ed.
347 3967 493 4037 ἀντεξάγων
504 3985 519 4020 e
532 3964 591 4020 Cat.
603 3966 672 4021 Aub.
684 3966 832 4036 ἆντεπάγων
845 3966 877 4019 Β.
894 3967 942 4021 Ht.
1052 3983 1077 4031 η.
1095 3963 1137 4034 ἐφ’
1151 3964 1263 4018 ε’κάστου

68 4037 102 4092 Β.
118 4037 165 4091 Ht.
178 4036 327 4091 emendavit
339 4055 354 4091 e
368 4037 426 4090 Cat.
439 4046 469 4090 ut
481 4035 534 4092 vid.
548 4036 619 4090 Aub.
823 4052 862 4090 10.
881 4037 922 4089 καὶ
933 4035 1079 4104 ἐκζητήσεις
1090 4034 1190 4090 hebent
1204 4034 1262 4088 B.a.

66 4107 178 4177 ιίκριβῶς
191 4108 284 4178 σοφῶς
297 4107 359 4176 (sic)
374 4108 406 4161 B.
422 4107 469 4160 Ht.
482 4107 593 4176 ἀκριβῶς
606 4125 629 4162 ιι.
642 4108 683 4160 καί
694 4107 807 4161 inseruit
819 4106 890 4160 Aub.
1043 4121 1084 4158 12.
1103 4105 1263 4175 κατεκρίνατε

66 4178 138 4232 edidi
151 4197 166 4232 e
179 4177 238 4232 cat.
253 4178 329 4232 Harl.
343 4188 409 4232 teste
421 4177 493 4231 Aub.
506 4178 670 4246 κατακρίνατε
679 4178 714 4245 (ἰ)
726 4194 750 4230 ιι.
763 4176 891 4247 κατέκρινε
907 4175 940 4230 Β.
955 4174 1004 4230 Ht.
1016 4175 1177 4241 κατακρίνετε
1189 4175 1261 4229 Aub.

68 4248 165 4303 Statim
177 4251 222 4303 τὸν
234 4252 304 4303 οὔπω
317 4248 470 4316 κεκλημένον
480 4247 552 4302 haud
566 4249 670 4301 malea.
684 4247 743 4301 Cat.
757 4246 833 4301 Harl.
997 4263 1038 4316 13.
1056 4244 1115 4312 παρ’
1129 4245 1225 4298 ε’κείνου
1238 4262 1261 4297 a.

69 4319 111 4374 16.
129 4319 242 4391 ἐμμένει]
259 4326 288 4384 ÷
304 4319 331 4373 ἐν
345 4319 376 4373 Β.
390 4320 417 4372 ε’ν
429 4318 502 4373 deest
516 4319 544 4372 in
561 4335 585 4373 a.
603 4318 638 4372 cf.
650 4317 720 4371 infra
734 4331 799 4386 1057
813 4335 836 4371 υ.
855 4318 883 4372 in
896 4317 943 4372 Ee.
956 4334 1009 4387 903
1022 4315 1048 4370 d.
1069 4314 1152 4370 Hom.
1167 4313 1262 4367 Paeeh.

67 4391 140 4444 xxix.
153 4406 241 4459 μοι,
254 4389 288 4443 ab
303 4388 441 4443 Holmeeio
454 4389 498 4443 eit.
546 4388 642 4443 Statim
654 4390 721 4442 πᾶσι
732 4393 903 4460 assumptum
915 4406 948 4442 ex
962 4389 1020 4441 Be.
1132 4401 1174 4439 21.
1193 4388 1264 4438 οὕτω

67 4460 230 4586 heteffindat
244 4459 343 4532 Heyse.
357 4464 450 4515 οὔποτε
464 4459 496 4514 Β.
510 4458 561 4515 Ed.
644 4484 654 4499 ·
907 4475 948 4514 τι.
967 4460 1090 4528 σκοτεινῷ
1105 4455 1136 4509 Β.
1150 4457 1264 4529 συντόνῳ

625 4631 719 4693 4x2
