3038 5018
233 282 297 344 148
416 350 419 356 ,
535 280 574 346 Β.
598 279 807 346 CYRILLI
836 279 1125 347 ALEXANDR.
1343 281 1365 344 i.
1382 281 1431 344 16.

231 444 402 526 ἁπάντων
422 449 485 527 οῦκ
503 448 541 526 ἐν
558 444 677 555 χρόνῳ
694 445 954 550 προσγεγονδς,
968 448 1054 527 ἀλλ’
1075 446 1277 554 ἐνυπάρχον
1294 449 1432 527 ἄνωθεν

203 572 282 655 οῶς
306 575 390 678 Θεῷ
414 570 506 651 κατὰ
529 568 655 679 φῦσιν,
678 572 1000 679 διαβεβαιούμενος.
1040 566 1074 667 ῆν
1096 570 1167 675 γάρ
1193 609 1259 676 μου
1285 570 1430 677 πριῖτιε,

233 698 360 801 φησὶν,
374 692 453 774 ἀντὶ
469 703 534 775 τοῦ
554 699 606 775 ἀεὶ
626 699 683 775 καὶ
702 694 761 775 διὰ
777 693 913 780 παντὸς
931 696 1084 793 ἀμείνων
1098 698 1156 775 καὶ
1175 692 1431 802 ἐπιδοξότερος·

232 817 292 897 διὰ
327 818 364 897 δὲ
401 823 464 917 τῆς
500 818 592 922 πρὸς
628 819 689 898 ἕνα
722 826 796 899 τῶν
825 825 985 921 γενητῶν
1017 819 1252 921 συγκρίσεως,
1284 820 1306 919 ἡ
1340 817 1432 899 κατὰ

231 939 378 1022 πάντων
396 946 525 1048 ψῆφος
542 945 595 1050 τῷ
612 940 700 1045 ὑπὲρ
717 939 857 1027 πάντας
873 943 1081 1045 συνάγεται.
1113 943 1154 1024 οῦ
1173 941 1245 1045 γὰρ
1263 944 1301 1022 ἐν
1316 942 1432 1051 τούτῳ
1447 971 1466 1032 5

232 1068 289 1144 καὶ
317 1063 428 1163 μόνον
455 1064 497 1145 τὸ
525 1066 620 1167 με’γα
647 1070 706 1146 καὶ
733 1065 960 1173 ἀξιάγαστον
987 1075 1051 1146 τοῦ
1080 1071 1170 1147 Υίοῦ
1203 1065 1433 1170 θεωρῆσομεν

232 1189 383 1296 ἀξίωμα,
403 1193 441 1269 ἐν
463 1192 515 1296 τῷ
542 1187 609 1289 τῆν
626 1188 794 1270 Ἰωάννου
821 1189 934 1297 δόξαν
955 1192 1200 1294 ὑπερδραμεῖν,
1219 1192 1304 1271 ἀλλ’
1324 1191 1362 1270 ε’ν
1380 1193 1432 1298 τῷ

231 1311 353 1413 ποίσης
373 1315 602 1415 ῦιτερκεῖσθαι
622 1317 771 1416 γενητῆς
790 1315 927 1398 οὐσίας.

182 1575 218 1630 ¹⁶
293 1581 369 1647 Ὀτι
395 1579 432 1646 ὲκ
459 1586 515 1647 τοῦ
543 1581 766 1670 πληρώματος
793 1582 892 1647 αὐτοῦ
921 1577 1014 1658 ι’μεῑο
1041 1581 1162 1647 πάντες
1189 1582 1361 1660 ἐλάβομεν.

198 1652 219 1716 d

286 1772 520 1875 Ἀποδίχεται
539 1768 598 1849 διὰ
615 1771 751 1849 τούτων
769 1770 836 1869 τῆν
852 1774 971 1871 ἀληθῆ
989 1780 1053 1851 τοῦ
1071 1779 1278 1865 βαπτιστοῦ
1296 1804 1431 1872 μαρτυ-
1448 1807 1488 1851 10

230 1895 350 1994 ρίανὸ
376 1893 663 1997 Εῦαγγελιστῆς,
684 1897 756 1999 καὶ,
769 1899 875 1998 σαφῆ
902 1901 1051 1974 ποιεῖται
1076 1894 1142 1993 τῆν
1160 1894 1343 2000 ἀπόδειξιν
1367 1897 1431 1993 τῆς

228 2025 293 2098 τοῦ
317 2021 485 2120 Σωτῆρος
509 2018 609 2116 ἡμῶν
635 2020 822 2123 ὑπεροχῆς,
845 2021 903 2098 καὶ
931 2027 995 2098 τοῦ
1024 2023 1217 2118 κεκτῆσθαι
1245 2017 1288 2097 τῦ
1315 2017 1431 2097 πλέον

229 2142 412 2227 οῦσιωδῶς
437 2141 528 2221 κατὰ
554 2140 689 2227 παντὸς
714 2151 875 2244 γενητοῦ,
894 2139 986 2222 κατά
1009 2176 1047 2220 τε
1073 2141 1139 2240 τῆν
1164 2141 1277 2248 δόξαν
1301 2139 1427 2239 αῦτῆν,

227 2269 307 2368 περὶ
326 2266 367 2366 ῆς
387 2268 407 2345 ὁ
427 2266 539 2369 λόγος
556 2266 721 2366 μάλιστα
741 2275 813 2364 νῦν,
827 2269 885 2347 καὶ
903 2265 966 2345 τὸν
981 2267 1038 2346 ε’πὶ
1054 2273 1126 2351 τοῖς
1144 2265 1271 2348 ιῖλλοις
1291 2263 1431 2344 ἅπασιν

228 2391 377 2490 ἀγαθοῖς
396 2392 522 2470 εῦκλεᾶ
542 2389 759 2492 κατάλογον.
799 2389 932 2494 ι’ῖριστα
951 2389 1021 2492 γάρ
1038 2424 1109 2489 μοι,
1130 2391 1234 2494 φησὶ,
1254 2391 1311 2468 καὶ
1331 2391 1424 2488 οἱλη-
1447 2424 1487 2485 15

230 2513 390 2593 θίστατα
415 2513 535 2616 λε’γων
560 2516 580 2592 ὁ
607 2512 814 2614 βαπτιστὴς
842 2516 1074 2618 ἀναφαίνεται
1101 2515 1181 2615 περὶ
1209 2521 1273 2592 τοῦ
1299 2519 1429 2592 Μονο-

199 2635 353 2737 ογενοῦς
373 2634 495 2717 ““Ort
521 2638 662 2740 πρῶτός
685 2673 756 2737 μου
779 2635 854 2737 ἧν,”
875 2637 1051 2735 τουτέστι,
1069 2635 1167 2717 πολῦ
1194 2637 1237 2736 δὴ
1263 2639 1431 2739 κρείττων

229 2762 287 2840 καὶ
305 2761 467 2861 ἀμείνων.
495 2765 570 2842 ε’πεὶ
589 2765 648 2842 καὶ
666 2762 790 2848 πάντες
810 2767 902 2867 ῆμεῖς
922 2767 955 2841 οῖ
968 2767 1017 2846 είς
1029 2759 1093 2841 τὸν
1109 2767 1180 2840 τῶν
1196 2761 1309 2861 ἁγίων
1322 2795 1431 2839 κατα-
1470 2840 1472 2842 ,

228 2884 435 2986 τεταγμένοι
459 2885 579 2991 χορὸν,
602 2885 643 2965 τὸ
672 2886 761 2965 ἴδιον
784 2887 893 2965 αὐτοῦ
919 2885 1310 2985 καταπεπλουτήκαμεν
1334 2888 1427 2987 ἀγα-

228 3008 304 3107 θὸν,
323 3012 381 3090 καὶ
399 3018 473 3095 τοῖς
491 3011 622 3090 ἐκείνου
639 3017 786 3109 μᾶλλον
803 3009 895 3112 ἤπερ
914 3017 986 3092 τοῖς
1009 3013 1133 3107 ἑαυτῆς
1158 3010 1430 3106 ε’πισεμνῦνεται
1446 3043 1487 3088 ιο

227 3135 538 3234 πλεονεκτήμασιν
569 3135 591 3234 ἡ
629 3134 817 3237 ἀνθρώπου
850 3135 972 3239 φύσις,
1005 3133 1091 3214 όταν
1122 3129 1259 3239 ἕχουσοῖ
1290 3168 1325 3213 τι
1357 3141 1431 3213 τῶν

229 3256 463 3362 α’ξιαγιίστων
482 3261 700 3362 εὑρίσκηται·
732 3257 804 3337 ἀπὸ
828 3257 900 3360 γὰρ
922 3260 974 3335 τοῦ
1000 3259 1228 3364 πληρώματος
1246 3266 1310 3338 τοῦ
1328 3261 1430 3357 Υῖοῦ,

229 3381 391 3482 καθάπερ
403 3382 448 3488 ἐξ
462 3381 611 3461 ιἰεννοίου
629 3386 759 3483 πηγῆς,
773 3383 793 3481 ῆ
813 3388 884 3460 τῶν
899 3383 1002 3461 θείων
1015 3379 1252 3486 χαρισμάτων
1268 3382 1430 3476 ἀναβλῦ-

230 3501 342 3604 ζουσα
370 3503 472 3589 δόσις
499 3512 547 3591 είς
575 3504 732 3606 ἑκάστην
754 3504 894 3610 ἔρχεται
921 3505 1056 3610 φυχῆν,
1079 3504 1171 3606 ἥπερ
1200 3501 1245 3584 ἂν
1265 3505 1430 3612 φαίνοιτο

60 3648 177 3703 ιοοΔ.
199 3637 293 3708 ατοῦ
321 3635 450 3722 λαβεῖν
470 3630 565 3736 ἀξία.
608 3636 637 3709 εί
662 3629 700 3709 δὲ
717 3636 868 3735 χορηγεῖ
885 3625 949 3728 μὲν
969 3632 1017 3711 ὡς
1043 3631 1081 3708 ιἰι
1107 3635 1264 3734 φυσικοῦ
1290 3631 1426 3735 πληροῖ·
1446 3657 1484 3720 ²5

227 3787 339 3857 ματος
367 3753 387 3833 ό
412 3751 511 3851 Υἱὸς,
535 3761 739 3858 χορηγεῖται
767 3753 805 3833 δὲ
830 3754 852 3852 ῆ
881 3754 1009 3836 κτίσις·
1048 3759 1126 3837 πῶς
1152 3755 1216 3832 οῦκ
1243 3749 1288 3831 ἂν
1311 3760 1429 3833 νοοῖτο

228 3874 358 3956 λοιπὸν
380 3877 448 3983 οῦχ
476 3877 601 3978 ὁμοίαν
623 3877 715 3983 ἔχων
738 3883 812 3961 τοῖς
841 3878 970 3961 ἄλλοις
997 3874 1063 3976 τῆν
1088 3875 1209 3983 δόξαν,
1231 3876 1315 3955 ἀλλ’
1338 3877 1429 3981 ἥπερ

264 4111 289 4149 2.
307 4118 358 4165 μον
369 4113 424 4151 om.
437 4115 461 4151 a.
604 4096 631 4151 6.
649 4096 690 4150 καὶ
703 4095 776 4167 prius
788 4114 843 4151 om.
855 4114 879 4151 a.
925 4096 1020 4151 Statim
1032 4098 1111 4166 μόνον
1124 4096 1183 4150 B.a.
1195 4097 1265 4167 μόνῳ
1279 4094 1360 4150 Οοτᾶ.
1375 4095 1427 4151 Ed.

227 4164 302 4238 Υίοῦ]
318 4170 385 4221 θεοῦ
396 4166 481 4222 cord.
616 4185 657 4234 14.
675 4170 792 4235 μάλιστα
804 4171 848 4221 νῦν
861 4167 894 4221 B.
906 4169 977 4236 μάλα
989 4170 1042 4222 νυνὶ
1057 4167 1107 4221 Ed.
1244 4181 1284 4237 17.
1303 4167 1334 4235 δὴ
1346 4176 1373 4220 et
1386 4170 1429 4222 καὶ

227 4237 344 4306 ἀμείνων.
368 4238 424 4293 ε’πεὶ
437 4240 478 4292 καὶ
489 4239 583 4294 πάντες
594 4256 648 4292 om.
662 4238 703 4301 B„
717 4238 806 4292 invitis
820 4237 901 4292 Cord.
914 4246 941 4292 et
954 4239 996 4308 (ut
1008 4237 1074 4306 vid.)
1086 4255 1111 4291 a.
1275 4238 1315 4290 18.
1333 4236 1427 4309 ἁγίων]

226 4313 328 4363 πιστῶν
339 4326 364 4363 a.
463 4327 503 4380 19.
522 4312 552 4363 τὸ
564 4307 775 4397 ἴδιον-ἀγαθὸν]
790 4309 817 4363 εἰς
830 4314 881 4362 τῶν
892 4309 963 4363 ἰδίων
974 4309 1053 4363 αὐτοῦ
1064 4305 1276 4376 πεπλουτῆκαμεν
1287 4307 1391 4377 ἀγαθῶν
1402 4327 1428 4363 a.

227 4379 502 4448 καταπεπλοντῆκαμεν
514 4380 547 4434 Β.
560 4383 772 4449 πεπλουτηκαμεν
783 4397 807 4434 a.
822 4378 904 4433 cord.
917 4379 969 4432 Ed.
1105 4395 1147 4432 20.
1166 4379 1257 4446 εἀντῆς
1269 4378 1311 4432 ε’πι
1323 4396 1377 4432 om.
1391 4378 1426 4434 B.

230 4447 303 4502 Haec
316 4449 434 4504 clausula
446 4451 520 4504 deest
531 4452 559 4504 in
573 4450 690 4505 Catenis.
793 4467 836 4516 24.
855 4447 926 4520 εἴπερ
939 4449 1021 4506 Cord.
1129 4462 1173 4520 ιγ.
1191 4451 1246 4505 τοῖς
1257 4448 1349 4505 ἄλλοις
1360 4449 1430 4520 ἔχων

228 4517 333 4573 inverso
346 4519 439 4574 ordine
453 4520 495 4585 B„
509 4521 598 4577 invitia
612 4520 729 4576 Catenis.
