3038 5018
91 265 114 328 i.
131 269 181 330 18.
292 267 350 331 IN
380 269 694 336 S.JOANNEM.
741 272 835 336 LIB.
859 273 886 336 Ι.
933 272 1034 337 CAP.
1059 274 1100 336 X.
1228 277 1290 337 159

90 431 191 529 ἡμεῖς
228 438 451 540 ἀντεροῦμεν,
488 437 552 517 τὸν
589 436 696 541 ὀρθὸν
732 442 796 538 τῆς
832 437 1000 538 ἀληθείας
1037 437 1293 544 ἀντεξάγοντες

92 553 207 659 λόγον
222 559 272 637 ‘O
291 558 427 645 κόλπος
445 561 540 660 ἡμῖν,
558 557 587 639 ῶ
605 561 804 657 βέλτιστοι,
823 562 990 659 σημαίνει
1008 562 1090 640 καθ’
1113 562 1203 659 ὑμᾶς
1226 560 1292 658 τὴν

91 677 292 780 ἀγάπησιν·
322 691 430 763 ταῦτα
447 683 520 786 γάρ
538 686 667 787 ἀρτίως
686 682 867 785 λεγόντων
886 682 1100 783 ἠκούσαμεν.
1137 679 1192 787 ἀρ’
1214 685 1289 781 οῦν,

1335 876 1423 927 iii.1.

58 947 78 1008 ὅ
94 928 261 1030 Σωτῆρος
280 930 416 1030 φωνήν·
449 942 470 978 “
483 933 632 1038 Ἀγαπηῖ
656 931 694 1011 δὲ
715 933 845 1034 Κύριος
865 934 923 1011 καῖ
943 930 1007 1015 τὰς
1025 931 1146 1013 πύλας
1165 927 1289 1025 Σιῶν,”
1335 941 1378 1056 ξ’·
1401 876 1417 928 ⁶

93 1047 184 1128 κατά
207 1049 269 1131 τὸν
287 1051 391 1155 ἅγιον
407 1056 623 1163 φαλμιρδὸν,
643 1055 836 1138 ἀκινδύνως
857 1057 1003 1157 ἐροῦμεν
1022 1057 1060 1133 ἐν
1077 1053 1203 1160 κόλπῳ
1226 1061 1290 1132 τοῦ

93 1175 189 1252 θεοῦ
216 1180 273 1253 καὶ
302 1177 447 1279 Πατρός
474 1178 538 1259 τόν
562 1214 600 1259 τε
629 1178 769 1279 κόσμον
793 1177 902 1257 αὐτὸν
926 1179 985 1257 καὶ
1012 1176 1077 1262 τὰς
1106 1181 1169 1276 τῆς
1196 1174 1291 1256 Σιὼν

92 1291 181 1375 εἶναι
197 1297 342 1396 πύλας;
376 1300 463 1381 όταν
480 1302 518 1381 δὲ
543 1301 633 1407 λε’γη
659 1304 715 1381 καῖ
742 1298 832 1404 πρὸς
857 1299 920 1380 τὸν
940 1299 1152 1407 ἱεροφάντην
1174 1304 1286 1379 Μωυ-
1302 1372 1321 1411 a
1344 1358 1456 1415 10‘1A,

91 1419 161 1497 σία
180 1431 203 1467 “
216 1421 403 1525 Εῖσένεγκε
422 1422 487 1523 τὴν
506 1422 607 1530 χεῖρά
623 1459 693 1504 σου
712 1430 760 1509 εἰς
779 1422 842 1504 τὸν
858 1422 996 1505 κόλπον
1014 1425 1115 1519 σου,”
1135 1426 1289 1526 ἀγαπᾶν,
1336 1432 1417 1511 Μ·

1362 1007 1458 1057 xxvia.

1335 1514 1343 1546 1
1363 1535 1369 1549 ι
1398 1536 1404 1550 ι

45 1579 79 1620 ιο
92 1544 172 1624 είπέ
184 1579 255 1643 μοι,
266 1546 490 1649 προστάττει
508 1547 574 1648 τήν
593 1555 694 1653 χεῖρα
712 1549 819 1656 αύτῷ,
837 1553 894 1628 καὶ
913 1549 992 1651 αῦχὶ
1014 1553 1160 1644 μᾶλλον
1177 1581 1288 1624 κατα·
1346 1515 1362 1548 v
1380 1502 1396 1548 ὁ

92 1665 284 1772 κρύψαντα
302 1670 416 1774 ἔχειν,
448 1667 523 1750 εἶτα
541 1677 619 1754 πῶς
641 1671 683 1750 οῦ
705 1671 820 1772 με’γαν
838 1673 894 1751 ε’πὶ
918 1669 1055 1753 τούτοις
1077 1667 1292 1776 ὀφλήσομεν

91 1789 247 1891 γε’λωτα,
280 1799 426 1890 μᾶλλον
459 1793 496 1873 δὲ
528 1802 607 1879 πῶς
642 1800 691 1879 είς
727 1794 836 1874 αὐτὸν
868 1798 932 1874 οῦκ
964 1793 1197 1893 ἀσεβήσομεν
1230 1791 1293 1871 τὸν

93 1914 251 2017 Πατέρα,
280 1913 398 1995 πάντα
432 1920 469 1996 ἐν
503 1917 652 2002 κόλποις
684 1914 772 1996 εἶναι
806 1917 973 2018 λε’γοντες
1006 1919 1124 2012 αῦταῦ,
1156 1919 1212 1995 καῖ
1250 1914 1292 1994 τὸ

90 2035 203 2133 μόνον
221 2046 284 2118 τοῦ
303 2045 534 2141 Μονογενοῦς
559 2042 739 2146 ἐξαίρετον
757 2031 898 2142 ἀγαθὸν
914 2048 1193 2123 καινοποιοῦντες
1218 2047 1291 2122 ταῖς

45 2184 78 2245 ¹5
92 2160 232 2252 ἄλλοις,
252 2162 310 2242 ἵνα
328 2163 441 2243 πλέον
459 2162 535 2268 ἔχοι
553 2163 663 2263 μηδὲν
681 2163 782 2266 παρὰ
799 2163 866 2262 τὴν
884 2165 1003 2243 κτίσιν
1022 2166 1042 2242 ό
1059 2162 1171 2259 Υἱόςς

149 2288 292 2365 Οὐκοῦν
317 2295 392 2370 ταῖς
418 2287 557 2367 ἐκείνων
582 2289 770 2381 ἀβαυλίαις
794 2290 973 2393 ε’ῤῥῶσθαι
998 2283 1215 2391 φράσαντες,
1235 2289 1291 2366 ε’πῖ

92 2412 144 2514 τῷ
168 2410 262 2489 εὐθεῖ
284 2414 347 2509 τῆς
374 2411 543 2511 ἀληθείας
569 2415 762 2510 βαδιοῦμεν
780 2418 982 2513 λογισμῶν,
1002 2409 1089 2490 ὅταν
1108 2411 1146 2490 ἐν
1166 2409 1326 2519 κόλπῳί)

91 2532 240 2634 λε’γηται
259 2541 322 2612 τοῦ
343 2533 488 2636 Πατρός
514 2533 651 2632 όΥῖὸς,
669 2535 713 2642 ἐξ
735 2535 844 2614 αῦτοῦ
870 2537 926 2613 καῖ
953 2537 991 2614 ἐν
1010 2537 1107 2641 αὐτῷ
1133 2542 1293 2616 νοοῦντες

91 2654 213 2735 αῦτόν·
243 2656 509 2763 ἀναμαξόμεναι
529 2656 566 2737 δὲ
585 2661 742 2760 ἀκριβῶς
759 2657 825 2758 τήν
843 2666 906 2738 τοῦ
926 2657 1102 2758 νοήματος
1127 2658 1291 2755 δύναμιν,

45 2811 79 2853 ιο
91 2780 204 2862 οῦτως
236 2778 318 2883 ἕχον
352 2779 449 2878 αῦτὸ,
483 2783 541 2860 καῖ
574 2784 641 2885 οῦχ
674 2781 811 2885 ἑτέρως,
842 2779 1051 2884 εὑρήσομεν.
1099 2779 1293 2882 Μανιγενῖμ,

91 2906 218 3003 φησὶν,
234 2911 248 2982 ό
262 2905 345 2989 Θῶς
365 2913 380 2985 0‘
400 2903 440 2982 ῶν
455 2913 499 2990 είς
519 2903 569 2984 τόν
586 2912 713 2984 κόλπον
732 2908 788 2984 τοῦ
803 2905 946 3011 Πατρὶς,
959 2906 1076 2989 ἐκεῖνος
1097 2905 1292 3010 ἐξηγήσατο.

89 3026 207 3124 ἐπειδὴ
236 3027 307 3129 γὰρ
334 3026 403 3132 ἔφη
434 3027 598 3129 Μνιιγειή
627 3030 685 3105 καὶ
715 3031 807 3122 Θελν,
831 3029 975 3126 τίθησιν
1003 3027 1106 3110 εῦθύς
1127 3026 1172 3106 ‘0
1198 3024 1238 3105 ῶν
1264 3028 1293 3106 ἐν

89 3158 163 3233 ταῖς
185 3154 331 3235 κόλποις
350 3155 406 3230 τιῦ
426 3153 569 3255 Πατρὶς,
587 3151 645 3230 ἵνα
664 3149 785 3248 νοῆται
804 3154 862 3229 καὶ
880 3148 967 3233 Υἱὸς
986 3148 1030 3255 ἐξ
1052 3150 1160 3228 αῦτοῦ
1179 3155 1236 3231 καὶ
1255 3151 1293 3227 ἐν

91 3276 186 3381 αύτῷ
218 3281 393 3379 φυσικῶς,
424 3279 501 3353 ἀντὶ
533 3279 598 3372 τῆς
631 3275 756 3359 οῦσίας
788 3272 853 3355 τὸν
882 3271 1022 3352 κόλπον
1050 3279 1115 3352 ταῦ
1147 3272 1292 3371 Πατρός

45 3425 78 3486 ι5
91 3396 209 3494 εῖπῶν,
229 3401 276 3481 ὡς
295 3400 333 3478 ἐκ
351 3398 641 3500 παραδείγματος
660 3406 877 3496 σωματικοῦ.
909 3397 1016 3477 τύποι
1034 3394 1107 3498 γάρ
1126 3395 1201 3475 είσί
1216 3431 1293 3479 πως

90 3528 163 3601 τῶν
178 3528 313 3619 νοητῶν
329 3521 374 3600 τά
393 3522 653 3627 ἐμφανέστερα,
667 3527 725 3600 καὶ
742 3529 959 3626 χειραγωγεῖ
972 3519 1064 3622 πρὸς
1082 3517 1323 3624 κατάληψινο

90 3651 163 3723 τῶν
182 3644 270 3748 ῦπέρ
288 3646 380 3745 ἡμᾶς
401 3643 447 3723 τά
469 3647 506 3724 ἐν
532 3645 627 3744 ἡμῖν
667 3642 891 3744 λαμβάνεται
916 3643 954 3724 δὲ
977 3641 1158 3727 πολλάκις
1183 3644 1230 3726 ὡς
1255 3643 1293 3720 ἐν

91 3767 222 3852 εῖκόνος
254 3768 353 3875 τάξει
385 3767 431 3847 τά
463 3766 663 3866 σωματικὰ,
694 3772 751 3847 καῖ
784 3768 1009 3871 λεπτοτέρων
1041 3768 1127 3866 ἡμῖν
1159 3770 1292 3868 θεωρη-

90 3887 214 3991 μάτων
242 3893 399 3997 εῖσφέρει
427 3890 493 3991 τήν
523 3889 742 3994 κατάληψιν,
770 3898 800 3970 εί
831 3895 889 3970 καὶ
918 3893 1010 3970 οὕτω
1041 3895 1170 3969 νοεῖται
1201 3885 1294 3966 κατά

127 4151 153 4204 8.
171 4151 311 4222 ίεροφόντα
323 4151 355 4205 Ε.
431 4150 472 4205 16.
490 4151 532 4205 ε’πλ
544 4153 580 4222 τῷ
593 4150 831 4221 εὐθεῖ-λογισμῶν
845 4150 877 4205 Β.
889 4150 931 4205 ε’πλ
943 4151 989 4203 τὸν
1000 4149 1227 4219 τιλθῇ-λογισμόν
1239 4147 1291 4202 Ed.

95 4237 135 4290 ιη.
155 4221 261 4290 δύναμιν
271 4240 326 4275 om.
341 4220 384 4283 E..
397 4240 481 4275 vacuo
494 4221 573 4276 sacto.
699 4237 741 4274 20.
759 4221 822 4274 αι’νιό
834 4228 1004 4291 assumptum
1018 4238 1050 4274 ex
1065 4219 1097 4274 B.
1144 4219 1292 4289 μονογενής,

90 4292 183 4361 φησὶν,
196 4293 211 4344 ό
224 4291 275 4347 hoc
287 4291 380 4346 ordine
394 4292 425 4346 B.
439 4294 454 4345 ό
465 4292 603 4382 μονογενής
614 4292 684 4361 φησι
697 4290 748 4345 Ed.
763 4290 845 4344 Cord.
965 4306 1008 4344 22.
1027 4291 1055 4344 ἐν
1067 4293 1103 4362 τῷ
1115 4292 1206 4362 κόλπῳ
1220 4288 1252 4342 Ε.
1265 4289 1294 4342 ἐν

90 4365 180 4435 κόλπῳ
193 4362 275 4417 Cord.
409 4379 450 4434 ²3·
469 4365 510 4416 καὶ
522 4385 550 4416 εν
561 4362 629 4433 αὐτῷ
642 4377 695 4415 om.
710 4360 742 4415 E.
755 4361 931 4415 vacuefacto.
1071 4377 1113 4427 ²4·
1132 4363 1178 4414 τοῦ
1190 4361 1293 4429 Πατρός

91 4443 262 4502 assumptum
275 4451 306 4486 ex
321 4433 353 4486 B.
462 4448 505 4556 αἱ.
524 4455 577 4488 πως
589 4433 642 4487 εἶσὶ
654 4432 760 4486 inverso
773 4430 866 4486 ordine
881 4431 913 4486 B.
1016 4430 1059 4485 26.
1078 4430 1245 4503 ἀφανέστερα
1259 4429 1292 4485 Β.

92 4520 137 4572 29.
156 4502 401 4576 εἰσφόρει-καιρὸν
411 4520 466 4557 om.
507 4543 513 4556 .
