3038 5018
50 291 159 359 ima.
235 286 293 360 IN
324 295 357 360 S.
381 295 637 361 JOANNEM.
683 295 850 360 LIB.II.
896 297 997 360 CAP.
1021 296 1062 358 V.
1187 294 1252 357 279

52 456 145 554 ἡμᾶς
167 457 305 538 οἴεσθαι
330 464 402 539 δεῖν
421 458 486 558 τὴν
503 459 751 562 ῦπερκειμένην
769 462 826 540 καὶ
852 458 970 540 ἐπάνω
995 457 1140 539 πάντων
1159 458 1248 554 ὁμο·

53 587 233 680 λογοῦμεν
260 582 385 688 φύσιν.
435 582 615 686 τοιγάρτοι
647 586 705 663 καὶ
736 581 841 688 πάση
873 589 918 687 τῇ
950 583 1066 662 κτίσει
1098 579 1157 660 διὰ
1187 580 1271 661 τοῦμ

51 702 248 810 πανσόφου
275 712 547 814 προσεφωνεῖτο
572 707 761 791 Μωυσέως
779 719 800 754 “
818 705 953 808 Κύριον
975 703 1039 785 τὸν
1061 702 1157 784 Θεόν
1181 698 1421 814 σονδξηθξζδξθ·

53 837 76 873 “
93 827 369 929 προσκυνήσεις,
404 833 462 910 καὶ
500 832 596 937 αύτῷ
627 828 726 937 μάνιρ
762 829 1004 932 λατρεύσεις·”
1048 827 1143 906 ὥστε
1181 823 1252 933 ῦτιρ
1296 829 1419 957 ξξωῑ·

18 962 39 1030 :5
55 951 146 1030 κατὰ
183 951 298 1058 φύσιν
330 955 431 1033 ἐστὶν
462 953 484 1052 ἦ
518 955 672 1051 δουλεία,
705 955 763 1032 καὶ
796 951 865 1033 ἀπὸ
897 951 960 1032 τὸν
992 955 1055 1051 τῆς
1086 947 1254 1049 θεότητος
1468 952 1471 957 ’

53 1074 176 1153 πίπτει
201 1071 319 1176 ζυγὸν,
337 1085 443 1157 τοῦτο
467 1076 510 1175 δὴ
537 1074 679 1160 πάντως
706 1078 765 1155 καὶ
788 1073 926 1176 ἀνάγκη
950 1080 1176 1176 προσκυνεῖν,
1195 1072 1254 1151 καὶ

54 1202 106 1304 τῷ
123 1201 188 1297 τῆς
207 1201 372 1302 λατρείας
393 1202 603 1279 ὑποκεῖσθαι
622 1196 795 1303 σχήματι.
833 1201 871 1278 ἐν
888 1194 954 1296 μέν
967 1197 1044 1301 γάρ
1070 1201 1122 1304 τῷ
1145 1200 1254 1275 εἰπεῖν

58 1319 204 1423 Κύριον,
223 1323 361 1424 διορίζει
385 1320 427 1401 τῦ
453 1327 595 1419 δοῦλον,
612 1324 650 1401 ἐν
668 1320 706 1401 δέ
731 1327 783 1429 τῷ
809 1321 915 1418 Θεὸν,
934 1320 976 1400 τὸ
1002 1318 1250 1419 πεποιημένον·

54 1452 314 1524 συνεπινοεῖτιιι
341 1444 413 1547 γάρ
440 1479 516 1528 πως
545 1447 602 1525 καὶ
630 1443 973 1541 ἀντιδιαστέλλεται,
996 1449 1048 1550 τῷ
1074 1440 1139 1541 μέν
1162 1437 1255 1520 κατά

10 1591 43 1631 10
57 1566 171 1670 φύσιν
190 1567 311 1676 Κυρίῳ
330 1568 371 1646 τὸ
391 1573 533 1666 δοῦλον,
551 1573 596 1674 τῇ
615 1565 651 1646 δέ
670 1567 831 1675 ἀγενήτῳ
855 1566 994 1667 θεότητι
1011 1564 1054 1646 τὸ
1070 1562 1254 1670 ταραχθὲν

56 1695 104 1773 εὶς
123 1689 277 1791 γένεσιν.

111 1815 160 1892 ‘O
179 1812 217 1894 δὲ
234 1813 321 1899 Υἱὸς
340 1816 460 1900 ἀίδίως
477 1810 528 1895 ιῦν
545 1818 583 1895 ἐν
599 1818 717 1919 Πατρὶ
736 1819 794 1894 καὶ
814 1815 946 1917 Κύριός
962 1848 1000 1894 τε
1019 1812 1189 1918 ἀντάρχων
1207 1813 1255 1896 ὡς
1306 1894 1309 1899 ,

57 1935 160 2033 Θεὸς,
186 1937 296 2017 πόθεν
322 1935 369 2018 ἀν
394 1940 556 2046 φαίνοιτο
584 1938 626 2019 τὸ
652 1945 868 2041 προσκυνεῖν
894 1938 1106 2045 ἐποφείλων,
1131 1939 1285 2037 ἀπορῶο

55 2059 122 2156 μέν
140 2061 365 2141 ἐπιδεικνύειν
383 2063 467 2164 ἐγώ·
508 2061 768 2169 φλυαρούντων
788 2061 825 2141 δέ
849 2059 962 2141 πάλιν
979 2063 1103 2139 ἐκεῖνοι
1123 2063 1254 2160 Προσ-

10 2205 43 2268 15
59 2182 214 2282 κυνήσει,
244 2189 370 2291 φησὶν,
398 2187 418 2264 ὁ
448 2185 658 2287 Μονογενὴς
688 2190 739 2292 τῷ
769 2187 897 2287 Πατρὶ,
926 2186 1005 2263 οὔτε
1033 2186 1080 2264 ὡς
1109 2185 1256 2277 δοῦλος,

58 2309 138 2387 οὔτε
156 2310 205 2391 ὡς
222 2310 370 2408 ποίημα,
390 2310 474 2386 ἀλλ’
497 2310 543 2392 ὡς
562 2309 649 2393 Υἱὸς
667 2315 718 2416 τῷ
734 2307 961 2411 γεννήσαντι.
1001 2303 1259 2408 παραληπτέον

58 2432 121 2515 οῦν
157 2431 228 2534 ἀρα
257 2431 324 2531 τὴν
355 2433 608 2535 προσκύνησιν
642 2435 679 2511 ἐν
712 2438 762 2539 τῷ
795 2435 858 2530 τῆς
893 2428 1050 2529 υῖότηπος
1085 2428 1169 2535 ὅρῳ,
1201 2428 1260 2506 καῖ

57 2558 187 2659 χρῆναι
212 2553 355 2640 ποίντως
384 2558 532 2656 ἐροῦμεν
556 2554 619 2635 τὸν
637 2552 727 2635 Υίῦν
747 2560 962 2657 προσκυνεῖν
982 2559 1034 2661 τῷ
1057 2553 1185 2654 Πατρῖ,
1211 2553 1260 2634 ὥς

58 2683 96 2757 ἐν
123 2677 237 2786 τούτῳ
266 2678 308 2758 τὸ
336 2677 423 2758 εἶναι
451 2677 626 2784 λαχόντα,
653 2676 814 2780 καθάπερ
842 2679 905 2756 οῦν
932 2679 989 2757 καὶ
1018 2676 1116 2775 ἡμεῖς
1142 2677 1180 2753 ἐν
1208 2678 1259 2780 τῷ

10 2796 144 2880 ιοεῖναι
172 2802 244 2908 ζηῦα
269 2801 399 2904 λογικὰ
423 2801 545 2900 θνητά,
566 2811 629 2881 νοῦ
654 2807 710 2881 καὶ
738 2800 938 2901 ἐπιστήμης
964 2797 1115 2896 δεκτικὰ,
1137 2796 1160 2898 ἢ
1185 2801 1294 2880 τοῖςᾶ

58 2923 190 3030 ἔξωθεν
217 2928 275 3004 καὶ
305 2924 396 3005 κατὰ
425 2934 508 3004 νοῦν
537 2924 707 3023 κινήμασι
741 2928 797 3003 καὶ
829 2925 955 3021 μόναις
982 2929 1058 3005 ταῖς
1085 2923 1124 3000 ἐκ
1151 2925 1258 3020 θελη-

59 3046 183 3144 μάτων
209 3051 336 3152 ῥοπαῖς
363 3050 614 3153 ἐπιτρέψομεν.
669 3055 698 3127 εί
724 3047 790 3146 μέν
817 3048 889 3150 γὰρ
921 3047 1136 3146 ἐνέσπορται
1167 3040 1258 3123 κατά

60 3171 175 3276 φύσιν
194 3179 245 3280 τῷ
264 3178 466 3274 Μονογενεῖ
487 3171 529 3253 τὸ
554 3177 682 3277 χρῆναι
706 3170 850 3254 πάντως
875 3174 933 3249 καὶ
959 3174 1007 3254 ὡς
1032 3170 1076 3276 ἐξ
1101 3165 1257 3269 ἀνάγκης

59 3302 286 3395 προσκυνεῖν,
305 3298 396 3375 οὕτω
414 3330 452 3374 τε
472 3304 595 3375 νοοῦσι
615 3299 672 3375 καὶ
696 3295 856 3397 λέγουσι,
874 3299 952 3376 πῶς
977 3293 1018 3371 οῦ
1043 3297 1186 3393 γυμνοῖς
1209 3293 1258 3374 εἰς

10 3443 46 3503 25
61 3413 169 3496 αῦτῦν
187 3422 451 3513 δυσσεβοῦντες
470 3421 677 3498 ἁλώσονται
696 3417 759 3496 τὸν
779 3415 949 3518 Πατέρα;
978 3423 1082 3497 πᾶσα
1105 3414 1177 3518 γάρ
1199 3418 1258 3494 καὶ
1287 3442 1289 3447 ·

60 3538 169 3620 αὐτὸν
188 3539 327 3641 ἀνάγκη
347 3547 504 3621 νοεῖσθαι
522 3550 692 3637 τοιοῦτον,
710 3541 851 3644 ἐπείπερ
871 3543 929 3621 καὶ
949 3539 1052 3620 εἰκὼν
1070 3542 1178 3620 αῦτοῦ
1200 3544 1259 3618 καὶ

61 3663 244 3767 χαρακτὴρ
273 3667 381 3744 αῦτοῦ
408 3668 508 3744 ἐστιν
534 3667 553 3744 ὁ
577 3663 675 3762 Υἱὸς,
703 3668 762 3745 καὶ
790 3663 930 3769 ὅσαπερ
957 3662 1002 3743 ἀν
1025 3667 1063 3742 ἐν
1086 3666 1254 3763 ἀπαραλ·

60 3786 206 3872 λοὶκτοις
238 3786 392 3892 ῦπάρχοι
424 3796 497 3871 τοῖς
530 3788 743 3886 ὁμοιώμασι,
775 3795 888 3867 ταῦτα
920 3787 963 3886 δὴ
1001 3784 1143 3870 πάντως
1180 3787 1256 3864 κατ’

61 3909 162 3990 ούδέν
191 3911 368 4010 ἀλλήλων
397 3914 533 3991 διοίσει.
584 3917 612 3989 εἰ
646 3908 684 3990 δέ
716 3914 754 3990 ἐν
784 3910 884 4017 μόνῳ
916 3909 1058 3989 κεῖσθαί
1085 3914 1180 4013 φασι
1207 3912 1288 4015 τῷν

100 4203 122 4238 1.
142 4185 196 4238 δεῖν
209 4184 241 4237 Β.
254 4185 294 4238 δεῖ
307 4184 358 4238 Ed.
419 4187 597 4255 ὁμολογοῦμεν
611 4185 643 4238 B.
658 4185 866 4255 δμολογονμένην
878 4183 929 4239 Ed.
1108 4185 1134 4238 8.
1154 4188 1211 4309 fleg
1225 4184 1257 4239 B.

1212 4254 1257 4310 .D.

62 4393 104 4431 21.
117 4341 212 4443 ἔξωθεῦ
223 4375 254 4429 Β.
286 4375 381 4428 Statim
395 4377 436 4428 καὶ
448 4383 616 4443 assumptum
629 4393 661 4429 ex
672 4375 704 4429 B.
739 4377 829 4444 μόναις
840 4385 1010 4445 assumptum
1023 4393 1053 4428 ex
1066 4375 1097 4429 B.
1147 4391 1190 4429 22.
1203 4376 1257 4432 ἐπι·

60 4447 190 4569 τρίχομεν
204 4446 235 4499 Β.
284 4448 334 4535 γὰρ
347 4463 400 4534 qm.
415 4445 447 4498 B.
539 4443 582 4498 26.
601 4443 728 4535 καῖ’ρτῖυο
740 4462 794 4500 om.
809 4445 840 4499 B.
938 4459 981 4516 27.
999 4445 1078 4499 αὐτοῦ
1090 4454 1258 4517 assumptum

61 4536 94 4570 ex
136 4558 141 4568 .
251 4517 293 4570 28.
312 4537 413 4586 νταρχῃ
428 4515 460 4568 B.
570 4531 611 4585 29.
629 4518 753 4586 αλλήλων
765 4525 934 4587 assumptum
946 4534 979 4571 ex
992 4516 1025 4571 B.

64 4273 105 4326 13.
124 4255 204 4366 mv
218 4254 250 4308 B.
263 4254 323 4308 ὅθεν
335 4253 387 4308 Ed.
462 4272 502 4325 19.
521 4257 551 4308 τὸ
564 4273 617 4308 om.
632 4255 664 4309 B.
738 4271 780 4309 νο.
799 4252 905 4326 λογικὰ]
922 4261 949 4319 ÷
965 4255 1005 4308 καὶ
1019 4253 1069 4308 Ed.
1082 4255 1172 4310 invitis
