3038 5018
554 268 884 333 PRAEFATIO.
1289 273 1322 336 ix

287 454 347 528 (pp.
368 464 502 525 140-147
524 449 625 524 citata)
648 450 679 507 in
700 450 797 510 codice
818 451 943 528 quodam
966 451 1124 523 (Homilias
1148 453 1184 512 D.
1198 453 1322 513 Joannis

282 549 479 624 chrysostomi
504 549 683 622 continente)
709 549 740 607 in
768 548 948 607 Bibliotheca
975 549 1004 607 S.
1027 549 1161 627 Dionysii
1186 550 1321 610 Montis*

283 647 390 706 Sancti.
434 646 515 705 Haec
530 647 598 706 folia
613 656 678 724 post
693 647 821 705 modium
835 666 888 705 sec.
906 668 925 704 x
940 649 1047 725 scripta
1061 668 1121 706 esse
1135 658 1284 726 apparent.

163 778 303 841 Catenae
318 777 505 842 Nicetianae
528 782 665 860 quantus
688 777 767 840 mihi
788 775 885 842 fuerit
906 798 991 854 usus,
1006 778 1061 842 vix
1083 778 1116 840 in
1141 778 1321 843 universum

86 938 90 947 .
120 881 263 945 dixerim.
325 881 366 945 In
392 880 425 943 iv
449 881 605 963 prioribus
634 879 724 944 libris
753 881 865 945 horum
893 879 1200 945 Commentariorum
1227 883 1261 946 in
1288 882 1321 947 S.

63 1024 74 1059 .
122 985 288 1061 loannem,
312 983 358 1047 ita
379 1006 428 1047 res
450 989 499 1048 est
520 989 670 1068 tanquam
695 983 722 1047 si
745 983 864 1047 nullius
887 983 1192 1049 Commentariorum
1217 985 1321 1070 Cyril-

122 1085 267 1151 lanorum
291 1086 482 1168 exemplario
506 1086 637 1150 Nicetae
667 1086 757 1170 copia
785 1087 916 1151 fuisset:
950 1087 1051 1150 multa
1077 1088 1161 1151 enim
1188 1110 1228 1151 ex
1253 1087 1324 1151 aliis

124 1191 158 1254 S.
175 1188 288 1273 Cyrilli
310 1188 465 1272 operibus,
480 1195 518 1252 ut
539 1190 568 1254 ei
590 1211 657 1253 mos
679 1195 737 1266 est,
755 1189 844 1267 citat,
863 1190 917 1254 sed
939 1188 1051 1253 horum
1074 1189 1128 1253 vix
1151 1189 1224 1254 ullis
1246 1190 1323 1255 locis

123 1294 234 1370 utitur,
262 1292 323 1356 nisi
353 1292 407 1376 qui
437 1315 476 1357 ex
505 1293 680 1377 antiquiore
706 1293 761 1357 illa
786 1292 921 1358 veniunt
945 1294 1075 1370 Calena,
1100 1316 1195 1376 quam
1224 1294 1323 1359 edidit

124 1397 297 1461 Corderius.
344 1396 448 1459 Simili
463 1396 579 1481 quippe
598 1398 690 1461 modo
705 1397 846 1476 Nicetes,
861 1397 896 1461 in
918 1419 1036 1481 magna
1058 1396 1113 1460 illa
1134 1397 1168 1460 in
1183 1397 1324 1461 Psalmos

123 1504 242 1577 eatena,
255 1505 378 1583 practer
393 1521 471 1583 qnae
486 1521 525 1563 ex
539 1501 604 1563 suis
619 1499 762 1564 fontibus
777 1500 980 1585 deprompsit,
989 1499 1146 1584 permulta
1161 1505 1324 1564 mutuatus

123 1608 172 1666 est
193 1623 233 1665 ex
254 1601 409 1685 epitomis,
426 1624 504 1687 quas
526 1601 713 1686 antiquioris
736 1603 770 1666 in
786 1603 926 1668 Psalmos
946 1603 1084 1667 Catenae
1106 1609 1215 1667 auctor
1237 1604 1323 1667 rede·

123 1711 226 1790 gerat,
241 1727 320 1790 quae
335 1705 370 1768 in
385 1705 462 1770 Cod.
479 1706 560 1789 Reg.
577 1705 647 1770 Par.
668 1724 729 1791 139
744 1712 777 1769 et
793 1705 867 1770 Cod.
888 1707 921 1771 S.
939 1705 1043 1769 Marci
1059 1707 1141 1770 Vcn.
1158 1721 1194 1786 17
1209 1711 1322 1771 exstat.

168 1808 208 1870 In
223 1807 313 1871 libris
328 1831 359 1885 v,
374 1807 408 1872 vi
422 1808 553 1873 Nicetas
568 1808 669 1872 multo
689 1808 816 1873 uberius
830 1810 888 1873 hos
903 1809 1152 1873 Commentarios
1167 1807 1322 1884 adhibuit,

124 1911 172 1976 ita
192 1918 231 1976 ut
251 1912 318 1996 ejus
339 1910 513 1975 testimonii
536 1910 707 1976 nonnullus
727 1912 770 1976 sit
792 1935 875 1989 usus,
891 1933 953 1996 qno
976 1917 1100 1975 textum
1119 1910 1196 1975 Cod.
1213 1911 1241 1974 B
1257 1911 1323 1992 ple-

125 2006 256 2100 rumque
275 2014 437 2098 integrum
457 2036 523 2079 esse
542 2014 655 2080 fiamus
677 2015 830 2092 certiores,
847 2036 1073 2100 nonnunquam
1096 2015 1191 2079 etiam
1214 2014 1269 2077 illa
1290 2015 1325 2079 in

125 2142 162 2183 eo
183 2118 302 2182 incerte
325 2117 442 2201 scripta
463 2117 628 2183 emendare
649 2118 814 2202 possimus.
860 2117 901 2181 In
922 2118 1009 2182 libris
1024 2140 1098 2182 vero
1117 2117 1218 2180 ix-xii
1237 2122 1324 2181 tant-

125 2243 217 2306 opere
235 2220 334 2286 citsta
352 2226 501 2298 coarctat,
517 2225 612 2306 atque
627 2221 748 2305 aliquot
761 2221 950 2305 paginarum
972 2221 1136 2285 materiam
1157 2224 1191 2285 in
1211 2242 1325 2305 pauco·

125 2346 196 2389 rum
218 2346 367 2388 versuum
392 2324 511 2409 redigit
536 2325 684 2408 spatium,
708 2330 744 2389 ut
766 2325 820 2388 vix
844 2324 938 2388 ullius
965 2325 1008 2387 sit
1034 2346 1109 2387 usus
1134 2325 1168 2388 in
1190 2330 1324 2389 textum.

126 2429 167 2492 In
191 2427 380 2512 fragmentis
404 2449 526 2512 quoqne
550 2427 700 2493 librorum
726 2427 959 2512 deperditorum
982 2428 1035 2505 vii,
1060 2427 1130 2505 viii,
1153 2428 1255 2491 mults
1280 2429 1326 2491 ita

124 2538 203 2596 sunt
231 2553 417 2614 compressa,
448 2536 486 2595 ut
515 2531 706 2594 sententiam
736 2530 842 2614 potius
871 2553 964 2615 quam
995 2530 1062 2614 ipss
1092 2530 1205 2615 Cyrilli
1231 2532 1325 2594 verba

125 2635 283 2710 referent3
305 2633 366 2697 alia
381 2634 520 2718 pleniora
535 2633 683 2697 videntur
697 2654 773 2697 esse.
818 2633 922 2697 Pauca
936 2636 1090 2720 quaedam
1110 2633 1206 2697 nimis
1225 2633 1327 2697 haesi·

126 2741 233 2801 tanter
258 2735 344 2820 typis
370 2736 550 2800 mandanda
575 2735 658 2814 dedi,
685 2758 758 2801 cum
788 2740 897 2800 contra
926 2737 1078 2800 librorum
1108 2737 1326 2800 auctoritatem

127 2840 273 2903 omittere
295 2860 358 2903 non
381 2837 546 2916 auderem
576 2838 666 2924 quale
687 2844 736 2903 est
758 2862 790 2923 p.
807 2841 866 2923 691
886 2862 913 2903 a.
960 2838 1121 2904 Scholium
1144 2838 1222 2902 illud
1243 2841 1326 2923 qnod

128 2941 249 3025 Cyrillo
264 2941 409 3005 tribuunt
424 2964 452 3018 a,
469 2940 497 3018 k,
514 2964 551 3019 m,
569 2941 639 3006 Cat.
658 2941 749 3007 Harl.
765 2941 850 3007 illius
864 2949 1002 3007 nonest.

172 3043 310 3109 Catenae
324 3045 358 3107 in
376 3047 408 3109 S.
426 3045 580 3109 loannem
596 3045 782 3111 Nicetianae
798 3045 875 3109 duae
896 3045 1086 3110 recensiones
1103 3044 1248 3109 videntur
1263 3067 1329 3109 esse

128 3146 248 3225 editae3
279 3170 412 3232 quarum
432 3148 562 3213 alteram
584 3147 735 3213 exhibent
755 3149 831 3213 Cod.
854 3148 1081 3212 Moseoviensis
1101 3154 1195 3233 atque
1216 3148 1329 3211 Parisi-

128 3249 212 3315 ensis
233 3250 287 3316 ille
308 3273 401 3336 quem
425 3274 485 3337 ego
505 3252 525 3316 k
546 3251 702 3336 appellavi
713 3278 723 3329 ;
746 3252 886 3329 alteram,
905 3252 939 3314 in
960 3273 1053 3336 quem
1074 3250 1194 3315 Catcna
1212 3250 1328 3316 Corde-

128 3352 217 3418 riana
245 3354 370 3418 videtur
401 3355 536 3439 amplius
565 3356 661 3418 fnisse
689 3354 842 3432 adbibita,
867 3354 994 3420 exhibet
1021 3354 1097 3420 Cod.
1125 3354 1327 3431 Harlaicnsis‚

129 3479 230 3543 neque
252 3458 394 3541 equidem
416 3457 517 3521 ullum
540 3457 626 3521 aliud
648 3458 715 3543 ejus
736 3457 895 3542 exemplar
917 3459 1000 3524 novi.

173 3627 246 3691 Alia
260 3648 299 3690 ex
313 3627 363 3691 his
373 3627 616 3692 Commentariis
631 3627 730 3692 citata
744 3628 906 3693 nominare
921 3629 1010 3707 libet,
1020 3629 1104 3711 apud
1118 3626 1328 3712 Euthymium

130 3730 326 3814 Zigabenum
337 3730 371 3794 in
380 3731 532 3815 Panoplia
541 3730 741 3815 Dogmatica,
752 3731 908 3815 prioribus
917 3729 1220 3795 Commentariorum
1235 3729 1327 3795 foliis.

128 3832 183 3897 Ad
197 3834 255 3897 hos
271 3833 346 3898 Cod.
357 3834 530 3898 Viennensi
546 3856 620 3897 usus
636 3856 705 3897 sum
720 3834 828 3899 Theol.
845 3834 956 3898 Nessel
975 3836 1025 3917 76,
1041 3835 1172 3898 membr.
1214 3833 1330 3895 Exstat

129 3959 253 4022 quoque
275 3959 374 4000 nnnm
396 3937 447 4001 vel
469 3936 603 4001 alterum
625 3958 664 4000 ex
688 3937 721 4002 S.
738 3936 858 4021 Cyrillo
878 3943 1060 4020 excerptum
1081 3937 1115 3999 in
1132 3937 1208 4000 Cod.
1225 3936 1329 4000 Med.-

129 4040 225 4103 Laur.
250 4039 335 4104 Plut.
351 4039 394 4104 vi.
414 4060 462 4118 12,
483 4062 544 4105 seo.
559 4041 613 4103 xiv
628 4042 735 4123 (=p):
758 4040 822 4105 vid.
846 4040 961 4105 tomi.
982 4064 1013 4125 p.
1029 4055 1104 4125 552,
1123 4040 1207 4104 inter
1228 4046 1329 4104 notas.

165 4218 181 4251 ¹*
205 4219 238 4273 ln
262 4237 319 4273 uno
342 4219 440 4274 horum
465 4220 521 4275 foll.
542 4220 570 4274 in
593 4218 621 4274 S.
642 4219 765 4290 Dionysii
788 4220 962 4282 Monasterio,
986 4218 1124 4274 Scholinm
1149 4218 1330 4273 Eusebianum

130 4300 225 4370 (Cord.
243 4321 270 4372 p.
284 4303 319 4356 80
332 4302 392 4373 fin.)
406 4304 519 4367 citatum
538 4303 581 4357 cui
598 4303 806 4374 superscriptum
824 4312 864 4356 est
876 4302 1006 4364 Εὑσεβίου
1025 4303 1169 4370 Καισαρίας
1186 4303 1214 4356 ἐκ
1232 4305 1278 4354 τοῦ
1295 4302 1332 4356 cle

129 4387 174 4439 τὸν
187 4387 283 4453 Δανιὴλ
298 4387 492 4456 ὑπαδειγματοι.
529 4386 563 4452 ln
580 4388 638 4457 ipso
657 4385 758 4438 scholio
776 4385 842 4439 nibil
861 4387 973 4456 alicujus
993 4387 1121 4439 momenti
1137 4386 1264 4438 variatum
1283 4393 1331 4451 ost,

130 4469 181 4522 nisi
194 4469 245 4522 ἀπὸ
257 4473 361 4538 πρώτου
374 4469 452 4539 κόρου
463 4469 600 4533 βασιλείας
612 4469 684 4523 ἔτους
697 4486 746 4538 pro
757 4469 808 4523 ἀπὸ
819 4472 922 4539 πρώτου
934 4474 980 4522 τοῦ
992 4468 1070 4538 sipon
1080 4470 1226 4532 βασιλείας.

178 4574 245 4620 von.
262 4578 283 4619 1.
725 4556 745 4618 b
