3038 5018
248 306 313 370 638
551 306 591 371 Β.
615 304 824 371 CYRILLI
854 304 1144 370 ALEXANDR.
1343 302 1455 384 νῦν(

250 481 271 518 “
289 469 457 571 ἐποίησεν
484 471 627 570 Ἰησοῦς
653 471 831 574 μαχαίρας
857 467 1035 572 πετρίνας,
1063 471 1122 549 καὶ
1153 467 1353 572 περιέτεμε
1384 463 1457 551 τοῦς

249 605 271 643 “
290 592 383 678 υίοῦς
413 592 605 698 Ἰσραήλ.”
656 595 695 673 ἐν
727 593 799 699 γὰρ
837 591 882 693 δὴ
917 592 1055 677 τούτοις
1090 593 1177 692 ἡμῖν
1212 589 1260 673 τὸ
1300 590 1374 691 μέν
1402 595 1457 690 τῆς

248 718 381 820 πέτρας
400 716 522 818 ὄνομα,
541 715 583 797 τὸ
602 720 705 797 οἱονεὶ
724 717 887 819 πεπηγός
903 751 943 798 τε
961 721 1020 797 καὶ
1043 717 1260 820 ἄθραυστον
1278 724 1352 796 τοῦ
1371 720 1457 796 θεοῦ

251 841 386 943 Λόγου·
418 839 460 921 τὸ
487 840 525 921 δὲ
550 839 746 943 λεγόμενον
767 838 977 943 ἀκρότομον,
993 838 1061 941 τὴν
1079 844 1116 919 έν
1135 846 1188 947 τῷ
1207 846 1457 922 καθικνεῖσθαι

251 972 391 1049 λεπτῶς
430 971 478 1050 είς
515 963 657 1045 ἅπαντα
695 962 843 1063 δύναμιν
876 967 935 1044 καὶ
966 962 1032 1063 τὴν
1066 963 1251 1070 ὀξυτάτην
1285 964 1478 1068 ε’νέργειανδ

252 1091 361 1168 αὐτοῦ
388 1094 504 1188 δηλοῖ,
535 1091 609 1169 ἐπεὶ
641 1091 699 1168 καὶ
729 1093 878 1172 Παῦλος
908 1088 1002 1187 ἡμῖν,
1033 1090 1053 1168 ὁ
1083 1094 1157 1173 τοῖς
1189 1093 1307 1191 ἱεροῖς
1338 1089 1458 1168 τεκαὶ

84 1211 152 1326 fifh·
165 1211 198 1260 iv.
253 1216 357 1298 θείοις
393 1211 671 1316 ἐντεθραμμένος
707 1211 901 1314 γράμμασι
933 1222 955 1260 “
974 1211 1088 1314 ζῶντα
1122 1214 1184 1291 καὶ
1223 1213 1376 1314 ε’νεργῆ,
1408 1214 1458 1290 καὶ

223 1348 275 1406 0“
293 1338 495 1438 τομώτερον
532 1334 622 1438 ῦπέρ
658 1342 785 1416 πᾶσαν
816 1332 998 1440 μάχαιραν
1029 1336 1231 1432 δίστομον”
1266 1333 1341 1416 τδν
1372 1342 1460 1415 θεῖον
1506 1420 1512 1453 ⁸

252 1465 430 1541 ἀποκαλεῖ
443 1459 569 1561 λόγον,
589 1458 801 1538 διικνεῖσθαί
815 1491 852 1538 τε
872 1459 988 1563 φησὶν
1006 1455 1114 1537 αὐτὸν
1133 1469 1154 1505 “
1168 1456 1259 1563 ἄχρι
1280 1465 1458 1563 μερισμοῦ

253 1596 274 1633 “
293 1589 415 1690 ψυχῆς
440 1585 497 1661 καί
522 1581 756 1680 πνεῦματος.”
797 1583 817 1660 ὁ
844 1580 882 1661 δὲ
906 1583 1018 1665 οὕτως
1042 1579 1176 1666 λεπτὸς
1199 1588 1262 1661 καὶ
1283 1582 1408 1683 τομῦς,
1425 1584 1457 1661 έν
1467 1612 1492 1654 10

252 1709 409 1810 καρδίαις
437 1714 514 1790 ταῖς
541 1706 724 1807 ἡμετεραις
753 1703 812 1784 διά
839 1712 903 1784 τοῦ
925 1704 1014 1784 ίδίου
1038 1705 1326 1803 καθικνούμενος
1351 1707 1458 1788 Πνεῦ-

252 1865 373 1928 ματος,
396 1826 622 1910 ἀπαλλάττει
649 1828 714 1927 μὲν
742 1828 889 1926 ἀπάσης
917 1830 1150 1930 ἀκαθαρσίας·
1180 1830 1396 1931 περιτεμὼν
1414 1828 1457 1927 δέ,

252 1957 300 2037 ὡς
319 1956 383 2033 οῦκ
401 1955 502 2033 ἔστιν
521 1960 640 2049 εἰπεῖν,
659 1950 705 2032 τά
723 1953 779 2057 ἐφ’
800 1949 853 2035 οἷς
871 1955 981 2048 ε’σμεν
1000 1956 1064 2051 τῆς
1083 1950 1243 2054 ἐσχάτης
1263 1956 1457 2058 βδελυράις

251 2079 431 2184 ἀνάπλεῳ,
460 2081 518 2157 καὶ
546 2077 668 2179 ἁγίους
697 2079 755 2155 καὶ
783 2073 951 2177 ἀμώμους
979 2073 1228 2177 ἀπεργάζεται.
1285 2077 1361 2180 ὅρα
1393 2076 1457 2181 γάρ

251 2237 312 2299 μοι
331 2200 620 2306 διαφαυεστάτην
638 2203 676 2278 ἐν
694 2198 832 2283 τούτοις
849 2195 916 2297 τὴν
933 2202 997 2296 τῆς
1015 2199 1185 2296 ἀληθείας
1203 2198 1345 2281 εἰκόνα.
1385 2202 1456 2281 ἔστι
1467 2224 1493 2286 ¹5

251 2324 322 2428 γὰρ
341 2327 362 2404 ὁ
380 2323 446 2423 μέν
463 2325 685 2428 περιτέμνων
702 2325 856 2422 Ἰησοῦς,
877 2327 909 2401 οῖ
929 2321 966 2401 δὲ
985 2322 1220 2419 ὑπομένοντες
1238 2333 1357 2404 τοῦτο
1377 2326 1457 2428 παρ’

84 2448 190 2579 ἔξω·
219 2450 371 2544 (Ιαῦτοῦ,
390 2455 498 2528 “miv
522 2451 663 2528 παιδίον
688 2446 776 2543 νέον,
800 2444 894 2525 καθά
922 2446 1133 2548 γέγραπται,
1157 2446 1264 2532 ὅστις
1294 2451 1365 2529 οὐκ
1393 2446 1458 2530 οἶδε

252 2582 275 2619 “
292 2571 452 2673 σήμερον
479 2571 618 2673 ἀγαθὸν
645 2570 668 2672 ἢ
700 2567 844 2650 κακόν.”
893 2575 927 2648 οἱ
957 2569 1023 2669 μέν
1051 2568 1123 2671 γὰρ
1152 2575 1217 2667 τῆς
1246 2576 1460 2674 Αίγιπττίων

251 2694 533 2793 έκδεδημηκότες,
551 2699 614 2793 τῆς
632 2695 809 2777 ἀπειθείας
827 2692 988 2798 ὀψώνιον
1006 2691 1072 2791 τὴν
1092 2693 1190 2772 θείαν
1209 2689 1315 2799 εἶχον
1334 2697 1459 2799 ὀργὴν,

252 2853 309 2897 και
297 2818 597 2918 πολυειδης’
555 2815 683 2902 αυτοῦς
711 2817 803 2896 κατὰ
831 2815 897 2915 τὴν
922 2815 1054 2963 ἔρημον
1078 2814 1260 2921 ἐξεδέχετο
1287 2817 1495 2918 κόλασις,’ο

252 2939 415 3048 δόξον’
387 2939 529 3026 εικότως
555 2948 607 3048 τῷ
632 2941 806 3046 πανάγνιρ
830 2945 913 3044 Θεῷ
940 2937 991 3039 μὴ
1019 2946 1229 3040 εἰσαγαγεῖν
1251 2942 1392 3027 αῦτοῦς
1417 2949 1461 3026 είς

251 3060 322 3214 τὴν
343 3070 426 3166 γῆν,
455 3063 501 3165 ἣν
528 3063 649 3164 ὤμοσε
678 3071 752 3147 τοῖς
781 3061 964 3165 πατράσιν
992 3063 1121 3142 αὐτῶν.
1172 3068 1206 3142 οί
1236 3063 1278 3144 δε
1307 3066 1358 3145 αὖ
1388 3067 1460 3165 μετ’

250 3187 400 3271 ἐκείνους
431 3195 504 3267 τῶν
536 3192 600 3286 τῆς
636 3188 814 3271 ἀπειθείας
846 3185 1084 3288 ἐγκλημάτων
1116 3185 1311 3290 ἐλεύθεροι,
1347 3189 1463 3272 τύπου

251 3309 476 3413 ἀνεπλήρουν
504 3321 568 3391 τοῦ
597 3311 675 3389 νέου
703 3318 806 3407 λαοῦ,
833 3314 882 3394 ὡς
909 3312 967 3388 καὶ
994 3309 1061 3409 τὴν
1088 3311 1126 3389 έν
1152 3309 1333 3409 πνεύματι
1364 3348 1463 3417 περι-

251 3431 364 3531 τομὴν
383 3434 441 3512 διὰ
459 3440 626 3538 Χριστοῦ
645 3433 856 3533 λαμβάνειν,
874 3433 1130 3537 κατοιχομένου
1148 3431 1239 3537 πρὸς
1258 3436 1461 3534 ἀπώλειαν,
1471 3462 1497 3524 ις

222 3556 413 3659 οκαθάπερ
441 3560 568 3661 ἀρτίως
596 3556 777 3658 ἐλέγομεν,
804 3566 869 3637 τοῦ
899 3557 1049 3662 ἀρχαίου
1080 3560 1140 3637 καὶ
1167 3556 1318 3660 πρώτου
1350 3568 1460 3658 λαοῦ,

250 3681 415 3761 τουτέστι
445 3689 509 3760 τοῦ
536 3681 703 3784 Ἰσραήλ.
751 3681 994 3783 περιτέμνεται
1024 3680 1137 3784 γεμὴν
1167 3684 1187 3760 ὁ
1216 3681 1373 3784 εὐγενὴς
1407 3689 1463 3764 καὶ

252 3806 328 3890 νέος
355 3805 453 3902 λαὸς,
472 3808 597 3905 Ἰησοῦ
626 3807 887 3902 διατάττοντος,
904 3806 1018 3909 πέραν
1043 3814 1107 3885 τοῦ
1132 3803 1336 3908 Ἰορδάνου,
1370 3807 1463 3889 καθά

251 3930 463 4033 γέγραπται.
504 3928 665 4036 έχειγάρ
685 3933 855 4009 οὕτωκαὶ
881 3929 926 4009 τὰ
951 3933 990 4009 ἐκ
1015 3933 1079 4028 τῆς
1105 3928 1277 4028 ἀληθείας
1296 3934 1460 4037 θεωροῦ-

286 4200 312 4253 3.
331 4182 407 4235 οἱονεὶ
435 4178 535 4234 οῖονΒ.
619 4195 645 4248 5.
665 4181 706 4234 καὶ
718 4197 772 4233 om
788 4179 821 4232 Β.
904 4191 928 4249 7.
947 4179 1086 4249 ε’νιργηΒ.
1099 4177 1271 4267 εὐεργοῦνΙ).
1286 4179 1464 4275 ε’νεργδνΒά.

255 4270 294 4307 10.
314 4254 387 4322 ψυχ
375 4276 403 4318 ης
431 4253 528 4320 σαρκὸς
543 4250 574 4304 Β.
715 4267 755 4303 12.
775 4248 979 4319 περιτέμνωνΒ.
1118 4267 1159 4317 14.
1178 4270 1269 4320 αγιους
1282 4273 1326 4304 και
1340 4256 1465 4322 upupam

251 4276 474 4463 ῗῖῗῖἶῖίὲἀὶι
487 4319 1115 4477 §Efftffigfissss‘ssl‘ssdss{Jff‘z‘zzffssmgm
1128 4387 1151 4443 ι
1144 4335 1273 4443 καῖ’
1294 4321 1465 4465 “23“{3

248 4466 337 4525 titivm
349 4464 390 4516 διὰ
404 4467 519 4533 Χριστοῦ
532 4464 637 4516 inverso
650 4462 743 4515 ordine
756 4462 789 4515 B.
958 4479 1001 4532 27.
1018 4461 1196 4531 περιτέμνεται
1209 4459 1308 4533 γιμην]
1321 4467 1465 4537 περίειμι

250 4535 458 4601 τοίνυν(ιιὶς)Β
567 4534 609 4586 28.
627 4531 730 4603 Ιησου]
743 4555 790 4586 του
801 4531 936 4601 ἸησοῦΒ.
