3038 5018
89 289 178 375 vi.7.
256 292 314 357 IN
344 295 377 359 S.
403 295 657 360 JOANNEM.
704 294 890 359 LIB.III.
936 293 1039 357 CAP.
1064 290 1123 354 IV.
1225 290 1289 350 409

89 456 216 538 πείθει.
230 457 358 538 λοιπὸν
379 461 432 541 ἐπ’
453 461 563 541 ἐκεῖνο
590 460 754 563 βαδίζειν,
781 461 834 541 ὅτι
863 457 982 559 δεήσει
1010 456 1073 537 τὸν
1095 456 1238 557 Κύριον,
1260 461 1289 531 εὶ

89 579 242 683 μηδενὸς
261 579 401 665 ἐνόντος
415 585 543 682 αὐτοῖς,
556 587 770 690 ἀποτρέψειν
783 584 954 682 βούλοιτο
972 580 1054 663 τοὺς
1072 579 1163 683 πρὸς
1181 576 1290 658 αὐτὸν

90 705 301 810 ἐρχομένους
324 705 453 815 ἀφάτιρ
477 707 622 807 δυνάμει
648 713 705 789 καὶ
731 709 878 816 ἐξουσίᾳ
903 713 1094 809 θεοπρεπεῖ
1116 708 1322 805 δημιουρ-λι

90 833 205 932 γῆσαι
232 828 383 936 τροφάς.
435 839 541 912 τοῦτο
574 832 645 935 γάρ
676 831 720 932 ἦν
748 834 798 912 ἐτι
829 833 869 911 τὸ
903 831 1125 931 λειπόμενον,
1153 832 1211 906 καί
1243 831 1290 908 είς

57 975 77 1036 5
89 952 202 1052 μόνας
226 955 314 1055 όρᾶν
338 953 402 1038 τάς
429 959 588 1035 ἐντεῦθεν
609 958 757 1039 ἐλπίδας
785 955 903 1035 ἐκάλει
932 954 1070 1050 λοιπὸν,
1094 950 1185 1032 κατά
1209 948 1291 1033 τοὺς

89 1079 174 1178 παρ’
194 1074 546 1183 Ἕλλησιὶποιητάς,

437 1279 524 1290 --
539 1243 676 1322 σιδήρεον
700 1245 785 1308 ἕλκος
808 1245 944 1323 ἀνάγκης.

122 1535 306 1601 Διακοσίων
334 1537 498 1625 δηναρίων
526 1539 620 1624 ἄρτοι
648 1537 706 1601 οὐκ
734 1538 883 1624 ἀρκοῦσιν
912 1531 1021 1601 αὐτοῖο
1049 1535 1101 1599 ίνα
1129 1537 1265 1598 ἕκαστος

553 1682 651 1767 βραχύ
679 1706 708 1744 τι
736 1681 829 1769 λάβῃ.

41 1888 80 1927 10
149 1859 333 1961 Ἀδρανῶς
363 1863 382 1939 ὁ
412 1861 595 1945 Φίλιππος
624 1866 687 1941 οὐκ
719 1865 776 1942 ἐπὶ
807 1861 847 1939 τὸ
879 1861 998 1940 πάντα
1029 1858 1205 1937 δύνασθαι
1234 1858 1291 1934 καὶ

93 1982 177 2061 λίαν
202 1981 358 2068 εὐκόλως
383 1984 446 2063 τὸν
462 1984 606 2079 Ἰησοῦν
627 1987 809 2081 ἀναβαίνει
836 1985 959 2081 πάλιν,
978 1981 1077 2061 ἀλλά
1105 1980 1146 2061 τό
1173 1979 1321 2059 Πόθενο

93 2103 325 2208 ἀγοράσομεν
344 2107 503 2192 ἀκούσας
521 2116 761 2213 πειραστικῶς
778 2111 1000 2212 παραχρῆμα
1018 2103 1291 2207 συναρπάζεται,

93 2233 151 2309 καί
189 2236 237 2315 είς
269 2231 382 2332 μόνην
415 2236 483 2340 ὁρᾷ
518 2233 584 2332 τὴν
618 2232 674 2313 διά
712 2231 905 2339 χρημάτων
939 2230 1032 2326 ὁδὸν,
1066 2231 1131 2332 οὐχ
1168 2226 1293 2327 ἑτέρως

94 2354 369 2455 ἀνυσθήσεσθαι
396 2357 462 2457 τὴν
489 2367 552 2438 τοῦ
580 2355 792 2460 πράγματος
821 2355 994 2456 ἐννοήσας
1025 2354 1151 2458 φύσιν,
1182 2356 1211 2429 εί
1243 2346 1292 2448 μὴ
1320 2416 1324 2423 .

44 2503 80 2562 ¹5
95 2483 220 2586 θεσμῷ
239 2486 291 2588 τῷ
309 2488 415 2588 κοινῷ
435 2487 493 2560 καὶ
512 2489 563 2589 τῷ
587 2481 686 2585 παρά
711 2490 804 2562 πᾶσι
830 2480 1097 2585 κατειθισμένιρ·
1131 2473 1293 2555 τοῦτοδὲ

94 2600 139 2701 ἦν
157 2604 180 2701 ἡ
197 2607 236 2682 ἐκ
255 2605 416 2704 δαπάνης
436 2608 632 2711 φιλοτιμία.
662 2609 789 2685 οὐκοῦν
808 2605 897 2685 ὅσον
915 2605 962 2688 είς
981 2638 1018 2681 τε
1037 2609 1109 2681 τῶν
1123 2605 1293 2698 μαθητῶν

93 2724 136 2804 τό
155 2729 456 2833 ἀφιλοχρήματον
474 2733 532 2809 καί
557 2730 599 2807 τὸ
621 2734 814 2829 κεκτῆσθαι
832 2727 952 2828 μηδὲν,
972 2732 1030 2806 καὶ
1055 2732 1102 2809 είς
1127 2727 1237 2823 αὐτὴν
1255 2723 1293 2804 δέ

94 2859 159 2930 τοῦ
178 2854 364 2934 Φιλίππου
389 2850 455 2951 τὴν
474 2852 641 2950 διάνοιαν,
662 2855 760 2934 οὔπω
785 2853 926 2935 τελείως
951 2850 1042 2952 πρὸς
1066 2848 1108 2928 τὸ
1133 2850 1292 2956 ἐξαίσιον

94 2983 158 3054 τοῦ
188 2980 353 3077 Σωτῆρος
386 2978 487 3076 ἡμῶν
515 2979 715 3085 ἀφορῶσαν
747 2977 899 3083 ἀξίωμα,
930 2979 978 3057 είς
1010 2971 1186 3052 ἀδύνατόν
1214 2991 1326 3056 πωςδ

41 3129 81 3171 20
94 3098 338 3201 περιτρέπεται
357 3098 527 3201 λοιπὸνὴ
552 3105 608 3181 ἐπὶ
634 3109 708 3184 τοῖς
733 3101 856 3204 ὄχλοις
882 3099 1082 3206 φιλοτιμία.
1122 3106 1228 3175 τοῦτο
1253 3098 1291 3176 δέ

94 3226 136 3301 οὐ
154 3222 291 3325 γε’γονε,
310 3222 509 3331 διεξάγεται
528 3224 565 3304 δέ
584 3233 647 3305 τοῦ
667 3229 832 3326 Σωτῆρος
852 3230 900 3307 είς
918 3222 1028 3324 πέρας
1051 3223 1073 3320 ἦ
1096 3221 1286 3320 βούλησις.

94 3356 116 3393 “
129 3345 184 3426 Τὸ
204 3346 377 3427 ἀδύνατον
395 3350 464 3448 ἀρα
483 3347 582 3450 παρά
600 3349 799 3449 ἀνθρώποις
817 3344 967 3425 δυνατὸν
986 3344 1085 3449 παρά
1107 3352 1158 3452 τῷ
1177 3348 1288 3453 &aff
1335 3348 1458 3475 ξῃξίωη

93 3475 152 3549 καὶ
186 3474 250 3568 τῆς
280 3471 428 3571 ἐνούσης
462 3475 675 3556 ἀκολουθίας
704 3476 810 3577 ε’ντῇ
843 3473 953 3579 φύσει
985 3478 1057 3550 τῶν
1085 3473 1169 3550 καθ’
1198 3472 1290 3571 ἡμᾶς

92 3591 327 3695 πραγμάτων,
354 3595 579 3701 πανταχόθεν
607 3597 759 3693 ἀμείνων
782 3631 804 3695 η
833 3596 910 3675 θεία
938 3597 1100 3701 φαίνεται
1128 3595 1288 3695 δύναμις,

38 3741 79 3800 ²5
92 3718 212 3797 πάντα
236 3718 450 3826 παραδόξως
475 3717 634 3826 ἐξανύειν
659 3720 850 3825 ἰσχύουσα,
871 3721 928 3799 καί
958 3719 1030 3799 ὅσα
1058 3718 1120 3798 τὸν
1145 3721 1182 3797 ἐν
1207 3721 1290 3817 ἡμῖν

93 3839 287 3948 ἐξάλλεται
315 3851 409 3923 νοῦν.

1303 3951 1320 3993 θ

1136 4060 1143 4076 Ι

131 4079 155 4117 2.
174 4063 352 4134 ἀποστρίφιιν
365 4063 397 4118 Β.
515 4063 541 4116 8.
560 4062 717 4133 ἀρκέσουσιν
731 4061 763 4116 Β.
883 4077 924 4128 ῐ4.
943 4063 989 4130 τὴν
1002 4071 1062 4132 post
1074 4062 1129 4115 ι’ννο
1148 4084 1197 4118 σας
1209 4071 1241 4115 tr.
1257 4061 1290 4116 B.

97 4150 138 4220 15
158 4133 543 4260 κατειθιρρίνφὲκτιθησομένῳ
556 4135 596 4204 (=
610 4134 694 4204 κτηθ.)
708 4133 741 4186 Β.
839 4150 881 4199 24.
900 4133 1019 4204 φαίνεται
1031 4084 1147 4203 bavam}
1162 4133 1236 4204 φωνὴ
1249 4134 1291 4187 καί

93 4205 199 4274 δυναμις
209 4206 327 4276 φαινεται
366 4247 373 4260 .
