3038 5018
223 269 285 330 178
523 267 562 330 Β.
586 266 793 330 CYRILLI
824 263 1112 331 ALEXANDR.
1266 263 1288 327 i.
1302 279 1355 347 32,
1371 278 1422 346 33·

220 429 264 534 ἐξ
287 431 395 528 αὑτῆς
422 432 643 536 ἀποτέξεται,
662 435 720 509 καὶ
744 428 881 532 γυμνὸν
899 431 983 528 ἡμῖν
1001 436 1073 508 τῶν
1091 429 1182 531 αὐτῇ
1207 425 1424 528 προσόντων

221 551 421 650 ἰδιωμάτων
450 553 512 633 τὸν
536 560 663 633 οἰκεῖον
691 553 873 634 ἀποδώσει
901 552 1040 654 καρπόν
1052 585 1063 649 3
1104 558 1133 631 εὶ
1161 549 1233 652 γὺρ
1261 548 1331 653 ἔχει
1359 545 1424 625 τὸν

222 676 405 777 ἁγιασμόν
432 676 596 774 ἐπακτὸν,
620 681 668 760 ὡς
694 680 815 757 ε’κεῖνοι
843 675 1035 777 ληροῦντές
1063 683 1190 778 φασιν,
1211 671 1350 774 ἀνάγκη
1379 666 1425 766 δὴ

221 797 334 878 πάλιν
361 807 465 880 πᾶσα
493 806 756 902 συνομολογεῖν
785 803 843 879 καὶ
871 803 937 904 οὑχ
965 798 1110 882 ἑκόντας
1138 796 1276 893 αὑτοὺς,
1302 799 1350 878 ὡς
1377 791 1424 893 ἧν

221 918 287 1019 μὲν
311 921 411 1021 ἀγιος
439 926 502 1003 οὑκ
530 925 595 1003 ἀεί·
635 925 759 1025 γε’γονε
790 922 826 1003 δὲ
857 926 1019 1023 ὕστερον,
1044 922 1101 1001 ὅτε
1130 924 1188 999 καὶ
1213 925 1257 1000 Τό
1285 920 1424 1020 Πνεὺμα
1439 934 1464 1005 5“

225 1045 473 1145 καταβέβηκεν
492 1049 544 1126 ἐπ’
566 1047 672 1143 αὐτόν,
691 1049 739 1131 ὡς
765 1048 784 1124 ό
802 1045 969 1144 Ἰωάννης
996 1049 1103 1149 φησί·
1137 1051 1214 1127 πῶς
1240 1043 1303 1123 οὑν
1321 1039 1424 1143 ἅγιος

58 1187 164 1241 119Δ.
195 1165 267 1266 ιῆν
300 1172 358 1247 καὶ
389 1166 460 1271 πρὸ
498 1174 561 1268 τῆς
598 1170 817 1272 σαρκώσεως
855 1172 874 1248 ὁ
907 1169 1020 1264 Υἱός;
1068 1170 1180 1251 οὑτως
1211 1165 1282 1268 γὰρ
1313 1163 1426 1244 αὑτὸν

223 1293 426 1398 ἐδοξολόγει
449 1292 495 1372 τά
521 1299 687 1398 Σεραφὶμ
713 1296 770 1372 ἐπὶ
795 1290 858 1373 τὸν
880 1294 1000 1396 τρίτον
1018 1293 1150 1398 ἐφεξῆς
1176 1288 1326 1392 ἀριθμόν
1350 1287 1426 1367 ἀπὸ

222 1424 287 1495 τοῦ
303 1416 459 1518 πρώτου,
479 1416 521 1495 τό
540 1414 670 1518 “Arzos
689 1415 884 1520 στοιχηδὸν
903 1417 1138 1522 ἀναφέροντα.
1181 1415 1308 1492 οὑκοὺν
1326 1412 1426 1512 εἴπερ

223 1537 323 1640 ἀγιος
349 1536 394 1636 ἦν
419 1544 476 1618 καὶ
501 1539 572 1643 πρὸ
597 1544 660 1637 τῆς
683 1537 998 1640 ε’νανθρωπήσεως,
1019 1546 1164 1636 μᾶλλον
1190 1536 1227 1616 δὲ
1252 1535 1427 1638 ὑπάρχων
1444 1568 1479 1608 ιο

223 1665 276 1740 ἀεὶ
300 1660 391 1758 μετὰ
413 1670 478 1742 τοῖι
497 1661 653 1766 Πατρός,
672 1669 749 1746 πῶς
774 1665 883 1742 ἐδεῖτο
909 1673 971 1742 τοῦ
997 1661 1217 1763 ἀγιάζοντος,
1236 1663 1295 1738 καὶ
1318 1667 1428 1738 τοῦτο

224 1789 261 1863 ἐν
292 1785 453 1889 ὑστέροις
486 1791 628 1887 καιροῖς,
660 1785 717 1864 ὅτε
749 1786 896 1887 γε’γονεν
925 1787 1139 1887 ἅνθρωπος;
1186 1781 1353 1885 θαυμάζω
1387 1779 1427 1859 δὲ

224 1908 321 1993 ὅπως
349 1907 475 1994 αὑτοὺς
498 1911 641 1988 Ικάκεῖνο
670 1907 849 2006 λανθάνει,
879 1912 991 1988 καίτοι
1019 1912 1103 1989 λιάν
1131 1907 1236 1990 ὄντας
1268 1905 1423 2010 φιλοζη-

223 2031 344 2131 τητάς·
376 2029 398 2130 ἢ
418 2031 489 2134 γὰρ
508 2033 572 2111 οὑκ
590 2030 727 2133 ἀνάγκη
747 2039 849 2128 νοεῖν,
868 2032 1048 2112 δύνασθαί
1068 2066 1153 2112 ποτε
1175 2029 1238 2111 τὸν
1255 2028 1346 2110 Υῖδν
1365 2033 1427 2110 καὶ

223 2155 431 2236 ἀποπτύσαι
450 2155 513 2234 τὸν
531 2153 725 2256 ἀγιασμὸν,
745 2144 841 2257 εῖπερ
861 2157 923 2235 οὑκ
943 2156 1041 2235 ἔστιν
1060 2154 1235 2253 οὑσιιόδης
1253 2156 1291 2232 ἐν
1309 2153 1424 2261 αὑτῷ,
1444 2187 1479 2247 ¹5

191 2283 360 2376 ὑσννεβη
389 2277 425 2357 δὲ
453 2275 577 2382 ὥσπερ
605 2279 688 2377 ἡμῖν
717 2280 774 2356 καὶ
801 2278 907 2385 ἑτέρῳ
935 2285 1003 2358 τινὶ
1031 2285 1102 2357 τῶν
1130 2285 1287 2380 λογικῶν
1315 2311 1420 2356 κτισ·

224 2399 369 2499 μάτων;
400 2399 441 2479 τὸ
469 2399 507 2479 δὲ
532 2400 719 2502 ἁγιότητος
740 2399 904 2496 ἐκπεσὸν,
924 2403 1001 2505 οὑχὶ
1021 2401 1064 2499 δὴ
1083 2401 1225 2485 πάντως
1245 2400 1348 2479 ἔσται
1366 2402 1427 2479 καὶ

225 2523 294 2604 ὑπὸ
322 2523 367 2602 τὰ
395 2528 459 2622 τῆς
486 2526 660 2624 ἁμαρτίας
688 2523 816 2623 δεσμὰ,
841 2528 898 2604 καὶ
926 2524 1075 2605 ὀκλάσει
1103 2524 1192 2627 πρὸς
1221 2522 1261 2603 τὸ
1289 2531 1424 2629 χεῖρον,

225 2647 340 2727 οὑκέτι
358 2648 533 2750 διασώζειν
552 2645 593 2726 τὸ
613 2648 840 2750 φαυλότητος
857 2646 927 2754 ἔξω
946 2649 1108 2751 γίνεσθαι
1126 2656 1271 2742 ποιοὺν;
1296 2649 1428 2728 οὑκοῖιν

226 2769 305 2850 οὑδὲ
331 2771 576 2853 ἀναλλοίωτος
600 2771 683 2868 ἡμῖν
706 2771 725 2847 ὑ
749 2769 837 2854 Υἱὸς
861 2772 1099 2873 εὑρεθήσεται,
1128 2773 1361 2877 διαψεὺσεται
1388 2772 1427 2853 δὲ
1442 2814 1479 2859 ιο,

130 2901 146 2948 ’·
226 2896 285 2973 καῖ
313 2896 333 2973 ὁ
361 2892 522 3002 μελῳδὸς
550 2897 587 2972 ἐν
608 2893 792 2992 Πνεὺματι
815 2907 836 2942 “
852 2894 904 2975 Σὺ
929 2893 964 2974 δὲ
991 2899 1010 2975 ὁ
1034 2894 1140 2981 αὑτὸς
1167 2892 1226 2974 εῖ”
1247 2901 1357 2992 βοῶν,
1377 2900 1428 2980 ὡς

224 3015 316 3120 πρὸς
335 3017 454 3097 αὑτόν.

283 3139 384 3242 Πρὸς
416 3143 459 3221 δε’
490 3176 531 3243 γε
568 3149 641 3226 τοῖς
678 3142 870 3245 εἰρημένοις
907 3142 1167 3245 περιαθρείσθω
1205 3145 1262 3222 καὶ
1298 3151 1424 3242 τοῦτο,

226 3269 384 3366 συγγενῆ
403 3264 468 3362 τὴν
487 3269 636 3366 θεωρίαν
655 3263 833 3370 εἰσφέρον·
869 3275 932 3346 τοῦ
950 3267 1184 3370 μετίσχοντος
1202 3264 1244 3345 τὸ
1271 3266 1425 3370 μετεχό-

199 3421 216 3461 ο
227 3421 335 3485 μενον
372 3387 490 3487 ἕτερόν
526 3422 561 3466 τι
599 3388 690 3467 κατὰ
726 3390 792 3488 τὴν
830 3388 943 3491 φύσιν
980 3390 1160 3493 ὑπάρχειν,
1193 3391 1428 3469 ἀπαστισοῦν
1443 3421 1479 3482 25

228 3509 425 3610 ἀναγκάσει
444 3509 566 3610 λόγος.
608 3519 636 3589 εῖ
662 3511 733 3614 γὰρ
758 3510 808 3610 μὴ
832 3511 937 3592 τοῦτό
962 3515 1062 3591 ἐστιν
1081 3512 1222 3612 ἀληθὲς,
1242 3513 1368 3591 διοίσει
1389 3513 1428 3594 δὲ

228 3634 305 3712 κατ’
339 3634 463 3712 οὑδένα
496 3631 630 3734 τρόπον
663 3636 772 3713 ἐκεῖνο
802 3633 892 3737 πρὸς
924 3644 1040 3730 τοῦτο,
1073 3640 1129 3745 καὶ
1164 3637 1243 3715 ἔστι
1274 3634 1425 3732 ταὺτὸν,

228 3758 354 3836 ἑαυτοῦ
371 3755 522 3861 με’τοχον
541 3757 643 3835 ἔσται
662 3756 703 3837 τὸ
723 3756 816 3841 τινὸς
835 3757 993 3863 μετέχον,
1013 3759 1101 3860 ὅπερ
1126 3762 1205 3839 ἐστὶ
1230 3762 1288 3839 καὶ
1313 3757 1429 3857 μόνον

228 3883 356 3960 ἐννοεῖν
389 3881 573 3960 ἀπίθανον.
625 3888 702 3965 πῶς
736 3880 805 3986 γὰρ
843 3884 887 3962 ἄν
920 3917 973 3964 τις
1010 3883 1136 3962 ἑαυτοῦ
1169 3890 1284 3962 νοοῖτο
1319 3917 1426 3982 μετε·

265 4087 288 4124 1.
307 4070 457 4139 ὑποτέξετσι
471 4069 503 4124 Β.
552 4068 623 4138 ἡμῶν
636 4070 668 4124 Β.
758 4088 784 4126 2.
802 4070 906 4142 οἰκεῖον]
920 4070 985 4126 ἰ’διον
998 4071 1031 4126 Β.
1120 4090 1146 4137 4.
1164 4073 1243 4127 πάλιν
1255 4083 1429 4143 assumptum

227 4158 260 4194 ex
273 4140 306 4194 B.
405 4142 430 4194 8.
448 4141 535 4195 τίτον
547 4158 600 4224 οη).
615 4141 648 4194 Β.
752 4158 792 4195 11.
812 4146 858 4195 τοῦ
871 4145 944 4211 prius
957 4161 1011 4196 om.
1027 4142 1058 4195 B.
1164 4160 1204 4209 14.
1222 4144 1285 4197 ποτὲ
1298 4142 1428 4198 δύνασθαι

226 4211 332 4264 inverso
344 4211 437 4264 ordine
477 4253 483 4264 .
571 4230 612 4282 19.
631 4210 769 4282 διασῶζον]
787 4219 814 4274 ÷
829 4216 894 4281 πρὸς
908 4212 957 4266 Ed.
971 4214 1054 4266 invito
1071 4213 1101 4266 B.
1115 4216 1180 4282 πρὸς
1193 4213 1273 4267 babet
1286 4213 1322 4267 D.
1336 4213 1385 4266 sed
1399 4216 1429 4268 in

226 4298 281 4350 mg.
295 4289 370 4336 notat
382 4284 411 4334 τὸ
423 4284 488 4351 πρὸς
499 4285 629 4351 περισσὸν
641 4279 709 4352 οἶμαι
722 4284 834 4350 (τπρός
846 4283 1012 4352 superfluum
1025 4302 1083 4336 esse
1096 4286 1183 4354 puto).
1256 4283 1378 4352 γίνεσθαι
1393 4284 1427 4339 Β.

225 4353 345 4419 γενέσθαι
360 4352 410 4405 Ed.
502 4370 545 4422 23.
563 4352 769 4421 περιορθρείσθω
784 4353 815 4405 B.
909 4370 951 4418 25.
972 4355 1103 4422 ὑπάρχειν,
1116 4350 1292 4423 ἁπαστισοῦν]
1306 4354 1430 4424 ὑπάρχον

225 4422 329 4475 ἅπασιν·
343 4423 382 4478 τίς
394 4422 439 4475 οὖν
455 4422 484 4475 B.
537 4425 580 4477 28.
592 4423 703 4493 μέτοχον
715 4431 740 4476 ct
751 4421 861 4492 μετέχον
873 4423 943 4476 inter
955 4442 983 4477 se
996 4426 1145 4493 transponit
1161 4424 1190 4477 Β.
1282 4440 1326 4493 29.
1339 4428 1429 4479 νοοῖτό

225 4511 263 4545 τις
275 4493 365 4545 ἐαυτοῦ
377 4515 406 4546 το
419 4496 579 4561 μετισχηκός
595 4493 624 4547 Β.
