3038 5018
223 277 285 343 176
525 276 563 340 B.
587 274 795 340 CYRILLI
825 272 1113 338 ALEXANDR.
1265 271 1287 334 i.
1300 289 1353 357 32,
1366 287 1422 355 33.

221 438 356 546 φόρους
384 447 663 541 καταμεριούμεν
685 436 828 540 λόγους,
851 440 899 521 ὡς
926 434 1014 516 εῖναι
1041 435 1107 533 μέν
1130 438 1168 514 έν
1191 437 1281 542 τῷδε
1310 430 1423 536 τυχόν

221 566 343 661 ἀτελῆ,
361 565 502 642 τελείαν
521 563 559 643 δέ
578 563 623 641 αὖ
641 561 754 642 πάλιν
771 565 809 641 ἐν
827 563 958 668 ἐκείνῳ·
990 563 1064 640 ε’πεὶ
1082 562 1140 639 καὶ
1159 561 1179 637 ό
1198 562 1261 656 τῆς
1283 560 1423 658 ἀνθρω-

220 687 377 786 πότητος
400 685 484 789 ὅρος
508 685 556 771 εἷς
581 685 673 764 κατὰ
696 684 842 765 πάντων
860 688 938 764 ε’στῖ
957 687 1015 764 καὶ
1034 683 1115 767 ’ίσος
1134 685 1172 761 ε’ν
1188 688 1303 762 πᾶσιν
1320 681 1419 780 ἡμῖν·

221 807 374 890 ἔλαττον
388 809 426 890 δέ
438 811 491 894 τίς
505 811 704 914 ἅνθρωπος,
716 806 806 889 καθά
823 809 983 916 πέφυκεν
996 809 1183 911 ἅνθρωπος
1200 840 1208 898 ;
1235 803 1320 885 ἀλλ’
1339 802 1422 884 ούδέ

220 933 335 1013 πλέον
352 933 472 1036 ἑτέρου
491 931 823 1039 καταληφθήσεται,
845 932 1007 1034 ἀγγέλου
1026 930 1064 1011 δέ
1082 928 1179 1028 οἶμαι
1198 930 1324 1010 διοίσει
1342 929 1419 1007 κατ’
1436 949 1457 1009 5

222 1057 322 1136 οὐδέν
353 1057 469 1161 ἕτερος
501 1056 668 1160 ἅγγελος,
698 1054 789 1136 κατοί
819 1092 860 1159 γε
894 1055 936 1135 τὸ
965 1053 1053 1136 εἶναι
1081 1056 1181 1135 τοῦθ’
1213 1053 1300 1157 ὅπερ
1328 1056 1423 1132 εἰσὶν

222 1180 384 1283 ἄγγελοι,
404 1179 543 1281 δηλαδὴ
568 1179 627 1260 διὰ
650 1185 713 1280 τῆς
738 1179 829 1282 πρὸς
853 1180 1040 1279 ἀλλήλους
1064 1178 1251 1277 ὁμοειδίας,
1269 1183 1318 1261 είς
1335 1178 1423 1276 μίαν

188 1302 376 1389 ᾶᾶπαντες
408 1304 711 1404 ἀναδεσμούμενοι
744 1302 871 1410 φύσιν.
918 1311 995 1386 πῶς
1029 1300 1075 1382 ἀν
1104 1303 1167 1382 οὖν
1195 1301 1217 1401 ἡ
1253 1302 1331 1380 θεία
1362 1302 1423 1379 καὶ

222 1426 392 1508 ἁπάντων
410 1429 705 1532 ύπερανίσχουσα
727 1428 839 1534 φύσις
866 1432 904 1507 ε’ν
922 1427 1094 1506 ε’λοῖττοσι
1115 1432 1189 1504 τῶν
1205 1431 1364 1526 γενητῶν
1383 1426 1423 1503 ἐν

221 1560 296 1635 τοῖς
322 1554 405 1633 καθ’
430 1550 558 1651 ἑαυτὴν
579 1556 726 1654 ἀγαθοῖς
754 1551 968 1657 ὀφθήσεται,
993 1552 1164 1648 ὑπομενεῖ
1188 1547 1225 1627 δέ
1251 1546 1379 1644 πάθος,
1401 1545 1480 1627 διο

220 1682 349 1755 παθεῖν
367 1677 432 1754 ούιε
450 1672 543 1755 οἶδεν
561 1676 583 1774 ἡ
603 1676 741 1771 κτίσις;
772 1681 849 1759 πῶς
868 1673 905 1754 δέ
925 1673 1020 1759 όλως
1039 1673 1142 1753 ἔσται
1161 1675 1219 1751 καῖ
1237 1673 1338 1769 ἀπλῆ
1363 1674 1424 1750 καὶ

221 1797 429 1895 ἀσύνθετος,
457 1797 554 1902 εἴπερ
586 1794 628 1878 ὃν
655 1801 693 1877 έν
720 1799 810 1903 αὐτῇ
844 1803 1009 1903 φανεῖται
1043 1796 1085 1876 τὸ
1120 1794 1258 1876 τέλειον
1287 1797 1346 1874 καὶ
1378 1792 1422 1874 τὸ

222 1922 369 2017 ἀτελές;
404 1922 633 2024 συγκείσεται
661 1919 732 2025 γάρ
762 1923 804 2000 δι’
830 1925 975 2029 ἀμφοῖν,
1002 1920 1099 2025 ε’ίπερ
1127 1922 1195 2024 ούχ
1220 1918 1344 2017 ὅμοιον
1369 1923 1424 2027 τῷ

221 2048 345 2152 τελείῳ
363 2043 405 2125 τό
424 2045 561 2130 ἀτελές.
600 2051 629 2124 εἰ
648 2044 712 2142 μέν
730 2043 801 2149 γάρ
821 2042 943 2144 ὅμοιόν
961 2047 1039 2124 ε’στι
1059 2042 1177 2124 καὶτὸ
1202 2042 1424 2123 διαλλάττον

221 2170 323 2251 οὐδέν
345 2173 383 2249 έν
405 2171 534 2266 αὐτοῖς,
556 2175 630 2249 πᾶν
656 2167 744 2272 ὅπερ
772 2166 893 2267 ἀνείη
921 2166 1060 2249 τέλειον
1085 2168 1290 2274 ἀδιαφόρως
1318 2167 1424 2246 ἔσται
1440 2195 1479 2255 15

192 2298 280 2374 οκαὶ
305 2292 440 2376 ἀτελές·
471 2295 528 2371 καὶ
556 2291 648 2372 εἴτι
675 2289 788 2371 πόλιν
814 2291 948 2389 ἀτελές,
970 2301 1077 2372 τοῦτο
1105 2295 1164 2371 καὶ
1191 2291 1338 2387 τέλειον,
1362 2294 1424 2369 καὶ

222 2416 324 2497 οὐδέν
343 2419 381 2495 ε’ν
394 2422 473 2523 Υίῲ
490 2414 532 2494 τό
550 2414 794 2519 κατηγόρημα,
813 2415 880 2495 κάν
896 2423 973 2500 ταῖς
993 2416 1174 2520 ὑμετέραις
1193 2414 1361 2497 διανοίαις
1379 2413 1423 2493 τὸ

221 2539 358 2620 τέλειον
374 2539 467 2643 ἔχων
490 2541 531 2618 ού
556 2540 737 2643 φαίνηται·
768 2542 851 2617 ἀλλ’
873 2541 952 2618 οὐδὲ
979 2537 1085 2623 αὐτὸς
1111 2540 1130 2618 ὁ
1158 2537 1288 2641 Πατὴρ
1314 2539 1425 2641 ὑπερ-

223 2668 360 2741 αλεῖται
382 2660 446 2742 τὸν
464 2660 555 2741 Υῖδν
573 2665 630 2740 ἐπὶ
656 2661 851 2762 τελειότητι
876 2663 1174 2766 μαρτυρούμενος,
1194 2668 1252 2741 καὶ
1270 2658 1425 2740 λέλυται

222 2784 335 2864 πάλιν
363 2786 446 2884 ἡμῖν
473 2782 515 2864 τό
543 2783 768 2888 ζητούμενον·
805 2791 835 2864 εί
864 2784 902 2866 δέ
928 2784 1043 2870 πολύς
1071 2783 1281 2890 ἀποτειχίζει
1309 2783 1482 2886 λόγοςνο

222 2917 287 2988 τοῦ
315 2911 451 2989 τελείου
477 2909 520 2988 τὸ
548 2908 682 3007 ἀτελές,
711 2907 849 3013 δέχεται
877 2909 914 2988 δέ
942 2911 1001 2988 καὶ
1029 2910 1051 3007 ἡ
1081 2912 1159 2990 θεία
1189 2908 1301 3016 φύσις
1330 2908 1426 2988 κατὰ

222 3029 352 3111 ταύτδν
371 3031 570 3138 ἀμφότερα,
589 3031 762 3116 σύνθετος
781 3031 851 3135 ἆρα
870 3036 928 3111 καὶ
946 3034 1014 3137 οὐχ
1032 3035 1145 3132 ἁπλῆ.

277 3154 387 3234 Ἀλλ’
416 3160 488 3259 ἐρεῖ
510 3191 564 3240 τις
595 3154 718 3260 τυχὸν,
746 3159 794 3240 ὡς
823 3161 999 3262 ἀσυμφυῆ
1027 3157 1074 3236 τέ
1093 3159 1172 3236 ε’στι
1201 3159 1261 3236 καὶ
1287 3154 1427 3236 ἀσυνύ-

223 3313 367 3380 παρκτα
386 3278 477 3359 κατὰ
494 3278 624 3359 ταύτὸν
641 3285 679 3358 έν
700 3281 751 3359 ἑνὶ
774 3285 825 3386 τῷ
849 3280 1063 3387 ὑποκειμένῳ
1087 3278 1132 3359 τά
1149 3281 1300 3379 ἐναντία,
1318 3283 1367 3364 ὡς
1385 3284 1429 3362 έν

57 3424 114 3477 118
125 3421 165 3480 Δ.
196 3402 369 3499 οσώματι
387 3401 496 3506 τυχὸν
515 3405 606 3500 όμοιῖ
624 3410 754 3507 χρῶμα
771 3401 899 3484 λευκόν
918 3409 976 3483 καὶ
1000 3402 1127 3500 μέλαν.
1170 3410 1292 3489 καλῶς
1317 3437 1373 3506 γε,
1394 3401 1483 3500 0325

226 3526 345 3630 φίλος,
365 3529 422 3605 καῖ
446 3526 548 3624 μάλα
573 3534 715 3630 γοργῶς
740 3535 814 3612 τοῖς
838 3527 1018 3630 ἡμετέροις
1042 3529 1257 3629 ἐπηγωνίσω
1283 3525 1424 3630 λόγοις.

226 3655 256 3727 εί
274 3648 346 3750 γὰρ
363 3651 428 3747 μία
445 3683 500 3734 τις
517 3652 617 3728 ε’στῖν
635 3650 657 3747 ἡ
676 3651 753 3729 θεία
774 3651 897 3756 φύσις,
916 3654 974 3731 καὶ
993 3652 1077 3755 παρ’
1097 3650 1208 3751 αύτὴν
1226 3654 1293 3757 οὐχ
1311 3651 1428 3755 ἑτέρα,

225 3778 302 3856 πῶς
321 3769 365 3851 ἀν
384 3771 463 3851 εἶπέ
475 3806 536 3871 μοι
554 3779 627 3851 τῶν
645 3774 812 3852 ε’ναντίων
831 3773 968 3874 γένοιτο
988 3774 1127 3876 δεκτική
1144 3809 1154 3872 ;
1184 3781 1263 3879 πῶς
1282 3773 1321 3854 δέ
1340 3779 1427 3857 καθ’

225 3895 264 3975 έν
295 3930 329 3975 τι
361 3896 404 3975 τὸ
437 3896 665 3993 ὑποκείμενον
695 3894 741 3976 τά
774 3894 951 3996 ἀλλήλοις
983 3898 1133 3997 ἀνόμοια
1165 3898 1426 3998 συμβήσεταις

264 4112 288 4148 2.
307 4095 330 4150 δ’
344 4097 457 4153 Veccus.
565 4116 589 4163 4.
610 4098 684 4152 οὐδὲν
697 4098 729 4151 B.
743 4100 827 4153 invito
840 4099 937 4154 Vecoo.
1044 4102 1071 4155 8.
1089 4100 1322 4156 dnacheccun.
1336 4100 1389 4157 Ed.
1403 4105 1430 4157 οἱ

225 4167 319 4221 πάντες
332 4167 363 4220 Β.
414 4169 445 4222 ἂν
457 4187 511 4223 om.
525 4168 558 4222 B.
572 4168 652 4222 habet
664 4168 777 4223 Veccus.
923 4186 963 4223 12.
982 4172 1012 4224 τὸ
1024 4173 1070 4225 alt.
1083 4188 1138 4226 om.
1152 4171 1185 4225 B.
1198 4171 1298 4226 habent
1310 4171 1431 4228 Veccus.

227 4234 322 4290 Const.
337 4238 456 4292 Meliten.
582 4238 623 4293 16.
642 4237 701 4293 ιΐτι
714 4240 827 4295 Veceus.
843 4239 893 4294 Ed.
905 4240 946 4294 ἔτι
959 4240 992 4294 Β.
1113 4256 1154 4313 17.
1173 4243 1306 4313 ὑμετέροις
1318 4241 1352 4296 Β.
1365 4242 1431 4310 ἡμε-

226 4356 311 4426 τέραις
324 4358 428 4413 Veccus
442 4358 492 4413 Ed.
613 4361 653 4414 18.
665 4360 765 4415 τελειον
778 4361 810 4414 Β.
825 4314 986 4416 νοοουο.τέ’
1001 4361 1036 4415 D.
1049 4363 1126 4420 τελος
1138 4363 1188 4417 Ed.
1310 4381 1353 4419 το.
1366 4364 1432 4433 ἡμῖν

226 4426 333 4481 Veccus
346 4428 397 4483 Ed.
410 4431 469 4498 ὑμῖν
483 4430 515 4484 Β.
636 4448 679 4502 23.
696 4431 837 4503 ἀουμφυὴς
851 4432 882 4486 Β.
896 4433 980 4488 invito
993 4432 1091 4488 Vecco.
1210 4433 1254 4488 26.
1273 4434 1434 4506 ε’πηγονίσο

228 4495 299 4550 B.D.
313 4497 425 4554 Veecus.
437 4500 592 4572 ἀπηγυνίσω
606 4501 657 4557 Ed.
