3038 5018
232 289 297 356 376
536 291 1126 358 B.cYR1LL1ALExANDR.
1272 314 1303 356 v.
1318 305 1372 379 37,
1385 288 1440 377 38.

283 453 397 542 Ἔθσς
414 462 467 566 τῷ
485 461 625 561 Σωτῆρι
644 463 807 567 Χριστῷ,
825 458 1023 566 ποιουμένῳ
1046 456 1227 540 πολλάκις
1249 456 1313 541 τοίς
1338 458 1437 536 ἐπω-

235 585 357 687 φελεῖς
380 580 556 690 διαλέξεις
582 579 673 687 πρὸς
698 581 781 668 τοὺς
803 582 997 667 ἀσυνέτους
1021 582 1188 681 μάλιστα
1206 581 1442 686 Φαρισαίους,

236 708 285 789 εἰς
312 701 354 785 τὸ
382 709 447 805 τῆς
476 708 623 810 καρδίας
650 706 768 787 αὐτῶν
789 705 955 810 ἀτενίζειν
977 704 1101 804 βάθος,
1120 708 1179 786 καὶ
1203 706 1443 811 περισκεπτε-

237 834 326 909 σθαι
345 835 549 934 θεοπρεπῶς
573 827 620 910 τὰ
644 833 680 911 ἐν
696 837 890 933 λογισμοῖς
906 830 1060 935 ἀφώνως
1085 830 1137 910 ἐτι
1162 827 1254 910 κατὰ
1271 829 1336 909 τὸν
1354 836 1443 909 νοῦν

238 952 470 1060 στρεφόμενα
495 988 535 1035 τε
562 958 622 1035 καί
648 954 915 1055 ἀνακινούμενα,
941 961 999 1035 καὶ
1022 952 1114 1058 πρός
1138 961 1251 1035 ταῦτα
1273 952 1475 1052 μάλιστα5

210 1080 298 1157 σκαί
324 1074 389 1162 τοίς
417 1077 624 1182 ἀποκρίσεις
649 1084 830 1159 ποιεῖσθαι
853 1082 911 1159 καί
936 1078 1018 1164 τοὺς
1046 1077 1178 1181 λόγους
1196 1077 1277 1157 ἐσθ’
1300 1075 1358 1157 ὅτε
1380 1079 1442 1156 καί

239 1198 323 1286 τοὺς
348 1201 519 1308 ἐλέγχους
546 1204 598 1284 ἐπ’
619 1204 748 1301 αὐτοῖς,
767 1206 825 1283 καί
849 1204 891 1282 οὐ
915 1203 1059 1286 πάντως
1077 1209 1149 1283 τῶν
1168 1202 1304 1282 οἰκείων
1321 1200 1442 1305 ῥημά-

237 1359 311 1407 των
338 1326 545 1435 ἀνεξίτητον
572 1331 732 1430 διατηρεῖ
759 1325 822 1407 τὸν
855 1325 989 1430 εἱρμὸν,
1021 1325 1121 1406 ἀλλὰ
1154 1325 1245 1431 πρὸς
1275 1325 1364 1429 ὅπερ
1394 1323 1445 1405 ἂν

238 1450 361 1530 ἐκεῖνοι
377 1449 620 1547 βουλεύωνται
638 1455 695 1531 καὶ
715 1449 796 1531 καθ’
812 1448 955 1535 ἐαυτοῖις
973 1453 1132 1548 ἐννοῶσι,
1147 1448 1271 1554 δριμὺς
1289 1451 1445 1556 ὑπαντᾷ,

239 1577 298 1654 καί
326 1572 384 1655 διά
411 1574 539 1657 τούτου
567 1573 711 1673 δεικνιίς,
732 1573 787 1655 ὅτι
813 1574 882 1677 πέρ
905 1577 985 1654 ἐστι
1013 1573 1103 1655 κατὰ
1129 1574 1243 1680 φύσιν
1262 1571 1371 1671 Θεδς,
1391 1577 1444 1658 ὡς
1462 1602 1501 1644 10

239 1698 430 1801 γινώσκων
447 1696 494 1778 τσί
518 1702 557 1779 ἐν
580 1705 632 1808 τῷ
655 1697 758 1794 βάθει
781 1698 934 1798 κείμενα,
956 1702 1014 1779 καί
1043 1700 1187 1803 καρδίας
1214 1700 1364 1801 ἐρευνῶν
1381 1701 1446 1777 καὶ

240 1820 406 1928 νεφροιίς·
436 1820 596 1927 δεχέσθω
624 1821 671 1920 δέ,
698 1823 731 1903 εἰ
755 1858 807 1932 τιρ
835 1825 940 1922 δοκεῖ,
967 1858 1033 1923 την
1061 1858 1118 1903 επι
1146 1856 1219 1906 τοις
1249 1819 1447 1925 ειρημένοις

239 1944 504 2050 ἐναργεστάτην
534 1945 717 2053 ἀπόδειξιν
751 1943 851 2050 παρᾶ
887 1952 960 2027 τῶν
996 1945 1124 2049 ἐτέρων
1156 1947 1444 2048 εὐαγγελιστῶν,

242 2074 366 2151 Λουκοῖ
384 2069 427 2171 δι)
447 2074 540 2177 φημὶ
563 2075 621 2151 καί
639 2077 712 2151 τῶν
729 2068 800 2151 σὺν
816 2072 923 2178 αὐτῷ.
959 2068 1158 2174 γέγραπται
1176 2070 1295 2150 τοίνυν
1312 2072 1350 2148 ἐν
1367 2077 1447 2154 τοῖς

74 2201 171 2332 {ff}
242 2195 472 2300 εὐαγγελίοις,
499 2199 548 2280 ὡς
574 2193 673 2297 ἦσάν
695 2230 782 2278 ποτε
811 2195 1098 2295 συνεληλυθότες
1126 2192 1198 2276 ἀπὸ
1227 2193 1351 2295 πάσης
1377 2198 1446 2294 τῆς
1463 2225 1499 2285 15

242 2318 443 2425 περιχώρου
480 2324 544 2419 τῆς
581 2319 754 2404 Ἰουδαίας
792 2325 985 2422 Φαρισαῖοι
1020 2323 1078 2399 καὶ
1121 2317 1444 2419 νομοδιδάσκαλοι.

75 2458 140 2582 12ξῦ
142 2455 193 2582 ἐ·
215 2452 266 2512 ν’“
287 2446 358 2523 Καὶ
381 2443 467 2542 ἰδοὺ,
486 2445 612 2551 φησὶν,
631 2442 756 2547 ἀνδρες
781 2442 950 2550 φέροντες
971 2445 1029 2524 ἐπί
1048 2444 1172 2543 κλίνης
1193 2442 1384 2545 ἄνθρωπον
1405 2440 1447 2527 δς

77 2546 139 2662 2³2¹
244 2576 267 2614 “
281 2562 326 2666 ἦν
343 2567 646 2671 παραλελυμένος,
666 2570 724 2647 καί
741 2565 883 2669 ἐζίγτουν
902 2565 1009 2647 αὐτὸν
1027 2572 1236 2669 εἰσενεγκεῖν
1255 2569 1312 2645 καὶ
1332 2572 1447 2647 θεῖναι

243 2699 265 2738 “
282 2689 432 2772 ἐνώπιον
450 2692 570 2771 αὑτοῦ·
601 2694 659 2771 καὶ
679 2689 729 2791 μὴ
752 2690 911 2795 εὑρόντες
935 2692 1040 2775 ποίας
1064 2689 1314 2793 εἰσενέγκωσιν
1332 2689 1446 2771 αὐτὸν

242 2826 264 2863 ‘⁴
282 2812 342 2895 διά
366 2814 431 2896 τόν
453 2814 579 2922 ὄχλον,
600 2812 798 2910 ἀναβάντες
821 2817 879 2896 ἐπὶ
902 2811 945 2895 τό
970 2820 1072 2914 δῶμα
1097 2812 1156 2894 διοί
1180 2820 1254 2895 τῶν
1278 2812 1447 2917 κεράμων
1462 2853 1502 2893 20

241 2947 264 2987 “
282 2943 441 3041 καθῆκαν
463 2938 573 3022 αὐτὸν
600 2937 671 3020 σιίν
694 2947 746 3047 τῷ
771 2939 930 3047 κλινιδίιρ
954 2943 1003 3023 εἰς
1030 2938 1072 3019 τὸ
1098 2938 1212 3039 μέσον
1236 2937 1447 3041 ἐμπροσθεν

240 3073 262 3112 “
280 3071 345 3144 τοῦ
362 3065 497 3165 Ἰησοῦ.
538 3067 596 3144 καὶ
621 3062 706 3144 ἰδὼν
728 3060 793 3162 τὴν
811 3063 937 3143 πίστιν
955 3065 1072 3143 αὐτῶν
1097 3059 1172 3143 εἰπε
1196 3068 1248 3170 τῷ
1272 3075 1445 3165 παραλυ·

240 3197 264 3235 “
282 3193 369 3294 τικῷ
398 3185 604 3291 Ἀνθρωπε,
641 3185 825 3294 ἀφέωνταί
864 3220 926 3266 σοι
964 3192 1001 3267 αἰ
1045 3187 1214 3288 ἁμαρτίαι
1250 3215 1333 3265 σου·
1385 3190 1448 3266 καί

242 3321 264 3359 “
283 3311 440 3418 ἤρξαντο
472 3309 739 3414 διαλογίζεσθαι
771 3315 803 3390 οἰ
842 3316 1063 3413 γραμματεῖς
1093 3312 1151 3389 καί
1184 3314 1217 3390 οἰ
1250 3314 1448 3412 Φαρισαῖοι

243 3445 266 3483 “
283 3434 450 3537 λέγοντες
464 3435 530 3519 Τίς
547 3437 648 3514 ἐστιν
667 3434 769 3518 οὗτος
788 3432 828 3518 ῖις
845 3441 953 3514 λαλεῖ
966 3432 1231 3539 βλασφημίαςς
1260 3433 1312 3517 τίς
1331 3433 1443 3512 δύνα·
1465 3469 1506 3530 25

208 3569 265 3634 b“
282 3593 342 3640 ται
370 3557 511 3663 ἀφιέναι
543 3558 717 3659 ἁμαρτίας
749 3562 780 3637 εἰ
809 3557 860 3657 μὴ
891 3555 940 3641 εἰς
964 3559 985 3637 ὁ
1011 3554 1129 3656 Θεός,
1161 3555 1326 3659 ἐπιγνοὺς
1355 3557 1396 3639 δέ
1425 3561 1449 3641 ὃ

242 3694 264 3731 “
281 3683 438 3784 Ἰησοῦς,
458 3687 564 3790 φησί,
584 3679 666 3766 τοὺς
694 3680 954 3784 διαλογισμοὺς
981 3683 1111 3772 αὐτῶν,
1137 3684 1340 3785 ἀποκριθεὶς
1368 3680 1450 3763 εἰπε

240 3817 263 3856 “
280 3808 372 3910 πρὸς
401 3807 528 3891 αὐτούς
554 3807 606 3887 Τί
630 3803 877 3908 διαλογίζεσθε
902 3808 941 3886 ἐν
965 3813 1042 3891 ταῖς
1071 3806 1229 3908 καρδίαις
1254 3807 1379 3906 ὑμῶν,
1411 3808 1455 3886 τί

241 3941 262 3981 “
280 3933 381 4013 ἐστιν
394 3930 635 4035 εὐκοπώτερον
652 3935 761 4010 εἰπεῖν
774 3930 981 4035 Ἀφέωνταί
996 3964 1057 4010 σοι
1076 3935 1112 4010 αἰ
1130 3930 1299 4033 ἁμαρτίαι
1318 3964 1401 4022 σου,
1423 3929 1451 4032 ἢ

276 4175 302 4234 5.
321 4162 359 4216 ἔτι
372 4161 538 4233 στρεφόμενιί
551 4161 585 4217 Β.
689 4173 715 4302 η.
732 4158 871 4232 ε’λίγχονς]
888 4166 917 4226 -Ι-
931 4160 991 4217 τοὺς
1004 4158 1055 4215 Ed.
1067 4159 1151 4214 invito
1165 4159 1198 4214 B.
1302 4159 1329 4213 8.
1347 4159 1451 4230 ἀνεξει·

240 4234 332 4289 τιίλων
344 4233 416 4300 διστη
434 4236 457 4287 εἰ
468 4238 524 4318 τῶη
531 4233 554 4286 εἰ
570 4232 676 4320 ημσίνον
701 4231 750 4356 εἱσι)
766 4231 798 4287 Β.
953 4247 994 4297 14.
1015 4229 1112 4321 Λουκᾶ]
1127 4231 1184 4285 ἰδοῦ
1198 4230 1262 4302 (sic)
1277 4230 1309 4284 Β.
1347 4230 1452 4312 Statim

239 4255 437 4373 austawf.
483 4253 756 4372 rotaessssnpotsss.
980 4315 1021 4373 17.
1038 4304 1123 4372 φησιν
1134 4302 1225 4372 ι’ἰνδρες
1238 4302 1288 4356 hoe
1300 4301 1397 4356 ordme
1411 4303 1449 4360 B.

241 4416 284 4474 19.
302 4397 788 4471 „0102]01amtasnd.invitisan.
940 4414 983 4452 20.
1003 4371 1151 4467 ,ἔσομαι
1165 4395 1198 4450 ο.
1330 4411 1374 4466 23.
1394 4418 1451 4452 m

270 4488 294 4520 ἰι
306 4469 346 4597 ἃ
358 4557 412 4594 om.
427 4539 460 4596 B·
509 4469 551 4525 26.
570 4468 674 4540 ἀφιέναι
686 4468 811 4540 ἁμαρτίας
822 4467 873 4522 hoc
886 4467 979 4523 ordine
993 4466 1026 4522 B.
1196 4479 1239 4536 27.
1257 4466 1327 4536 φησί
1339 4484 1395 4521 om.
1411 4466 1450 4524 B.
