3038 5018
278 292 320 352 14
581 291 851 356 B.cYR1LL1
880 289 1169 355 ALEXANDR.
1203 267 1211 273 '

278 453 369 532 κατά
388 460 451 554 τῆς
469 457 596 537 οἰκείας
614 454 806 557 ἠρεύγοντο
825 458 1009 559 κεφαλῆς;
1034 451 1098 532 τὸν
1113 455 1287 553 μονογενῆ
1302 457 1365 529 τοῦ
1379 455 1477 530 Θεοῦ

112 610 233 686 Aetas}
280 573 413 678 Λόγον,
432 574 474 655 τό
501 584 579 684 φῶς
602 577 644 658 τό
671 576 793 675 ἀίδιον,
812 573 896 683 ε’νῷ
918 575 961 676 δὴ
983 574 1114 659 πάντες
1133 577 1190 654 καὶ
1209 572 1398 671 κινούμεθα
1418 577 1477 653 καὶ

111 675 234 788 3³ngst
280 697 399 797 ε’σμέν,
418 696 499 779 τότε
514 708 657 804 πρῶτον
677 705 875 800 κεκλῆσθαι
899 697 990 801 πρός
1017 698 1171 803 ὕπαρξιν
1189 699 1335 794 ἀμαθῶς
1357 730 1396 776 τε
1418 699 1477 776 καὶ

250 822 424 914 οάσεβῶς
456 821 726 927 διῖσχυρίζοντο,
764 822 822 902 ότε
859 826 917 902 καὶ
953 822 1139 924 ἅνθρωπος
1177 820 1234 900 διὰ
1271 824 1335 918 τῆς
1371 819 1478 920 ἁγίας

114 944 343 1004 namu*
531 943 1030 976 ‘****⁶
1149 948 1165 966 ⁶
1325 941 1475 988 “⁶’‘

113 1020 153 1082 38.
212 991 218 1005 ·
281 951 405 1050 ετεχθη
422 952 610 1051 παρθενου,
631 981 688 1024 και
706 979 749 1024 το
768 980 886 1025 κοινυν
905 949 949 1044 δη
967 978 1072 1024 τουτο
1091 978 1219 1049 σχημα
1240 951 1368 1037 λαβων
1419 964 1505 1024 επι5

280 1079 303 1114 “
320 1073 385 1169 τῆς
401 1074 468 1171 γῆς
491 1067 609 1178 ὤφθη,
628 1068 722 1149 καθὰ
745 1069 956 1172 γέγραπται,
977 1071 1036 1147 καὶ
1059 1074 1133 1152 τοῖς
1158 1066 1357 1168 ἀνθρώποις
1381 1098 1472 1145 συν·

281 1202 302 1239 “
320 1192 568 1297 ανεστράφη.”
619 1199 693 1277 τοῖς
726 1190 792 1289 μὲν
826 1192 888 1270 οὖν
924 1195 1008 1296 τῇδε
1046 1191 1282 1289 διακειμένοις,
1303 1191 1374 1268 ’καὶ
1409 1187 1477 1287 τὴν

280 1314 434 1419 ἅῤῥητόν
450 1349 490 1395 τε
512 1319 571 1395 καὶ
591 1316 804 1419 προαιῶνιον
821 1323 884 1394 τοῦ
903 1319 994 1394 Υίοῦ
1011 1314 1181 1415 γε’ννησιν
1198 1317 1477 1417 συκοφαιαῆσαι

280 1436 513 1538 τολμήσασιν
553 1441 573 1517 ὁ
612 1436 834 1544 προφητικδς
876 1435 1086 1536 ἐπισκήπτει
1129 1435 1241 1539 λόγος
1283 1436 1375 1541 ἔχων
1412 1436 1480 1515 ῶδί

197 1577 213 1590 ''
281 1573 303 1609 ‘⁴
320 1564 441 1660 Ὑμεῖς
468 1562 506 1642 δὲ
532 1560 784 1665 προσαγάγετε
811 1557 887 1656 ὧδε,
913 1562 980 1640 υίοὶ
1008 1559 1144 1657 ἄνομοι,
1166 1559 1314 1662 σπέρμα
1337 1565 1476 1663 μοιχῶν
1490 1592 1517 1635 ι·

282 1694 304 1731 “
322 1687 379 1763 καὶ
406 1682 551 1787 πόρνης·
590 1686 627 1762 ἐν
649 1685 718 1762 τίνι
742 1681 1019 1787 ε’νετρυφήσατε,
1044 1685 1103 1761 καὶ
1126 1684 1183 1762 ε’πὶ
1207 1682 1286 1761 τίνα
1310 1683 1391 1782 ἠνοί
1436 1717 1475 1763 τε

282 1820 303 1855 “
322 1805 365 1886 τό
392 1807 512 1905 στόμα
541 1808 649 1904 ὑμῶν,
677 1809 735 1885 καὶ
767 1808 824 1885 ἐπὶ
853 1806 932 1884 τίνα
965 1805 1170 1910 ἐχαλάσατε
1198 1806 1264 1904 τὴν
1291 1810 1477 1907 γλῶσσαν

248 1941 270 2006 d
282 1942 303 1977 “
319 1931 454 2029 ὑμῶν;”
463 1931 526 2008 οὐκ
538 1930 581 2035 ἐξ
592 1930 729 2030 ἀγαθῆς
743 1927 909 2027 δηλονότι
923 1929 1067 2031 καρδίας
1079 1926 1335 2023 ε’κβάλλουσαν
1345 1928 1476 2030 ἀγαθὰ,

282 2052 382 2132 ἀλλὰ
400 2051 463 2132 τόν
480 2061 544 2133 τοῦ
562 2049 753 2157 μιαιφόνου
771 2049 961 2155 δράκοντος
982 2048 1035 2130 ίδν
1052 2051 1320 2149 ἀναπτάουσαν,
1335 2055 1416 2154 περὶ
1435 2052 1478 2131 οὗ

114 2180 238 2310 Pkssffiag.
283 2184 398 2282 φησιν
416 2176 437 2254 ό
454 2173 625 2283 μελῳδὸς,
639 2178 686 2259 ῶς
704 2170 796 2277 πρός
812 2174 876 2253 τὸν
893 2174 955 2253 ἕνα
973 2176 1031 2253 καὶ
1048 2177 1106 2254 ἐπὶ
1123 2173 1268 2254 πάντων
1284 2175 1380 2254 Θεόν
1391 2186 1413 2223 “
1424 2173 1479 2255 Σὺ
1493 2204 1519 2244 1⁴

281 2310 304 2347 “
320 2300 541 2405 σννίτριφας
558 2297 622 2382 τὰς
641 2295 803 2404 κεφαλάς
821 2306 885 2376 τοῦ
904 2296 1093 2400 δράκοντος
1111 2298 1167 2376 ἐπὶ
1186 2304 1250 2376 τοῦ
1269 2299 1430 2381 ὕδατος.”

252 2449 270 2491 0
337 2420 484 2521 Ἐπειδὴ
509 2422 546 2500 δὲ
571 2422 613 2500 οὐ
636 2419 761 2523 μικρὸς
785 2423 866 2521 περὶ
889 2419 1025 2499 τούτων
1042 2423 1080 2498 ἐν
1100 2427 1174 2504 τοῖς
1196 2419 1478 2501 πεπιστευκόσιν

281 2547 301 2624 ὁ
336 2541 490 2645 θόρυβος
521 2541 577 2641 ἦν,
607 2545 665 2621 καὶ
697 2541 762 2625 τάς
792 2547 865 2621 τῶν
898 2541 1157 2646 ἁπλουστέρων
1188 2542 1313 2650 ψυχὰς
1346 2551 1476 2640 λοιμοῦ

281 2669 382 2766 δίκην
400 2665 441 2746 τὸ
460 2667 498 2744 ἐκ
516 2672 581 2745 τοῦ
599 2663 807 2743 σκανδάλου
825 2664 1066 2757 κατεβόσκετο
1084 2666 1240 2761 βλάβος·
1271 2663 1385 2771 ᾤοντο
1402 2665 1476 2768 γάρ

281 2788 393 2872 ὅντως
416 2786 518 2885 τινὲς,
536 2794 613 2870 ταῖς
634 2789 716 2890 παρ’
737 2787 877 2867 ἐκείνων
894 2790 1086 2892 φλυαρίαις
1109 2795 1182 2868 τῶν
1199 2791 1346 2889 ἀληθῶν
1366 2789 1472 2894 ἐξελ·
1490 2819 1519 2858 2·

282 2911 421 3010 κόμενοι
441 2911 641 3013 δογμάτων,
661 2916 709 2993 είς
728 2909 843 3014 ἀρχὴν
860 2918 924 2989 τοῦ
944 2906 1030 2989 εἶναι
1047 2910 1128 2990 τότε
1148 2912 1254 3008 μόλις
1278 2916 1477 3010 κεκλῆσθαι

281 3030 344 3113 τόν
363 3031 496 3135 Λόγον,
515 3032 574 3113 ότε
599 3032 745 3135 γε’γονεν
770 3033 968 3136 ἅνθρωπος·
1006 3033 1283 3139 συνενεχθέντες,
1302 3037 1359 3113 καὶ
1384 3035 1477 3114 κατὰ

281 3155 410 3236 ταυτὸν
440 3155 630 3259 γενόμενοι,
659 3162 732 3235 τῶν
759 3156 1033 3236 πιστευσάντων
1060 3157 1159 3259 οἵπερ
1190 3156 1287 3257 ἦσαν
1314 3158 1475 3262 νουνεχί·

116 3301 157 3355 10
171 3297 212 3352 Δ.
253 3312 414 3382 ιστεροι,
432 3278 523 3382 πρὸς
549 3278 613 3359 τὸν
637 3287 701 3358 τοῦ
727 3283 894 3380 Σωτῆρος
919 3280 1092 3385 ἀφίκοντο
1120 3279 1293 3378 μαθητὴν,
1313 3277 1478 3360 αὑτὸνδὲ

282 3400 449 3500 δηλονότι
473 3399 536 3480 τόν
556 3400 727 3500 Ἰωάννην
752 3405 855 3508 φημὶ,
878 3406 935 3480 καὶ
964 3400 1007 3501 δὴ
1036 3405 1094 3481 καὶ
1117 3401 1184 3501 τὴν
1206 3410 1280 3485 τοῖς
1308 3406 1478 3510 ἀδελφοῖς
1491 3432 1519 3471 2·

281 3520 544 3628 ἐπισκήψασαν
570 3521 770 3629 ἐξῆγγελον
797 3523 921 3622 νόσον,
946 3523 1012 3609 τάς
1037 3558 1076 3604 τε
1103 3531 1175 3605 τῶν
1202 3528 1473 3626 ἑτεροδιδασκα-

283 3646 444 3726 λοάντων
465 3643 706 3751 ἐξεκάλυπτον
731 3648 920 3752 φλυαρίας,
938 3647 1115 3744 ἐπαμῦναί
1136 3681 1174 3726 τε
1198 3655 1339 3750 γοργῶς
1363 3649 1478 3754 σφίσι

282 3804 321 3849 τε
340 3771 458 3853 αι’ντοῖς
476 3770 702 3868 παρεκάλουν
720 3777 796 3852 ταῖς
814 3768 873 3848 διὰ
894 3778 958 3848 τοῦ
977 3771 1186 3868 Πνεάματος
1209 3773 1476 3876 φωταγωγίαις,

282 3896 341 3970 καὶ
372 3899 446 3974 τοῖς
475 3890 545 3990 ἤδη
577 3891 909 3992 σεσαγηνευμένοις,
939 3892 1025 3972 ε’ίσω
1057 3927 1097 3971 τε
1129 3893 1279 3972 δικτύων
1306 3890 1479 3995 γεγονόσι

319 4158 345 4196 2.
364 4143 405 4196 καὶ
417 4142 490 4211 prius
503 4159 557 4198 om.
571 4142 604 4197 Β.
693 4161 719 4211 4.
738 4144 927 4215 διῑσχυρίζοντο
940 4145 972 4199 Β.
986 4146 1186 4217 διῖσχυρίζονται
1199 4144 1250 4200 Ed.
1339 4158 1366 4216 5.
1385 4145 1478 4217 ε’τίχθη

283 4220 344 4298 αηιο
356 4212 399 4266 διὸ
410 4221 511 4283 transp.
526 4212 559 4266 B.
807 4216 834 4269 6.
852 4218 897 4284 τῆς
909 4225 1078 4287 assumptum
1090 4234 1123 4271 ex
1136 4216 1168 4272 B.
1234 4215 1317 4270 καθὼς
1328 4215 1389 4296 (ρτο
1401 4217 1478 4284 καθὰ)

281 4283 794 4418 ⁷‘5ffi2'13‘51'0‘mw‘ffl
815 4284 869 4408 2¹³·
976 4285 1478 4410 1⁶.2„{³;„5‘“3⁰0{‘'5.2⁸2‡23{12”35ffl⁰

282 4367 327 4489 gg.
345 4421 523 4489 γινόμεναςΕ.
742 4439 785 4491 24.
804 4424 835 4492 δὴ
848 4442 897 4495 pro
910 4423 937 4477 δι’
952 4423 985 4478 Β,
1206 4424 1247 4479 26.
1266 4373 1427 4495 ἐξήγγελλον
1440 4395 1477 4480 D:

284 4505 326 4559 29.
346 4511 574 4560 σεσογινευμενονς
587 4490 620 4547 Β.
