3038 5018
258 298 322 360 714
562 297 600 360 B.
625 295 834 359 CYRILLI
866 293 1155 359 ALEXANDR.
1338 291 1409 355 viii.
1424 308 1467 355 ιτ.

258 460 399 561 ἔρημον,
418 459 508 561 πρὸς
531 458 597 558 τὴν
619 464 682 557 τὴς
708 460 926 560 ἐπαγγελίας
951 458 1194 562 εῖστρέχοντες
1219 461 1308 558 γῆν,
1334 455 1465 562 νεφέλη

258 582 323 680 μέν
336 585 455 666 αὐτοῖς
473 586 510 662 ἐν
526 584 640 689 ἡμέρῳ
658 581 725 682 τὴν
739 581 889 681 ἡλιακὴν
904 579 1207 662 ἀποτινάσσουσα
1227 580 1363 689 φλόγα
1382 578 1466 659 κατὰ

257 703 440 806 βούλησιν
480 705 648 805 δηλονότι
689 703 755 806 τὴν
797 705 905 803 θείαν,
942 704 1079 812 ὀρόφου
1124 705 1227 805 δίκην
1272 702 1464 806 ἐπήρτητο·

258 829 396 914 στύλος
421 827 458 910 δέ
482 831 600 933 ἡγεῖτο
628 828 740 933 πυρδς
768 834 832 928 τῆς
860 828 986 914 νυκτὸς
1012 828 1214 935 μαχόμενος
1241 826 1385 936 σκότῳ,
1412 830 1466 906 καὶ

259 954 539 1054 ἀπλανεστάτην
560 962 633 1038 τοῖς
660 960 756 1033 ῖούσι
784 953 974 1058 χαράττων
998 953 1064 1053 τὴν
1089 953 1184 1034 ὁδόν.
1216 956 1413 1054 ὠσπεροῦν
1436 955 1493 1038 οί5

260 1075 337 1156 κατ’
362 1078 472 1157 έκεῖνο
501 1087 624 1179 καιροῦ
649 1083 700 1183 τῷ
724 1077 909 1184 ἡγουμένῳ
938 1082 996 1157 καὶ
1021 1076 1281 1180 προελαύνοντι
1308 1108 1464 1154 κατακο-

260 1205 472 1284 λουθοῦντες
499 1205 595 1303 πυρὶ,
622 1199 663 1280 τό
691 1206 903 1281 πλανᾶσθαι
932 1201 1112 1307 διέφυγον,
1135 1203 1193 1279 καὶ
1220 1197 1378 1279 κατευθὺ
1405 1202 1467 1296 τῆς

228 1323 394 1406 δεύθείας
412 1326 471 1402 καὶ
489 1325 594 1426 ἁγίας
612 1325 783 1429 ἐφέροντο
802 1329 880 1426 γῆς,
895 1322 996 1404 οὐδέν
1010 1325 1105 1408 ὅλως
1125 1321 1252 1406 νυκτὸς
1269 1321 1293 1424 ἡ
1313 1322 1467 1405 σκότους

261 1446 519 1551 φροντίζοντες·
558 1450 669 1531 οὕτως
688 1457 702 1529 ὁ
721 1446 908 1528 ἀκολουθεῖν
927 1449 1009 1553 ἐμοὶ,
1028 1448 1224 1545 τουτέστιν,
1243 1450 1264 1527 ὁ
1286 1447 1366 1526 κατ’
1387 1446 1466 1551 ’ίχυη

258 1571 395 1663 βαίνων
412 1577 486 1650 τῶν
504 1573 599 1668 ἐμῶν
617 1571 854 1671 διδαγμάτων,
875 1570 978 1650 ἔσται
1002 1571 1067 1668 μέν
1085 1573 1249 1670 οὐδαμῶς
1275 1573 1315 1649 ἐν
1335 1568 1465 1676 σκότῳ,
1478 1604 1507 1644 10

259 1697 295 1774 τδ
326 1692 365 1773 δέ
397 1692 473 1799 φάς
506 1693 562 1787 τὴς
595 1693 679 1802 ζυῆς
711 1697 952 1795 ἀποκερδανεῖ,
986 1695 1160 1791 τουτέστι,
1193 1700 1267 1774 τῶν
1300 1693 1357 1773 ἐπ’
1391 1696 1465 1789 ἐμοὶ

259 1819 468 1920 μυστηρίων
499 1815 565 1916 τὴν
597 1816 833 1923 ἀποκάλυψιν
866 1826 1098 1922 χειραγωγεῖν
1127 1818 1236 1898 αὐτὸν
1266 1819 1466 1917 δυναμένην

260 1946 308 2024 εἷς
325 1940 417 2044 ζωὴν
435 1939 501 2041 τὴν
518 1939 669 2021 αἰώνιον.
707 1942 869 2045 τεχνίτης
888 1939 926 2019 δὲ
943 1941 1055 2020 πάλιν
1074 1947 1121 2027 είς
1140 1941 1273 2042 λόγους
1293 1941 1467 2045 ὑπάρχων

260 2062 445 2168 όΚύριος,
468 2065 716 2166 ἀγριαίνοντος
743 2063 812 2163 ἤδη
843 2062 925 2146 τούς
947 2065 1169 2168 Φαρισαίους
1195 2068 1252 2143 καί
1281 2073 1462 2164 λελυπη-

261 2186 368 2271 κότας
393 2189 435 2267 οὐ
451 2194 596 2289 μικρῶς,
614 2187 857 2290 προσερεθίζει
880 2186 946 2285 μέν
968 2189 1131 2286 οὐδαμῶς
1157 2186 1216 2268 διὰ
1241 2197 1306 2267 τοῦ
1333 2188 1466 2290 γυμνό-
1479 2219 1505 2275 ¹5

232 2342 364 2414 οτερον
391 2311 510 2411 λέγειν
540 2309 595 2390 ὅτι
627 2313 685 2389 καὶ
718 2319 889 2407 μενοῦσιν
917 2313 955 2389 ἐν
982 2308 1104 2419 σκότῳ
1134 2314 1192 2391 καὶ
1221 2318 1299 2394 ταῖς
1330 2313 1466 2392 ἑαυτῶν

261 2436 450 2518 ἀπειθείαις
468 2432 748 2540 ε’ντεθνήξονται·
769 2431 893 2541 τρόπῳ
911 2431 948 2514 δέ
966 2431 1080 2515 πάλιν
1096 2435 1203 2542 ἑτέρῳ
1221 2443 1329 2515 τοῦτο
1348 2438 1466 2539 λέγων

260 2558 469 2658 εὑρίσκεται,
488 2556 743 2662 μεταστρέψας
766 2559 823 2637 ἐπὶ
848 2556 890 2636 τὸ
915 2554 1160 2662 χρηστότερον
1178 2566 1243 2637 τοῦ
1263 2557 1383 2660 λόγου
1401 2560 1466 2659 τὴν

260 2678 419 2778 δύναμιν.
450 2680 493 2758 δι’
509 2676 559 2757 ὧν
578 2677 648 2781 γὰρ
667 2678 790 2759 ε’νθάδε
809 2678 872 2758 τὸν
891 2681 986 2787 αὐτῷ
1005 2679 1270 2762 κατακολουθεῖν
1288 2684 1466 2786 ᾑρημένον

259 2800 347 2909 ἕξειν
363 2802 399 2883 τό
419 2800 495 2910 φεῖς
513 2801 570 2895 τῆς
594 2801 677 2911 ζωῖης
700 2800 974 2904 ἐπαγγέλλεται,
994 2802 1052 2883 διά
1079 2803 1214 2885 τούτων
1232 2805 1352 2885 αὐτῶν
1372 2810 1463 2888 ὐπο·
1477 2843 1506 2883 20

260 2927 370 3025 δηλοῖ
396 2928 717 3030 περιεσταλμενως,
748 2930 797 3010 ὡς
829 2923 871 3006 τὸ
903 2926 1054 3007 ἕπεσθαι
1085 2928 1374 3030 παραιτούμενοι,
1409 2935 1465 3011 καὶ

260 3049 382 3154 φωτὸς
409 3050 553 3156 ἕξουσιν
581 3052 728 3155 ἐρημίαν
755 3059 820 3131 τοῦ
847 3051 937 3154 πρὸς
967 3050 1059 3156 ζωὴν
1087 3052 1213 3138 αὐτοὺς
1242 3056 1466 3160 ἀνακομίζειν

260 3172 459 3277 ίσχύοντος.
507 3172 529 3275 ἡ
559 3173 630 3276 γὰρ
664 3176 706 3254 οὐ
736 3181 830 3255 πᾶσι
863 3176 1078 3281 καταφανές,
1113 3179 1171 3256 καὶ
1201 3181 1464 3284 ἀναμφιλόγως

258 3295 492 3398 παροδεκτόν,
521 3296 576 3376 ὅτι
603 3305 677 3380 τοῖς
704 3296 747 3377 τὸ
778 3299 940 3397 εὐθυμεῖν
967 3300 1219 3405 ἀποφεύγουσι
1249 3305 1464 3402 συμβαίνειν

93 3438 208 3498 487Α
232 3418 400 3519 κάνάγκη
419 3417 461 3498 τὸ
480 3422 660 3518 ἐναντίον;
690 3419 734 3520 ἦν
753 3422 816 3500 οὖν
834 3422 904 3525 ἀρα
921 3430 986 3503 τοῦ
1006 3427 1174 3526 Σωτῆρος
1191 3424 1294 3522 ἡμῶν
1313 3427 1333 3506 ὁ
1352 3426 1462 3531 λόγος
1475 3464 1500 3522 ²5

261 3539 411 3641 ἀληθὴς,
441 3546 499 3621 καὶ
530 3540 572 3622 τὸ
604 3540 661 3621 διὰ
691 3547 754 3643 τῆς
786 3546 824 3623 έν
854 3545 950 3653 αὐτῷ
981 3546 1107 3649 τέχνης
1137 3550 1371 3649 οὶκονομηθέν
1402 3555 1462 3632 οὐκ

260 3666 480 3770 ἀμφίβολον.

296 3892 357 3960 4-6.
378 3894 451 3948 Haec
463 3891 672 3967 καὶ-ἡγουμένῳ
688 3905 856 3950 accesserunt
872 3913 905 3951 ex
918 3896 952 3952 B.
964 3906 1028 3952 nunt
1044 3907 1070 3952 et
1086 3899 1114 3952 in
1127 3896 1218 3954 Holst.
1231 3908 1258 3954 et
1274 3903 1374 3971 partim
1394 3904 1422 3958 in
1439 3921 1460 3957 α

259 3963 285 4017 8.
298 3965 339 4016 καὶ
350 3963 424 4035 ἁγίας
436 3973 573 4035 assumpta
585 3982 617 4018 ex
629 3964 662 4019 B.
675 3965 723 4019 Ht.
761 3969 857 4021 σκότου
870 3983 895 4022 a.
969 3984 1011 4023 η.
1024 3969 1102 4023 αὐτὸν
1114 3968 1254 4038 δυναμένην
1266 3970 1320 4026 hoc
1333 3974 1428 4029 ordine
1440 3993 1461 4029 a.

262 4048 303 4099 14.
321 4033 469 4105 Assumpta
483 4035 530 4104 ἤδη
545 4035 604 4092 τοὺς
617 4037 775 4124 φορισοίους
787 4054 818 4091 ex
834 4036 857 4090 B
870 4054 925 4108 mg.
939 4054 972 4100 a„
985 4040 1027 4092 καὶ
1038 4041 1228 4108 λελυπηκότος
1239 4041 1271 4095 οὔ
1282 4049 1382 4115 μικρῶς
1394 4063 1427 4099 ex
1441 4044 1460 4098 B

259 4119 316 4171 mg.
461 4121 503 4175 19.
521 4107 566 4160 τὸν
578 4116 604 4159 et
615 4105 742 4175 ηρημὲυον
756 4106 787 4162 Β.
800 4107 905 4162 favente
916 4126 941 4163 a.
952 4113 989 4181 τῷ
1002 4118 1028 4164 et
1039 4108 1157 4184 ᾑρημένῳ
1169 4109 1222 4166 Ed.
1373 4132 1417 4183 ²4·
1434 4117 1461 4169 εδ

259 4183 429 4244 assumptum
442 4192 473 4229 ex
487 4175 545 4230 ss.a.
