3038 5018
457 1099 960 1200 PRAEFATIO.

552 1409 864 1421 -—-——-——-—-—-

203 1629 291 1695 AEC
318 1629 550 1715 Cyrillanorum
572 1631 735 1695 volumina
761 1653 798 1696 ea
823 1633 988 1698 continent
1008 1634 1070 1698 viri
1093 1636 1194 1701 sancti
1218 1660 1312 1722 opera

246 1756 325 1820 quae
345 1736 384 1799 de
401 1735 494 1799 Novo
509 1735 710 1800 Testamento
732 1741 945 1801 commentata
966 1742 1110 1815 exstant,
1137 1745 1259 1823 praeter
1274 1763 1311 1805 ea

108 1837 143 1902 in
168 1838 201 1902 S.
221 1838 341 1903 Lucam
362 1838 673 1923 fragmenta—quae
694 1838 771 1922 jam,
796 1844 951 1924 quatenus
979 1840 1105 1925 Syrisce
1131 1847 1268 1922 exstant,
1291 1867 1311 1909 a

108 1940 189 2006 Rob.
206 1942 242 2006 P.
259 1941 375 2020 Smith,
393 1941 520 2005 Decano
538 1940 756 2020 cantuarensi,
775 1941 860 2006 edita
882 1948 977 2020 sunt;
1000 1942 1185 2031 pleniusque
1202 1946 1310 2012 eadem

107 2067 128 2108 a
149 2046 278 2110 Graecis
301 2044 498 2131 Syriacisque
520 2043 661 2109 fontibus
682 2043 717 2108 in
739 2044 824 2110 illius
846 2045 1021 2111 versionem
1040 2047 1212 2133 Anglicam
1233 2054 1310 2115 sunt

107 2148 205 2213 relata
213 2153 452 2233 3—praetcrque
473 2147 642 2213 nonnullas
664 2147 972 2213 Commentariorum
993 2149 1027 2213 in
1051 2151 1085 2215 S.
1106 2151 1309 2217 Matthaeum

106 2251 339 2337 deperditorum
360 2250 529 2337 relliquias.

150 2356 332 2421 Maximum
359 2353 392 2420 S.
416 2354 529 2440 Cyrilli
554 2376 642 2439 opus,
665 2352 699 2416 in
726 2351 759 2418 S.
783 2353 941 2420 loannem
967 2355 1229 2439 Commentarios,
1251 2382 1309 2425 nos

105 2464 191 2527 haud
220 2460 367 2537 multum,
393 2465 547 2544 quantum
572 2457 614 2522 ad
639 2462 762 2522 textum
788 2458 915 2537 attinet,
943 2459 1109 2525 emendare
1133 2462 1306 2547 potuimus.
1416 2518 1418 2523 .

108 2565 198 2631 Quae
224 2564 309 2630 enim
333 2563 447 2627 horum
470 2563 510 2627 ad
536 2584 594 2627 nos
616 2582 795 2646 pervenere,
818 2584 855 2626 ea
880 2585 944 2626 non
968 2563 1032 2628 nisi
1056 2563 1091 2629 in
1117 2588 1180 2629 uno
1204 2565 1310 2631 codice

106 2675 229 2733 exstare
254 2689 352 2753 paene
377 2665 505 2745 dixeris,
531 2665 680 2730 Codiccm
707 2664 777 2730 dico
803 2664 1022 2743 Barberinum,
1046 2689 1140 2753 quem
1166 2668 1309 2736 Auberto

105 2793 228 2857 quoque
257 2771 410 2856 inspicere
439 2770 603 2854 contigit;
639 2769 755 2855 quique
790 2789 842 2832 sex
877 2767 996 2853 priores
1030 2768 1126 2834 libros
1155 2773 1308 2839 continet.

106 2877 205 2940 Hunc
233 2875 272 2940 de
300 2896 383 2939 novo
412 2879 487 2939 ante
515 2872 631 2937 multos
655 2873 723 2958 jam
754 2892 853 2936 annos
883 2870 1020 2936 contulit
1045 2872 1309 2959 diligentissimus

105 2986 213 3045 noster
237 2980 363 3064 adjutor
384 2977 565 3042 Theodorus
589 2976 750 3060 Heysius;
782 2975 871 3059 cujus
895 2973 1016 3040 dehoc
1041 2976 1146 3042 codice
1171 2979 1308 3066 descrip-

105 3083 237 3161 tionem,
253 3088 286 3146 et
300 3082 339 3145 de
353 3080 572 3146 incertissimis
592 3080 659 3164 ejus
679 3079 948 3163 incommodisque
968 3080 1123 3145 scribendi
1142 3084 1308 3165 erroribus,

104 3188 213 3252 videus
226 3187 266 3251 ad
280 3193 358 3250 tom.
374 3186 395 3248 i.
420 3207 450 3269 p.
467 3185 541 3268 645.

149 3290 240 3355 Alios
262 3289 340 3353 duos
363 3292 485 3372 praeter
508 3288 593 3351 hunc
615 3285 710 3350 habet
732 3285 930 3350 Bibliotheca
952 3285 1107 3351 Vaticana
1129 3287 1207 3354 cod.
1231 3288 1307 3355 Vat.

105 3412 180 3482 592,
196 3398 331 3480 quatuor
344 3390 464 3477 priores
478 3391 574 3455 libros
590 3389 815 3469 continentem,
832 3397 865 3455 et
880 3406 956 3476 593,
970 3391 1025 3475 qui
1040 3397 1177 3475 quatuor
1190 3392 1309 3477 priores

104 3504 299 3585 quatuorque
321 3501 477 3561 extremos
498 3493 606 3572 habet,
628 3498 797 3579 utrumque
823 3492 917 3559 seculi
945 3516 998 3572 xv,
1021 3498 1174 3580 notaeque
1196 3518 1308 3580 parum

103 3601 214 3667 bonae.
260 3600 343 3664 com
366 3600 424 3663 hoc
446 3597 573 3683 propius
595 3596 763 3662 concordat
785 3597 862 3662 Cod.
888 3599 921 3662 S.
946 3596 1050 3663 Marci
1068 3598 1212 3663 Venetiis
1235 3620 1308 3679 121,

103 3705 243 3789 ejusdem
266 3702 330 3767 fere
350 3702 471 3778 aetatis,
488 3700 687 3786 ejusdemque
709 3699 823 3765 codicis
845 3701 1059 3786 apographon.
1104 3701 1232 3767 Praeter
1250 3704 1309 3768 hos

103 3808 185 3873 nulli
208 3806 266 3872 alii
290 3806 359 3871 noti
384 3811 460 3869 sunt
481 3806 572 3871 codd.
583 3829 593 3882 ;
625 3826 725 3889 neque
750 3810 901 3890 quattuor
923 3805 1108 3889 posteriores
1132 3805 1204 3870 libri
1230 3808 1309 3874 alias

102 3916 232 3977 exstant
245 3930 342 3995 quam
357 3908 391 3973 in
403 3906 476 3972 vat.
488 3922 551 3994 593
567 3914 600 3972 et
614 3908 649 3971 in
661 3907 801 3973 Veneto:
824 3907 977 3993 quaedam
992 3915 1099 3972 tamen
1113 3931 1192 3994 quac
1207 3895 1309 3977 obiter

102 4038 141 4080 ex
164 4015 215 4079 his
238 4011 483 4077 Commentariis
504 4011 643 4076 citantur
664 4011 815 4077 videntur
836 4013 984 4089 indicare,
1007 4016 1132 4076 textum
1156 4013 1234 4078 satis
1257 4015 1306 4078 in-

103 4122 230 4203 tegrum
245 4117 286 4181 ad
301 4137 359 4180 nos
373 4114 559 4200 pervenisse.

147 4221 261 4286 Libros
277 4217 386 4283 Molos
400 4218 435 4282 in
450 4218 534 4283 hunc
549 4218 678 4283 modum
694 4220 756 4283 cito
767 4245 818 4283 :-

183 4358 351 4421 B=C0dcx
378 4358 565 4432 Barberinus,
588 4378 642 4418 sec.
666 4359 718 4432 xii,
743 4358 773 4418 vi
798 4358 887 4418 libros
911 4358 1021 4435 priores
1046 4360 1245 4436 complectens,
1269 4360 1307 4420 ub

268 4457 380 4534 Heysio
395 4462 495 4516 nostro
511 4457 636 4517 maxime
649 4457 802 4533 diligentia
816 4457 852 4517 de
865 4477 941 4516 novo
954 4456 1086 4516 collatus.
