3038 5018
271 289 334 352 128
574 289 611 354 Β.
634 287 841 353 CYRILLI
872 286 1157 353 ALEXANDR.
1377 285 1399 348 i.
1415 303 1464 347 10.

272 453 487 548 βασιλεύσει
506 454 543 533 δέ
563 456 615 534 ἐπ’
631 454 740 552 αὑτήν
756 456 775 533 ὁ
790 454 887 551 Υἱὸς,
899 452 1008 552 μόνος
1027 453 1118 558 ἐχων
1137 451 1228 552 μετὰ
1244 460 1308 532 τοῦ
1321 449 1467 553 Πατρός

241 576 314 656 οτὸ
340 576 516 657 δύνασθαι
543 584 602 656 καὶ
626 580 675 660 ὡς
699 576 787 657 ὅντα
811 577 857 657 τὰ
880 576 930 676 μὴ
950 576 1037 657 ὅντα
1055 583 1188 674 καλεῖν,
1207 581 1265 655 καὶ
1290 575 1331 656 τὸ
1357 574 1466 675 μήπω

273 698 435 805 ὑπάρχον
471 699 613 806 άρῤήτῳ
651 701 796 799 δυνάμει
833 700 1007 803 παράγειν
1044 707 1092 784 είς
1128 700 1283 800 γένεσιν.
1337 699 1390 778 ὅτι
1427 697 1467 777 δέ

272 821 443 928 ὑπάρχων
469 824 560 903 κατὰ
590 821 704 932 φύσιν
732 825 826 910 θεὸς
859 827 878 904 ὁ
909 825 1006 922 Υίὸς,
1036 825 1151 926 ἕτερος
1181 822 1296 923 δήπου
1323 822 1467 907 πάντως

272 949 351 1026 ἐστὶ
367 945 466 1049 παρὰ
483 945 549 1047 τήν
568 950 696 1046 κτίσιν,
714 950 915 1050 ἀρκούντως
933 949 1001 1048 ἤδη
1020 945 1242 1051 διειληφότες
1261 948 1299 1025 ἐν
1318 952 1368 1052 τῷ
1385 950 1465 1048 περὶ
1480 962 1499 1023 5

271 1074 334 1167 τῆς
358 1071 461 1172 άγίας
477 1070 632 1173 Τριάδος
658 1071 769 1179 λόγῳ,
787 1070 953 1174 περιττὸν
972 1074 1009 1150 ἐν
1027 1070 1166 1154 τούτοις
1187 1073 1332 1172 ἐροῦμεν
1351 1068 1464 1149 οὐδέν·

270 1192 369 1292 πλὴν
405 1196 514 1274 ἐκεῖνο
551 1196 738 1298 χρησίμως
775 1194 1047 1297 προσθήσομεν,
1084 1194 1138 1273 ὅτι
1173 1195 1216 1271 δι’
1254 1195 1363 1273 αὐτοῦ
1402 1190 1466 1272 τὸν

271 1315 411 1416 κόσμον
439 1321 658 1416 πεποιῆσθαι
687 1317 815 1420 λέγων,
844 1324 892 1401 είς
919 1318 1056 1397 ἔννοιαν
1083 1318 1174 1416 ἡμᾶς
1202 1317 1369 1422 ἀναφέρει
1400 1316 1466 1414 τήν

269 1446 350 1541 περὶ
377 1439 534 1543 Πατρός,
560 1443 619 1519 καὶ
643 1440 871 1547 συνεισφέρει
894 1446 946 1548 τῷ
970 1443 1012 1520 δι’
1033 1440 1074 1520 οὗ
1099 1439 1162 1518 τὸν
1183 1439 1228 1546 ἐξ
1251 1440 1305 1518 οὗ.
1345 1439 1465 1520 πάντα

271 1562 460 1667 γὰρπαρὰ
480 1562 687 1668 Πατρδςδί
707 1564 985 1671 ΥἱοῦἐνἈγίιρ
1007 1563 1197 1662 Πνεύματι.
1483 1594 1516 1633 1·

576 1839 633 1906 Καὶ
661 1841 679 1910 ὸ
706 1841 827 1918 κόσμοι
853 1839 952 1908 αὑτὸν
979 1840 1037 1906 οὐκ
1064 1840 1159 1915 ἔτυω.

326 2036 447 2145 Νήφει
465 2036 577 2119 πάλιν
596 2041 616 2119 ὁ
633 2036 939 2145 πνευματοφόρος,
958 2043 1016 2119 καὶ
1034 2038 1185 2145 φθάνειν
1203 2040 1376 2140 ἐπείγεται
1400 2039 1466 2123 τὰς

269 2160 370 2267 παρά
395 2197 501 2242 τινων
523 2164 782 2266 εύρεσιλογίας·
815 2163 1010 2263 θαυμάσεις
1040 2161 1078 2241 δέ
1105 2161 1218 2243 πάλιν
1241 2162 1304 2242 τὸν
1329 2164 1367 2241 ἐν
1391 2171 1466 2247 τοῖς

273 2285 480 2390 θεωρήμασι
507 2285 701 2387 λογισμόν.
743 2291 822 2392 φῶς
849 2284 1022 2387 ἀληθινὸν
1047 2284 1248 2366 άπεκάλεσε
1276 2284 1340 2365 τὸν
1358 2286 1462 2384 Υίὸν,

98 2412 180 2475 ⁸qu
270 2406 521 2513 διισχυρίσατό
545 2443 583 2488 τε
610 2408 773 2515 φωτίζειν
792 2408 900 2489 αὑτὸν
918 2410 1037 2490 πάντα
1061 2411 1250 2513 ἄνθρωπον
1274 2409 1466 2513 ἐρχόμενον
1483 2446 1519 2495 1:

96 2492 149 2527 Ver.
179 2515 185 2528 ·

161 2494 177 2540 ⁹
226 2570 229 2575 ·
267 2538 315 2616 είς
333 2530 396 2611 τδν
415 2530 564 2624 κόσμον·
593 2530 683 2634 πρὸς
702 2530 745 2610 δέ
757 2567 799 2633 γε
817 2530 945 2642 τούτῳ,
964 2532 1018 2613 ὅτι
1036 2536 1094 2612 καὶ
1114 2543 1135 2580 “

1149 2529 1194 2632 ἦν
1212 2534 1249 2611 ἐν
1267 2540 1318 2639 τῷ
1337 2531 1465 2643 κόσμκρ

270 2666 290 2703 ‘C
395 2657 406 2685 x
494 2657 505 2683 ς
535 2655 544 2679 t
609 2652 618 2681 Ι
766 2657 774 2681 ς
830 2656 839 2681 ι
888 2665 904 2682 a
932 2659 940 2682 ι
974 2655 985 2681 Ι
1072 2658 1092 2683 ις
1142 2659 1151 2682 ι
1205 2656 1214 2682 ν
1253 2653 1268 2689 ς
1357 2658 1377 2686 2!

314 2660 429 2760 φησιν
448 2688 507 2734 και
528 2688 548 2734 ο
578 2688 715 2753 κοσμος
732 2659 766 2735 δι
797 2690 905 2736 αυτου
923 2690 1072 2757 εγενετο.
1130 2667 1205 2736 αλλ
1235 2690 1330 2736 ειπεν
1349 2692 1394 2735 αν
1411 2692 1466 2742 τις

237 2777 371 2862 εεύθύς
401 2778 485 2876 ἡμῖν
507 2783 581 2857 τῶν
603 2780 645 2858 δι’
671 2780 828 2862 ἐναντίας
857 2785 902 2858 Εἰ
930 2786 1008 2887 φῶς
1036 2778 1080 2879 ἦν
1103 2781 1123 2859 ὁ
1144 2778 1276 2881 Λόγος,
1300 2776 1329 2858 ὦ
1357 2781 1464 2875 οὗτοι,

269 2905 328 2981 καὶ
357 2907 385 2980 εἶ
416 2901 558 3006 φωτίζει
587 2899 722 2987 παντὸς
754 2902 944 3004 ἀνθρώπου
976 2904 1135 3006 καρδίοιν,
1163 2909 1210 2987 εἷς
1243 2905 1467 3004 θεογνωσίαν

270 3023 437 3124 δηλονότι
459 3027 517 3104 καὶ
539 3030 587 3108 είς
609 3023 759 3104 σύνεσιν
777 3027 1074 3130 ἀνθρωποπρεπή,
1094 3027 1152 3106 καὶ
1171 3026 1269 3130 ε’ίπερ
1289 3025 1333 3127 ἦν
1353 3030 1407 3105 ἀεὶ
1428 3030 1466 3107 ἐν
1481 3058 1518 3098 2·

269 3156 322 3257 τῷ
351 3150 487 3257 κόσμῳ,
510 3150 567 3227 καὶ
595 3146 702 3231 αὐτὸς
729 3147 774 3248 ἦν
797 3146 949 3252 ἐργάτης
977 3139 1096 3248 αὑτοῦ,
1120 3157 1196 3233 πῶς
1220 3149 1379 3253 ήγνοήθη
1408 3156 1466 3230 καὶ

270 3279 318 3356 εἰς
347 3270 494 3376 χρόνους
522 3273 614 3351 οὕτω
642 3271 810 3373 μακρούς·
846 3273 972 3352 οὐκοῦν
994 3275 1058 3352 οὐκ
1083 3273 1261 3378 ἐφώτιζεν,
1280 3272 1365 3352 ἀλλ’
1386 3274 1466 3353 οὐδὲ

271 3395 366 3478 ὅλως
385 3396 520 3497 ὑπῆρχε
539 3392 580 3472 τὸ
600 3398 679 3499 φῶς
699 3392 813 3477 αὑτός.
853 3392 944 3499 πρὸς
963 3393 1006 3493 δὴ
1025 3394 1234 3475 τὰτοιαῦτα
1252 3396 1466 3500 θερμότερον

271 3517 481 3617 ὁθεολόγος
504 3515 704 3618 ὑπαντιάζει
729 3517 847 3618 λε’γων
865 3518 910 3598 ‘0
931 3522 1059 3623 κόσμος
1078 3496 1173 3599 αύτδι
1192 3525 1249 3599 οὐκ
1276 3521 1369 3622 ἔγνω·
1401 3522 1466 3599 οὐκ

213 3674 217 3681 ’
271 3638 377 3724 αὐτὸς
395 3641 438 3718 δι’
458 3637 583 3719 ἑαυτὸν
601 3638 772 3741 ήγνοήθη,
791 3643 916 3746 φησίν·
955 3642 1130 3722 αἰτιάσθω
1149 3641 1187 3721 δέ
1205 3645 1225 3722 ὁ
1244 3642 1381 3740 κόσμος
1399 3642 1466 3743 τὴν
1482 3676 1519 3718 α-

103 3787 197 3845 ΒΘΑ
239 3764 400 3844 ιοίκείαν
419 3763 617 3842 ἀσθένειαν.
658 3762 799 3868 φωτίζει
823 3762 887 3862 μέν
913 3763 984 3868 γὰρ
1011 3767 1030 3844 ό
1056 3764 1153 3861 Υἱὸς,
1172 3766 1401 3863 ἀπαμβλύνει
1428 3768 1466 3848 δέ

273 3886 339 3988 τὴν
367 3886 473 3992 χάριν
502 3887 524 3987 ἦ
555 3886 683 3970 κτίσις.
730 3885 920 3987 ἐδανείζετο
951 3886 993 3966 τὸ
1025 3890 1174 3984 βλέπειν
1201 3890 1258 3969 ἵνα
1285 3888 1349 3969 τὸν
1375 3890 1467 3970 κατὰ

270 4009 384 4117 φύσιν
403 4011 519 4114 νοήσῃ
538 4007 642 4106 Θεὸν,
662 4011 719 4088 καὶ
738 4010 978 4108 δεδαπάνηκεν
996 4013 1146 4095 ἀσώτως
1164 4011 1206 4092 τὸ
1230 4014 1343 4111 δοθέν,
1361 4014 1466 4118 με’χρι

268 4140 341 4213 τῶν
358 4132 565 4233 ποιημάτων
584 4132 718 4232 ἔστησε
736 4136 799 4231 τῆς
818 4133 964 4235 θεωρίας
982 4131 1023 4212 τὸ
1041 4137 1181 4238 μέτρον·
1211 4134 1383 4240 ἐνάρκησε
1401 4135 1467 4217 τὸν

270 4414 272 4418 ,
307 4377 330 4415 1.
347 4359 483 4424 βασιλεύει
496 4360 529 4415 Β.
652 4375 693 4414 12.
712 4361 753 4414 καὶ
765 4370 932 4449 assumptum
946 4379 978 4415 ex
993 4361 1024 4416 B.
1146 4379 1186 4433 13.
1204 4364 1284 4420 πάλιν
1297 4363 1329 4418 Β.
1341 4365 1400 4417 λίαν
1413 4365 1467 4421 Ed.

272 4429 314 4483 16.
333 4429 431 4486 τούτοις
445 4430 478 4484 Β.
612 4447 656 4484 20.
675 4428 746 4500 εἴπερ
759 4429 789 4498 ἦν
801 4431 841 4484 ἀεὶ
853 4453 880 4485 εν
914 4435 937 4501 ]
951 4433 1057 4502 ηπᾳριὶν
1069 4432 1099 4502 ἣν
1110 4455 1150 4486 σει
1162 4435 1192 4487 τὸ
1206 4433 1239 4488 Β.
1288 4433 1315 4488 id
1328 4434 1400 4505 quod
1414 4434 1467 4491 Ed.

270 4497 405 4553 habenta.
419 4499 500 4554 cord.
608 4513 651 4571 27.
670 4500 820 4556 ἐδανείσατο
834 4501 867 4556 B.
925 4503 1001 4556 tatim
1013 4504 1043 4556 τὸ
1055 4519 1109 4558 om.
1123 4502 1155 4557 B.
