3038 5018
218 284 262 348 98
521 287 793 355 B.0YR1LL1
823 285 1111 354 ALEXANDR.
1350 277 1372 340 i·
1386 298 1416 362 9·

217 449 326 528 ποίαν
348 451 462 532 αἰτίαν
483 453 541 534 ἐπὶ
564 451 676 552 μόνου
700 454 850 534 τέθειται
875 460 981 532 τοῦτο
1007 459 1070 530 τοῦ
1088 453 1201 542 Υἱοῦ,
1237 446 1328 548 χρῆν
1347 438 1419 542 γὰρ

219 571 335 672 δήπου
362 573 454 654 κατά
481 610 525 678 γε
551 575 615 658 τὸν
637 583 701 679 τῆς
729 574 896 677 ἰσότητος
923 573 1049 677 λόγον,
1078 575 1236 653 καὶτοῖς
1264 599 1415 661 πεποιη-

219 695 337 794 μένοις
354 699 630 804 ἐπιφημίζεσθαι
654 698 697 780 τὸ
723 698 867 795 ἀληθινόν
886 696 973 780 εἶναι
992 698 1078 805 φάε.
1116 694 1202 774 ἀλλ’
1252 692 1261 716 ’

221 816 373 922 ἁρμόσει
391 829 464 901 τῶν
482 830 652 925 γενητῶν,
671 831 920 927 κατηγορεῖται
939 820 976 902 δέ
995 819 1106 920 μόνης
1124 821 1188 917 τῆς
1206 814 1332 896 οὐσίας
1356 817 1421 890 τοῦ

221 948 324 1024 Υίοῦ.
363 945 490 1049 κυρίως
506 946 577 1049 άρα
595 949 653 1027 καὶ
671 950 818 1047 άληθῶς
836 948 991 1026 κείσεται
1013 942 1079 1043 μὲν
1096 943 1149 1023 ἐπ’
1169 940 1288 1036 αὐτοῦ,
1307 937 1364 1016 ἐπὶ
1383 931 1453 1019 δέ5

221 1074 294 1146 τῶν
311 1068 519 1169 ποιημάτων
536 1071 662 1152 οὐκέτι.
703 1077 779 1155 πῶς
798 1070 931 1150 οὖνέτι
956 1073 1002 1174 τῇ
1029 1067 1143 1148 κτίσει
1161 1059 1344 1170 συμφυὴς,
1363 1060 1422 1139 καὶ

221 1192 300 1297 οὐχὶ
324 1199 470 1290 μᾶλλον
492 1200 564 1273 τῶν
587 1192 675 1299 ὑπὲρ
699 1192 766 1296 τὴν
784 1195 914 1292 κτίσιν,
933 1196 982 1278 ὡς
1006 1189 1094 1295 ι’νπέρ
1120 1187 1231 1288 αὐτὴν
1251 1184 1423 1289 ὑπάρχων

222 1313 313 1415 μετὰ
332 1315 502 1419 Πατρός;

190 1452 212 1518 b
279 1470 380 1517 κκκο.
409 1444 455 1520 Εἰ
479 1443 574 1546 φωτὶ
599 1446 650 1550 τῷ
675 1440 768 1521 κατὰ
792 1441 965 1542 ἀλήθειαν
983 1441 1025 1521 οὐ
1052 1435 1182 1519 ταύτόν
1199 1438 1279 1514 ἐστι
1304 1428 1346 1511 τό
1370 1429 1423 1531 μὴ

222 1561 315 1644 κατὰ
341 1562 513 1663 ἀλήθειαν
540 1571 631 1670 φῶς·
670 1564 743 1670 ἔχει
775 1564 847 1670 γάρ
879 1600 914 1646 τι
946 1563 988 1645 τὸ
1021 1567 1174 1666 ἑτεροῖον
1201 1559 1224 1659 ἡ
1257 1555 1423 1659 ἑκατέρου
1440 1587 1479 1630 ιο

222 1685 397 1787 δήλωσις·
428 1687 503 1794 φάε
528 1687 567 1768 δὲ
594 1686 740 1783 ιἰληθιίιι
766 1692 787 1768 ὁ
813 1687 901 1774 Υἱὸς
928 1685 1215 1786 κατωνόμασται,
1234 1683 1293 1761 καὶ
1317 1678 1423 1760 τοῦτό

222 1813 302 1890 ἐστι
332 1809 425 1890 κατὰ
456 1811 583 1918 φάσιν·
610 1812 693 1892 οὐκ
724 1811 795 1916 ἄρα
824 1813 846 1913 ἡ
877 1814 994 1896 κτίσις
1022 1808 1168 1905 ιἰληθιθιν
1195 1806 1298 1886 ἐσται
1330 1803 1420 1912 φάς.

223 1934 352 2014 οὐκοῦν
370 1933 451 2015 οὐδὲ
469 1937 647 2037 ἀλλήλοις
666 1936 810 2043 όμοφυῆ
827 1934 873 2015 τὰ
892 1937 1003 2020 οὕτως
1020 1929 1287 2042 ἐξηλλαγμένα.

165 2074 168 2079 ’
280 2088 380 2136 Αιιο.
410 2064 455 2139 Εἰ
479 2057 530 2160 μὴ
555 2056 665 2157 μόνος
690 2060 710 2139 ὃ
738 2058 950 2162 Μονογενὴς
975 2056 1017 2138 τὸ
1043 2063 1122 2164 φῶς
1148 2058 1228 2135 ἐστι
1255 2049 1298 2135 τὸ
1326 2052 1421 2150 άλη-

224 2178 334 2280 θινόν,
352 2181 423 2287 ἐχει
442 2179 480 2261 δέ
497 2183 555 2273 καὶ
573 2183 596 2282 ἡ
614 2183 732 2266 κτίσις
752 2181 795 2263 τὸ
821 2179 909 2264 εἶναι
934 2188 1013 2288 φῶς
1037 2178 1221 2280 ἀληθινὸν,
1240 2175 1299 2257 διὰ
1316 2177 1424 2257 ποίαν
1440 2208 1476 2267 15

194 2306 340 2385 οαίτίον
367 2303 473 2389 αὐτὸς
494 2315 516 2352 “
530 2305 673 2410 φωτίζει
700 2304 820 2386 πάντα
847 2306 1038 2410 ἄνθρωπον
1065 2300 1256 2409 ἐρχόμενον
1284 2306 1332 2386 είς
1359 2297 1424 2381 τόν

224 2437 247 2476 “
265 2425 406 2526 κόσμον
421 2429 454 2525 ;”
496 2427 650 2532 ἐχούσης
683 2429 756 2533 γὰρ
785 2430 924 2524 οἴκοθεν
950 2437 1058 2510 τοῦτο
1089 2430 1147 2507 καὶ
1178 2430 1242 2526 τῆς
1273 2429 1424 2528 γειητῆς

223 2549 361 2648 οὐσίας,
380 2549 548 2654 περιττὸν
565 2549 611 2651 ἦν
629 2552 681 2633 ἐτι
704 2550 747 2634 τό
773 2553 993 2660 φωτίζεσθαι
1022 2553 1066 2633 δι’
1086 2556 1189 2633 Υἱοῦ·
1227 2546 1327 2629 ἀλλὰ
1351 2545 1425 2647 μὴν

226 2675 363 2782 φωτίζει
380 2671 448 2774 μέν
466 2673 582 2774 αὐτὸς,
600 2675 746 2782 μέτοχοι
771 2677 809 2758 δέ
833 2678 943 2758 αι’σοῦ
968 2675 1101 2761 πάντες
1127 2675 1238 2775 ἡμεῖς·
1271 2673 1335 2752 οὐκ
1353 2671 1425 2773 άρα

224 2794 356 2878 ταύτὸν
373 2801 422 2883 είς
440 2799 567 2883 οὐσίας
582 2798 758 2900 ποιότητα
775 2800 864 2887 Υἱὸς
882 2804 941 2882 καὶ
959 2801 1088 2885 κτίσις·
1119 2795 1244 2900 ὥσπερ
1263 2796 1326 2877 οὖν
1344 2791 1425 2874 οὐδὲ
1439 2832 1480 2873 ιο

225 2925 277 3029 τῷ
294 2921 479 3028 μετέχοντι
496 2922 539 3002 τὸ
554 2923 804 3029 μετεχόμενον.

281 3077 382 3124 κκκο.
421 3051 466 3126 Ei
498 3044 548 3146 μὴ
580 3044 680 3156 μόνῳ
712 3045 892 3151 πρόσεστι
924 3046 1016 3128 κατὰ
1048 3046 1164 3153 φύσιν
1190 3049 1242 3153 τῷ
1271 3045 1349 3149 Υὶῷ
1381 3040 1426 3120 τὸ

227 3166 398 3273 ὑπάρχειν
416 3168 491 3275 φάς
515 3167 672 3269 ιἰληθιιίν,
691 3170 763 3276 ἐχει
788 3169 827 3252 δέ
852 3170 939 3252 αὐτὸ
963 3175 1023 3252 καὶ
1050 3172 1073 3272 ἡ
1099 3171 1226 3267 κτίσις,
1245 3163 1423 3270 περιττὸς,

59 3295 148 3412 {³25st
157 3359 181 3410 ⁶·
227 3294 276 3377 ὡς
301 3288 409 3390 οἶμαι,
428 3298 592 3398 φανεῖται
616 3294 708 3397 πρός
733 3329 831 3380 τινας
858 3296 976 3399 λέγων
995 3298 1016 3376 ό
1035 3291 1238 3402 φαλμιρδός
1256 3301 1278 3340 “
1292 3297 1422 3393 Προσ·

194 3411 391 3495 (1“έλθετε
416 3414 509 3518 πρὸς
538 3414 645 3496 αὐτὸν
673 3421 732 3497 καὶ
761 3421 1004 3528 φωτίσθητε·”
1043 3417 1086 3500 τὸ
1118 3417 1190 3520 γὰρ
1221 3415 1316 3498 ὅλως
1347 3413 1424 3493 κατ’
1442 3442 1482 3502 25

227 3536 400 3638 ἀλήθειαν
422 3543 512 3645 φῶς,
532 3539 595 3619 οὐκ
620 3537 665 3619 ἂν
687 3540 826 3643 γένοιτο
851 3544 993 3652 μεθέξει
1020 3550 1065 3649 τῇ
1091 3539 1183 3645 πρὸς
1210 3536 1330 3642 ἕτερόν
1347 3571 1428 3617 τινα

228 3666 318 3767 φῶς,
343 3663 429 3741 ἀλλ’
456 3662 536 3741 οὐδὲ
564 3664 749 3772 ἐλλάμψει
777 3673 822 3772 τῇ
849 3671 933 3773 παρ’
965 3668 1083 3772 ἐτέρου
1109 3661 1428 3772 φαιδρυνθὴσεται,

228 3785 368 3865 τελείαν
392 3782 430 3864 δέ
457 3792 604 3885 μᾶλλον
629 3787 701 3868 άπὸ
729 3793 793 3888 τῆς
821 3792 910 3877 ἰδίας
938 3792 1086 3898 φάσεως
1112 3787 1179 3888 τὴν
1201 3784 1430 3890 καθαρότητα

229 3906 528 4013 χορηγηθήσεται·
557 3911 644 3990 ἀλλ’
666 3912 804 4014 ὁρῶμεν
823 3912 878 3994 ὅτι
896 3916 1017 4021 φωτὸς
1035 3911 1173 4012 ἐπιδεὴς
1191 3913 1211 3992 ό
1231 3911 1428 4014 ἅνθρωπος,

230 4036 378 4132 κτιστῆς
402 4030 573 4138 ὑπάρχων
589 4034 749 4139 φάσεως·
780 4040 839 4116 καὶ
857 4038 1022 4139 ἀληθεύει
1047 4042 1146 4134 βοῶν
1165 4038 1185 4115 ὁ
1211 4032 1426 4143 φαλμηιδδς,
1445 4070 1487 4129 3ο

265 4288 292 4341 3.
312 4271 428 4327 οὗδένΒ.
535 4293 561 4342 4.
579 4274 691 4347 ἁρμόσει
704 4276 736 4332 Β.
749 4276 854 4348 ἁρμόζει
868 4277 919 4333 Ed.
1027 4292 1051 4348 7.
1071 4274 1227 4346 τὴνοω.Ε.
1340 4277 1381 4332 18.
1399 4279 1430 4332 τδ

230 4351 399 4411 assumptum
411 4361 444 4398 ex
457 4344 561 4401 B.D.E.
726 4362 768 4415 25.
787 4348 950 4422 φωτίσθιμε]
970 4355 996 4415 -1-
1011 4348 1070 4403 ἀλλ’
1083 4351 1183 4419 ὁρῶμεν
1197 4345 1228 4417 [i.
1236 4365 1259 4401 ο.
1271 4364 1318 4417 per
1331 4349 1431 4404 saltum

230 4435 391 4578 {gfaedssss
407 4509 436 4562 τὸ
449 4509 482 4564 Β.
563 4454 604 4512 27.
623 4441 694 4515 φοι]
708 4444 802 4515 mas
814 4443 925 4517 conjecit
939 4446 974 4500 n.
1034 4443 1181 4517 οιιμμι]
1196 4429 1382 4516 ammio)
1396 4446 1431 4502 B.
