3038 5018
261 296 325 358 586
403 343 410 354 .
564 294 604 358 Β.
628 293 835 358 CYRILLI
866 291 1154 358 ALEXANDR.
1372 287 1426 352 vii.
1439 301 1463 369 7.

94 483 211 538 40οΑ
232 465 487 562 οπροσλαλεῖν
520 457 566 537 τά
598 459 844 565 συμφέροντα,
878 462 1097 562 περιστολῆς
1129 451 1279 556 ἁπάσης
1312 457 1383 551 τῆς
1413 456 1466 532 ἐπὶ

261 583 377 691 τούτῳ
395 583 657 689 παρῃρημένης
678 592 751 667 τοῖς
770 583 808 663 δέ
826 579 913 662 εἶναι
933 586 1102 663 δοκοῦσιν
1116 584 1302 687 ἀδελφοῖς,
1317 577 1373 678 μή
1392 579 1468 681 ούχί

261 713 393 814 πολλῷ
413 715 470 786 καὶ
488 709 628 788 πλείονι
647 708 855 810 χαρίζεσθαι
874 709 1002 813 μέτρῳ,
1022 704 1069 786 τά
1091 708 1148 812 ἐφ’
1168 702 1219 789 οἷς
1246 704 1411 803 ἔμελλον
1430 702 1469 781 οό

262 831 413 933 μετρίως
436 831 681 937 ὠφελούμενοι
705 830 897 925 μανθάνειν
917 832 1058 935 ἔχοντες
1076 829 1144 930 ἤδη
1163 833 1226 927 τῆς
1246 827 1390 934 σοφίας
1407 823 1469 905 τόν

262 954 432 1060 χορηγόν.
482 955 562 1039 έθος
587 954 626 1034 δέ
655 964 759 1035 τοῦτο
787 961 838 1062 τῷ
867 960 1008 1057 Σωτῆρι
1035 958 1201 1061 Χριστῷ·
1243 950 1498 1058 δραξάμνοςε

260 1077 333 1180 γὰρ
351 1079 513 1182 εὐκαίρου
529 1077 751 1184 προφάσεως
776 1079 856 1158 ἔσθ’
877 1080 946 1176 ὅτε,
965 1077 1102 1181 μακράς
1128 1085 1201 1160 τοῖς
1227 1069 1470 1178 ἀκροωμένοις

253 1202 442 1308 Ιέξυφαίνει
478 1201 543 1287 τὰς
581 1202 809 1308 κατηχήσεις.
868 1206 923 1282 ἀεὶ
960 1211 1164 1305 τοιγαροῦν,
1204 1203 1315 1304 φησὶ,
1359 1199 1472 1305 φιλον

261 1324 403 1433 ἑκάστῳ
427 1327 470 1406 τὸ
497 1325 682 1428 συγγενές,
701 1330 759 1407 καὶ
778 1328 799 1427 ή
819 1337 882 1408 τοῦ
901 1326 1037 1430 τρόπου
1055 1324 1228 1425 ταυτότης
1247 1323 1472 1429 παραδόξως

229 1447 414 1551 Βουνοίγει
440 1449 532 1552 πρὸς
560 1450 732 1531 διάθεσιν.
773 1461 788 1532 ὁ
819 1451 945 1557 κόσμος
974 1453 1067 1554 ὑμεῖς
1098 1455 1132 1530 ιύ
1159 1452 1267 1554 μισεῖ·
1301 1451 1472 1553 φρονεῖτε

262 1572 334 1676 γάρ
359 1573 409 1653 έτι
434 1573 481 1652 τδι
506 1575 626 1654 αὐτοῦ·
660 1573 720 1681 ἐμὲ
744 1570 780 1655 δὲ
803 1579 907 1680 μισεῖ,
927 1575 994 1679 οὐχ
1019 1573 1130 1673 ήδέως
1155 1572 1247 1677 έχων
1266 1573 1327 1676 ἐφ’
1347 1569 1402 1655 οῖς
1427 1567 1471 1649 ἀν
1485 1610 1511 1652 ιι

262 1699 456 1806 ἀσχημονῇ
495 1698 580 1799 παρ’
614 1699 700 1796 ἐμοῦ
740 1697 1058 1802 κατηγορούμενος·
1107 1698 1235 1776 ούκοῦν
1271 1693 1472 1778 ἀκινδύνως

261 1823 503 1901 έπελεύσεσθε
522 1819 588 1921 μέν
608 1823 704 1918 ὑμεῖς
726 1824 784 1901 ἐπὶ
802 1821 905 1920 τήνδε
930 1821 997 1922 τὴν
1015 1819 1152 1922 ἑορτὴν,
1171 1818 1243 1922 έγάν
1269 1818 1310 1899 δέ
1336 1819 1468 1899 οὐκέτι.

262 1944 474 2052 διαλέξομαι
508 1944 578 2047 γὰρ
610 1943 754 2029 πάντως
787 1949 848 2024 καὶ
879 1947 947 2049 ε’ρῶ
979 1944 1106 2048 παρὼν
1131 1943 1178 2023 τὰ
1208 1942 1470 2050 συμφέροντα,

261 2068 388 2171 πικρὸς
415 2067 453 2149 δέ
478 2077 553 2153 τοῖς
577 2067 786 2172 φιληδόνοις
813 2071 833 2148 ὁ
860 2067 1021 2174 ἐ’λεγχος,
1041 2075 1099 2149 καὶ
1122 2066 1213 2171 πρὸς
1236 2064 1356 2170 ὀργὴν
1379 2069 1471 2147 ἀνα·

261 2201 395 2273 καῦσαι
432 2193 544 2278 δεινὸς
581 2193 646 2272 τὸν
680 2192 734 2272 ότι
770 2191 952 2294 προσήκοι
989 2198 1193 2298 σωφρονεῖν
1224 2193 1267 2270 ού
1310 2194 1469 2272 καταδε·
1489 2225 1511 2280 η

156 2339 159 2341 ’
261 2317 424 2422 χόμενον.
1023 2420 1026 2425 γ

316 2444 469 2549 Ὠφελεῖ
494 2439 532 2519 δέ
559 2439 672 2521 πάλιν
695 2443 753 2520 καὶ
781 2438 839 2520 διά
866 2439 1002 2520 τούτων
1029 2440 1122 2539 ἡμᾶς
1149 2446 1222 2519 τῶν
1244 2438 1428 2543 ῥημάτων
1453 2442 1475 2521 ὁ

263 2565 408 2666 Κύριος·
449 2569 507 2643 καὶ
539 2562 610 2666 γὰρ
642 2564 686 2664 δή
719 2570 901 2644 ποιεῖσθαι
929 2562 1011 2648 τούς
1041 2565 1215 2669 ἐλέγχους
1245 2566 1312 2643 οὐκ
1344 2566 1475 2667 ἀπερι-

232 2689 427 2770 οσκέπτως
454 2685 643 2792 συμφέρει,
669 2687 750 2767 οὐδὲ
779 2694 827 2771 είς
855 2687 993 2773 πάντας
1021 2687 1181 2795 ἐκφέρειν
1207 2688 1282 2787 μετ’
1312 2686 1475 2788 ε’πιπλή-

93 2807 216 2923 {rom
262 2812 352 2917 ξεως
388 2810 454 2911 τὴν
485 2810 683 2915 ὑφήγησιν,
713 2813 800 2891 ἀλλ’
832 2812 959 2891 εἰδέναι
996 2808 1039 2892 τό
1076 2812 1325 2915 γεγραμμένον
1357 2823 1383 2859 “
1405 2812 1474 2912 Μή
1488 2848 1511 2888 ιι

262 2945 283 2981 “
302 2933 431 3041 ἔλεγχε
455 2935 595 3032 κακούς,
616 2936 675 3014 ἵνα
703 2933 752 3034 μὴ
781 2933 976 3034 μισήσωσί
1000 2938 1075 3032 σε,”
1096 2935 1154 3016 ὅτε
1179 2935 1222 3015 τδ
1247 2942 1358 3034 μῖσος
1385 2938 1476 3035 ἡμῖν

95 3058 213 3188 3¹⁸⁸·
262 3059 326 3138 οὐκ
363 3058 526 3162 ἀζήμιον,
566 3065 613 3140 είς
650 3055 725 3137 ὦτα
763 3057 801 3136 δέ
838 3065 984 3156 μᾶλλον
1021 3058 1224 3138 ἀκουόντων
1258 3060 1474 3162 ἐπείγεσθαι

262 3190 398 3280 λαλεῖν,
427 3183 518 3260 κατὰ
547 3178 588 3260 τό
616 3182 875 3283 γεγραμμένον.
924 3182 1216 3287 φιλαμαρτήμων
1245 3182 1312 3280 μέν
1343 3181 1424 3287 γάρ
1454 3188 1474 3265 ό

261 3295 396 3404 κόσμος
430 3308 540 3400 ἐστὶν,
569 3303 818 3407 ε’πανορθωτής
852 3302 889 3385 δέ
922 3313 994 3385 τῶν
1024 3308 1065 3385 ού
1099 3307 1248 3391 δεόντως
1280 3307 1475 3388 ε’πιτελου-

261 3430 377 3527 μένων
397 3431 417 3507 ὁ
437 3429 581 3531 Κύριος·
605 3431 648 3506 δι’
666 3429 819 3535 ἐλέγχου
838 3430 876 3508 δέ
893 3428 1072 3514 πολλάκις
1089 3437 1271 3510 ποιεῖσθαι
1288 3431 1474 3532 προσήκει
1488 3467 1511 3522 η

262 3552 326 3648 τὴν
352 3549 612 3652 ἐπανόρθωσιν·
644 3551 686 3631 τό
714 3551 787 3654 γὰρ
815 3551 910 3636 όλως
939 3554 1151 3654 καταλέγειν
1179 3558 1243 3653 τῆς
1270 3555 1470 3656 ἁμαρτίας,

229 3680 426 3774 ἁέπιτιμᾶν
445 3676 524 3753 έστι
546 3681 619 3759 τοῖς
642 3680 835 3777 ἀγαπῶσιν
854 3675 973 3776 αὐτὴν,
994 3680 1052 3755 καὶ
1077 3678 1119 3757 τὸ
1144 3682 1208 3777 τῆς
1234 3678 1477 3783 φαυλότητος,

262 3806 481 3902 κατηγορεῖν,
501 3798 733 3897 ἐπιπλήττειν
758 3802 837 3879 ε’στὶ
865 3807 939 3885 τοῖς
968 3801 1114 3905 ἔχουσιν
1140 3801 1263 3902 αὑτήν.
1295 3801 1388 3882 ὅταν
1407 3807 1473 3884 οὖν

262 3923 401 4025 ἀνάγκη
419 3920 486 4020 μέν
505 3928 553 4006 εἰς
570 3921 611 4002 τό
631 3921 793 4027 ἐλέγχειν
812 3929 907 4027 καλῇ
934 3924 997 4003 τὸν
1017 3923 1247 4021 διδάσκοντα,
1267 3929 1326 4005 καὶ
1354 3929 1377 4005 ὁ
1407 3933 1473 4028 τῆς

263 4047 451 4149 θεραπείας
485 4045 617 4148 τρόπος
647 4045 706 4125 διὰ
740 4046 877 4125 τούτων
907 4047 993 4128 ἱέναι
1024 4050 1163 4155 κελεύῃ,
1192 4049 1400 4157 χαλεπαίνῃ
1433 4055 1471 4133 δέ
1486 4081 1511 4136 3ε

301 4269 323 4304 1.
344 4252 385 4305 ε’πὶ
398 4247 492 4324 τούτῳ]
508 4251 567 4318 περὶ
580 4253 656 4302 τοῦτο
671 4248 702 4302 Β.
828 4266 853 4319 3.
872 4249 972 4322 μέτρῳ]
986 4253 1051 4320 πρὸς
1062 4252 1148 4323 μέτρῳ
1163 4251 1196 4306 Β.
1255 4249 1308 4322 οἶς]
1325 4258 1354 4317 4
1372 4256 1424 4322 μέν
1439 4255 1471 4310 Β.

263 4342 288 4387 4.
308 4323 411 4390 ἔχοντες
423 4333 591 4390 assumptum
605 4339 636 4374 ex
652 4320 684 4373 Β.
787 4319 812 4374 6.
830 4319 894 4410 γὰρ]
910 4323 937 4375 δὲ
950 4324 1001 4392 γὰρ
1016 4321 1047 4375 Β.
1154 4339 1194 4376 10.
1210 4323 1280 4411 ἔχων
1291 4338 1472 4396 assumptum

262 4411 293 4443 ex
310 4392 340 4442 Β.
434 4409 473 4444 12.
492 4390 673 4446 ἀπελεύσεσθε
689 4392 723 4446 D.
812 4409 851 4458 14.
871 4396 1011 4445 ανοκοῦσαι
1026 4392 1058 4447 Β.
1146 4407 1186 4464 17.
1205 4416 1270 4461 ημσς
1282 4398 1335 4447 τῶν
1344 4394 1473 4465 ῥημάτων

263 4460 312 4513 hoe
326 4462 419 4513 ordine
434 4461 465 4513 B.
550 4465 590 4515 18.
611 4460 718 4533 Κύριος]
736 4469 764 4525 †
779 4465 897 4531 ποροινεῖ
912 4463 943 4518 Β.
1026 4480 1068 4518 21.
1089 4464 1147 4533 ήμῖν
1159 4475 1330 4535 assumptum
1343 4484 1380 4520 ex
1396 4468 1472 4524 B.D.

263 4533 305 4584 28.
326 4531 481 4601 όταν-μέν]
496 4533 588 4586 οὐκοῦν
600 4534 697 4605 ἀναγκή
709 4533 756 4602 μέν
768 4532 830 4586 ὅταν
844 4533 876 4586 Β.
