3038 5018
227 288 293 350 426
530 285 570 349 B.
594 284 804 348 CYRILLI
834 284 1123 349 ALEXANDR.
1253 283 1297 346 vi.
1313 283 1364 360 16,
1380 299 1429 365 17.

227 445 398 553 ούρανοῦς
431 455 541 557 καιρῴ
572 454 624 556 τῷ
655 450 829 550 πρέποντι
852 447 928 548 ,τὴν
958 453 1022 548 τῆς
1054 450 1247 543 βασιλείας
1278 449 1429 553 ἐκφανε-

227 574 362 677 στέραν
387 573 555 680 ἐπίδειξιν
582 571 914 673 ἀποταμιευόμενος.

180 764 289 830 ῐόὫο
324 763 361 830 δὲ
395 763 476 842 ὀψία
511 764 652 844 ἐτὲνετο,
690 766 870 842 κατὲβειοαν
907 762 938 830 οἰ
972 763 1115 840 μαθηταί
1150 763 1249 828 αὐτοῦ
1281 760 1333 826 ἐπὶ
1368 761 1427 826 τιὶν

180 900 214 961 ¹7
281 891 458 971 θάλασσαν,
487 890 540 954 καί
570 890 728 968 ἐμβάντες
759 887 806 955 εἷο
837 886 953 955 πλοῖον
984 890 1122 977 εἰρχοντο
1153 891 1257 978 πέραν
1286 894 1343 952 rste
1372 900 1428 950 θα-

199 1035 216 1077 e
280 1018 403 1082 λάοοεις
430 1011 477 1080 εἷο
506 1013 738 1103 Καφαρναούμ.
1443 1025 1460 1085 5

285 1153 508 1259 Παραδόξοις
545 1155 850 1237 ἀποτελεσθέντος
887 1162 952 1233 τοῦ
985 1153 1131 1256 πρώτου
1165 1153 1324 1251 σημείου,
1351 1151 1430 1254 ῥίζα

226 1274 339 1357 πόλιν
364 1279 422 1355 καὶ
451 1272 569 1377 ἐτέρου
597 1281 654 1355 καὶ
681 1276 869 1382 πρόφασις
899 1277 920 1375 ἡ
948 1275 1002 1357 ἐπ’
1030 1279 1149 1382 ἐκείνῳ
1176 1279 1276 1381 φυγή
1304 1308 1343 1354 τε
1371 1276 1429 1352 καὶ

227 1392 455 1504 ἀναχώρησις
483 1405 713 1496 οἰκονομικῶς
735 1400 946 1501 εὑρίσκεται,
968 1403 1027 1479 καὶ
1051 1399 1246 1501 πορεύεται,
1270 1394 1362 1477 κατὰ
1386 1393 1429 1476 τὸ

57 1527 154 1643 ξω
226 1524 485 1627 γεγραμμένον,
510 1534 531 1571 “
545 1526 584 1603 ἐκ
612 1523 792 1622 δυνάμεως
819 1529 868 1608 είς
896 1522 1067 1622 δύναμιν”
1094 1524 1115 1601 ὁ
1144 1520 1427 1622 θαυματουργός.

59 1659 83 1707 ⁸·
227 1644 346 1745 ἐπειδὴ
356 1643 436 1750 ’γάρ
455 1643 606 1747 ἐζητεῖτο
624 1646 691 1747 μέν
708 1653 756 1730 είς
774 1646 935 1742 βασιλέα
953 1645 1053 1750 παρὰ
1069 1653 1142 1727 τῶν
1160 1643 1214 1726 ἐπ’
1233 1646 1352 1751 ἐκείνῳ
1377 1646 1429 1751 τῷ
1446 1681 1482 1721 ιο

226 1772 376 1878 μεγάλω
401 1769 755 1873 καταπεπληγμένων
774 1771 937 1867 θαύματι,
955 1778 1147 1876 παρῃτεῖτο
1171 1768 1209 1850 δέ
1233 1767 1339 1851 αῦτῦς
1363 1767 1429 1850 τὰς

194 1896 265 1975 ἀέν
283 1894 411 2003 κόσμῳ
429 1891 534 1993 τιμὰς
552 1893 644 1974 κατά
662 1894 744 1979 τοῦς
763 1895 831 1995 ἤδη
849 1896 1161 1998 προαποδοθέντας
1183 1891 1327 1995 λόγους·
1358 1890 1430 1971 ἔδει

226 2016 271 2117 δὴ
290 2015 432 2102 πάντως
451 2020 508 2097 καὶ
526 2018 646 2098 τόπων
663 2016 781 2116 αῦτῦν,
801 2025 946 2114 μᾶλλον
965 2015 1003 2096 δέ
1030 2017 1176 2116 ἀπάσης
1199 2021 1262 2114 τῆς
1287 2016 1429 2095 ἐκείνων

224 2143 497 2222 ἀπανίστασθαι
518 2141 649 2246 χώρας.
685 2142 744 2221 ἵνα
772 2143 891 2222 τοίνυν
914 2145 974 2221 καὶ
997 2144 1228 2222 ἀποπλεῦσαι
1251 2143 1350 2242 δοκῇ,
1368 2139 1429 2217 καὶ

225 2265 289 2345 τὸν
319 2272 393 2346 τῶν
428 2262 685 2366 ἐπιζητούντων
722 2265 964 2370 ῦποχαυνιόση
1001 2264 1119 2360 τόνον,
1156 2265 1430 2363 προαποδημεῖν
1447 2289 1481 2348 15

225 2387 399 2470 ἐπιτάττει
417 2397 490 2472 τοῖς
508 2394 694 2487 μαθηταῖς,
713 2389 880 2486 ἀπομίνει
899 2388 937 2468 δέ
955 2387 1062 2471 αύτῦς
1080 2388 1292 2491 εύαφόρμως
1309 2389 1367 2467 ἐπὶ
1385 2383 1430 2466 τῦ

223 2513 354 2619 ἐφεξῆς
379 2521 530 2612 σημεῖον
552 2509 755 2616 ἐρχόμενος·
788 2509 833 2612 ἦν
856 2509 927 2615 γὰρ
956 2510 1000 2610 δὴ
1028 2516 1086 2590 καὶ
1115 2515 1198 2590 λίαν
1221 2513 1432 2591 ἐσπουδασ-

224 2636 332 2734 μένον
349 2638 446 2743 αύτῷ
462 2635 505 2715 τῦ
524 2635 583 2716 διὰ
601 2633 725 2730 πόσης
750 2639 917 2742 ἀφορμῆς
940 2638 1001 2715 καὶ
1025 2633 1239 2737 πράγματος
1256 2642 1433 2730 βεβαιοῦν

196 2765 274 2843 οείς
300 2760 426 2840 πίστιν
450 2758 516 2858 τὴν
537 2761 594 2866 ἐφ’
614 2761 729 2867 ἐαυτῷ
752 2766 826 2840 τῶν
848 2757 1068 2839 ἀποστόλων
1090 2758 1154 2838 τόν
1178 2766 1271 2837 νοῦν.
1309 2756 1432 2856 ἐπειδὴ

224 2881 297 2986 γάρ
315 2881 470 2979 ἔμελλον
488 2882 639 2964 ἐσεσθαι
662 2887 726 2982 τῆς
753 2882 958 2982 οῖκουμένης
984 2878 1208 2978 διδάσκαλοι,
1227 2884 1285 2960 καὶ
1302 2877 1434 2983 ὥσπερ
1447 2916 1484 2955 ιο

224 3004 317 3092 τινές
349 3018 371 3054 “
385 3011 577 3114 φωστῆρες
615 3005 836 3112 διαλάμψαι
870 3007 908 3085 ἐν
944 3005 1103 3114 κόσμιρ,”
1137 3004 1230 3084 κατὰ
1266 2999 1334 3101 τὴν
1365 3012 1434 3083 τοῦ

227 3130 381 3211 Παύλου
407 3128 543 3235 φωνην,
563 3129 762 3231 ἀναγκαίαν
779 3129 898 3212 αύτοῖς
922 3125 990 3228 τὴν
1006 3128 1063 3235 ἐφ’
1083 3126 1203 3208 ἅπασι
1227 3133 1301 3223 τοῖς
1327 3129 1431 3234 ὡφε-

225 3261 303 3333 λεῖν
331 3252 536 3360 πεφυκόσιν
566 3255 714 3333 ἐποιεῖτο
743 3251 997 3357 χειραγωγίαν.
1047 3261 1153 3332 τοῦτο
1185 3249 1258 3354 γὰρ
1288 3245 1334 3348 ἦν
1363 3251 1434 3357 οὐχ

226 3375 323 3461 ὅπως
345 3377 488 3460 ἐκείνοις
512 3375 722 3481 χαρίζεσθαι
746 3374 879 3474 μόνοις,
897 3374 998 3454 ἀλλὰ
1024 3378 1081 3454 καὶ
1106 3382 1181 3459 τοῖς
1207 3374 1291 3476 παρ’
1311 3375 1434 3454 αῦτιῦν

225 3498 623 3602 παιδαγωγηθήσεσθαι
647 3499 849 3599 μέλλουσιν
867 3505 915 3583 είς
940 3496 1006 3598 τὴν
1024 3496 1078 3579 ἐπ’
1098 3498 1195 3608 αύτῷ
1219 3493 1433 3605 κατάληψιν
1446 3529 1481 3588 ²5

226 3624 385 3722 ἀπλανῆ.

282 3743 407 3825 Ἀλλὰ
429 3752 493 3823 τοῦ
521 3743 565 3843 δὴ
592 3743 708 3849 χάριν,
729 3748 802 3848 ἐρεῖ
824 3779 877 3831 τις
902 3744 1023 3850 τυχὸν,
1041 3744 1132 3845 μετὰ
1153 3743 1219 3845 τὴν
1236 3744 1290 3825 ἐπ’
1310 3745 1432 3853 ἐκείνῳ

59 3002 124 3054 Phil
136 3002 164 3054 ii.

61 3081 100 3132 ¹⁵·

225 3869 494 3973 μεγαλουργίαν
522 3866 623 3952 εύθῦς
651 3868 693 3948 τῦ
722 3867 898 3950 δύνασθαι
925 3873 984 3950 καὶ
1012 3870 1065 3950 ἐπ’
1095 3870 1204 3968 αύτῆς
1236 3869 1323 3948 ῖέναι
1359 3874 1429 3948 θα·

61 4009 178 4063 29οὰ
198 3992 375 4090 αλάσσης
402 3991 466 4071 τὸν
492 3995 637 4092 Ἰησοῦν
664 3993 868 4097 εῖσφέρεται
880 4027 891 4090 ;
930 3992 1085 4092 πιθανὴν
1113 3991 1151 4072 δέ
1181 3991 1329 4099 σφόδρα
1365 3989 1433 4092 τὴν

226 4118 342 4195 αἰτίαν
361 4117 381 4195 ὁ
399 4124 557 4201 τοιοῦτος
576 4116 845 4196 ἀντακούσεται.
886 4114 1005 4218 ἐπειδὴ
1024 4116 1096 4219 γάρ
1113 4115 1196 4200 τοῦς
1214 4111 1279 4214 μὲν
1296 4112 1433 4218 ὄχλους
1448 4145 1483 4202 3⁰

262 4308 288 4361 3.
307 4292 387 4362 ,ηας
402 4292 433 4346 ο.
448 4293 514 4362 (M.)
622 4313 647 4360 4.
666 4292 748 4362 ειμι
762 4293 794 4347 B.
807 4294 844 4351 εκ
856 4296 886 4348 τι
898 4293 979 4362 ειμι
992 4293 1044 4347 Ed.
1153 4307 1180 4365 5.
1200 4255 1381 4362 κεφῗμιαμ
1394 4294 1433 4349 ο.

226 4375 252 4431 γ.
271 4363 312 4415 καὶ
324 4363 441 4432 primum
454 4375 623 4434 assumptum
636 4382 668 4418 ex
682 4364 715 4418 B.
798 4381 839 4419 12.
859 4363 898 4435 ἐν]
915 4370 944 4429 ·1-
960 4368 997 4436 uf>
1011 4363 1062 4419 Ed.
1074 4365 1164 4419 invitis
1178 4363 1251 4418 B.D.
1340 4381 1383 4435 13.
1403 4365 1434 4419 δὲ

225 4455 366 4525 prom.
440 4472 480 4528 15.
492 4445 684 4529 προὶεοιημα
697 4461 729 4516 Β.
804 4458 1140 4533 ηεφιεῆςαιεηαο.
1214 4459 1256 4512 18.
1268 4459 1384 4524 αιτιοι
1399 4459 1433 4516 Β.

229 4539 269 4594 19.
289 4526 400 4593 τὴνοῐιι.
415 4525 447 4579 Β.
556 4546 598 4583 21.
617 4532 771 4601 διαλάμπειν
784 4530 817 4586 Β.
925 4544 968 4602 27.
987 4529 1142 4586 &om-B.
1367 4572 1372 4577 -
