3038 5018
226 283 291 345 236
530 282 568 344 B.
593 280 797 344 CYRILLI
828 279 1115 343 ALEXANDR.
1249 275 1292 341 iii.
1307 274 1360 352 28,
1374 291 1427 357 29.

177 581 213 635 28
227 575 322 641 Αὐτοί
350 574 439 653 ὑμεῖς
465 597 519 653 μοι
547 571 739 664 μαρτυρεῖτε
762 576 814 642 ὅτι
839 569 931 640 εἷπον
949 573 1039 650 Ἐτὼ
1063 574 1121 639 οὐκ
1145 571 1209 649 εἰμί
1233 572 1252 638 ὁ
1277 567 1429 658 Χριστὸς,

380 700 449 765 ἀλλ’
481 701 532 767 ὅτι
558 700 803 778 ἀπεσταλμένοι
829 698 894 778 εἰμί
921 701 1104 789 ἔμπροσθεν
1130 697 1267 764 ἐκείνου.

282 901 346 979 Είς
374 896 576 998 ἀνάμνησιν
603 897 682 1000 ἀγει
710 897 792 982 τοὺς
820 899 948 978 ἑαυτοῦ
975 895 1137 998 μαθητὰς
1162 891 1213 974 ῶν
1236 891 1304 992 ἤδη
1328 901 1426 972 πολ·

227 1021 330 1105 λάκις
349 1021 524 1122 ἀκηκόασι
543 1021 676 1122 λόγων,
691 1024 781 1121 ὁμοῦ
798 1020 864 1119 μίν
882 1020 1041 1126 ε’λέγχων
1058 1023 1207 1127 εὐφυῶς,
1222 1022 1271 1103 ῶς
1289 1024 1335 1122 τῇ
1353 1022 1429 1095 τῶν

57 1169 119 1223 159
132 1166 171 1222 A
198 1184 216 1222 a
227 1145 416 1250 χρησίμων
445 1144 541 1252 λήθη
571 1145 843 1248 κεκαρωμένους,
872 1148 931 1225 καί
963 1149 1044 1248 περὶ
1072 1142 1139 1243 τὴν
1167 1144 1259 1223 οὕτω
1292 1166 1460 1232 σεμνο-5

226 1267 337 1370 τάτην
355 1269 593 1350 διδασκαλίαν
611 1266 937 1370 ἀπονυστάῷντας,
959 1270 1047 1367 ὁμοῦ
1073 1264 1111 1348 δὲ
1139 1266 1339 1346 ἀναπείθων
1360 1269 1429 1364 τῆς

225 1394 321 1476 θείας
338 1396 543 1491 μεμνῆσθαι
561 1396 717 1498 γραφῆς,
736 1390 798 1471 ἅτε
821 1391 864 1492 δὴ
890 1398 936 1496 τῇ
962 1395 1019 1472 ἐπὶ
1044 1389 1181 1475 τούτοις
1206 1388 1430 1497 φιλομαθεία

224 1517 567 1620 συντεθραμμένους·
598 1516 677 1595 τίνα
700 1514 766 1614 μὲν
783 1516 933 1597 ἔσεσθαι
959 1515 1120 1620 κηρύττει
1138 1513 1314 1618 Χριστόν·
1345 1517 1430 1591 τίνα

225 1639 262 1719 δὲ
288 1640 333 1719 αὖ
356 1639 471 1719 πάλιν
486 1639 550 1719 τὸν
569 1639 774 1743 προκήρυκα
799 1640 1019 1740 βαπτιστήν·
1053 1641 1146 1719 οὕτω
1172 1637 1243 1741 γὰρ
1268 1636 1429 1734 ἔμελλον

224 1763 290 1864 τὴν
312 1764 368 1869 ἐφ’
387 1760 528 1871 ἑκάστιρ
553 1770 692 1866 γνῶσιν
716 1762 970 1870 ἀναδεξάμενοι
994 1762 1222 1868 χαλεπαίνειν
1241 1761 1425 1858 οὐδαμῶς,
1444 1793 1480 1834 ιο

225 1890 262 1966 ε’ν
290 1895 363 1972 τοῖς
391 1886 533 1996 ἑκάστιρ
560 1886 761 1990 πρέπουσιν
789 1890 940 1992 ὁρῶντες
967 1887 1107 1971 αὐτούς.
1147 1884 1322 1986 δεήσομαι
1350 1918 1427 1964 τοι-

224 2020 360 2113 γαροῦν
382 2012 449 2116 οὐχ
475 2011 613 2114 ἑτέρων,
640 2014 767 2118 φησίν,
794 2018 840 2095 είς
868 2019 974 2091 τοῦτο
1001 2009 1202 2113 μαρτύρων,
1228 2005 1429 2107 αιἰτηκόους

224 2135 295 2239 ἔχω
317 2132 399 2219 τοάς
426 2138 578 2233 ἐμαυτοῦ
602 2133 776 2234 μαθητάς·
805 2133 1023 2237 ὡμολόγηκα
1047 2133 1113 2233 τὴν
1136 2134 1312 2230 δουλείαν,
1334 2165 1427 2234 πρυ-

191 2257 389 2364 λνκηριίξων
407 2261 648 2357 Ἀπεστιίλην·
681 2256 749 2360 ἐγῶ
769 2263 828 2338 οὐκ
851 2267 918 2364 εἰμί
945 2267 960 2338 ὁ
987 2259 1139 2362 Χριστίς·
1171 2253 1312 2353 νικάτω,
1331 2289 1423 2358 κρα·

224 2381 337 2479 τείτω,
355 2383 714 2484 καταλαμπρυνέσθω
732 2380 907 2484 μειῷνως,
926 2384 973 2467 ῶς
993 2380 1248 2479 δεσπότηςκαὶ
1267 2377 1371 2464 θεάς.
1445 2407 1480 2466 ¹5

176 2700 264 2775 29⁸0
290 2701 374 2788 ἔχων
401 2700 461 2767 τιίν
488 2702 616 2789 νύμφαν
643 2702 779 2789 νυμφίος
806 2702 902 2769 ἐστίν·
943 2705 961 2770 ὁ
989 2703 1024 2769 δὲ
1057 2702 1154 2790 φίλοι
1182 2705 1239 2768 τοῦ
1271 2699 1428 2788 νυμφίου,

276 2830 294 2894 ὁ
323 2829 470 2896 ἱστιικὼα
502 2831 554 2894 καί
583 2831 714 2895 ἀκούων
743 2832 854 2912 αὐτοῦ,
881 2836 963 2923 χαρᾷ
993 2831 1097 2919 χαίρει
1128 2830 1181 2896 διά
1213 2831 1271 2897 τιλν
1305 2829 1428 2919 φωννλν

277 2959 332 3020 τοῦ
360 2955 507 3042 νυμφίου·
546 2959 626 3022 αὔτιι
654 2952 710 3021 οὖν
738 2955 757 3020 ίι
786 2956 868 3044 χαρά
897 2957 915 3022 ιλ
943 2956 1005 3034 ἑμιί
1034 2958 1261 3046 πεπλήρωται.

280 3152 465 3255 Ἐγεγθνει
492 3154 557 3252 μίν
578 3153 690 3235 πάλιν
711 3157 760 3238 ῶς
787 3154 832 3261 ἐξ
857 3153 1061 3252 ὁμοιώσεως
1087 3158 1151 3254 τῆς
1179 3156 1261 3234 καθ’
1285 3153 1382 3254 ἡμᾶς
1408 3158 1431 3237 ὁ

196 3274 348 3377 ολόγος,
362 3275 442 3376 ἀγει
461 3276 498 3356 δὲ
515 3283 562 3361 είς
580 3279 777 3380 ε’πίγνωσιν
793 3275 1031 3381 θεωρημάτων
1049 3285 1201 3358 λεπτῶν·
1229 3277 1335 3359 τάττοι
1352 3279 1430 3384 γάρ
1444 3317 1483 3358 ιο

225 3405 299 3477 τῶν
329 3406 474 3498 νοητῶν,
504 3399 550 3479 τά
580 3400 696 3504 χειρὸς
730 3399 829 3507 ἁφὴν
858 3399 1088 3500 ὑπομένοντα,
1117 3405 1176 3482 καί
1206 3410 1430 3498 σωματικῶν

225 3523 524 3625 παραδειγμάτων
555 3524 719 3628 παχύτης
754 3525 1019 3628 ἀκριβεστάτην
1050 3525 1207 3630 είσφίρει
1243 3525 1428 3613 πολλάκις

225 3652 299 3726 τῶν
320 3653 566 3746 πνευματικῶν
587 3646 654 3746 τὴν
680 3647 874 3754 ἀπόδειξιν.
902 3650 981 3728 ε’στὶ
1009 3648 1137 3745 τοίνυν,
1156 3653 1260 3753 φησί,
1280 3655 1428 3759 νυμφίος

224 3768 290 3870 μὲν
307 3775 367 3850 καὶ
384 3769 675 3875 πανηγυριάρχης
694 3773 715 3851 ὁ
733 3771 906 3871 Χριστὸς,
926 3772 1192 3876 δειπνοκλήτωρ
1210 3773 1249 3852 δὲ
1270 3773 1342 3879 ε’γῶ
1367 3778 1428 3854 καὶ

225 3892 484 4002 νυμφαγωγὸς,
520 3895 696 3993 θυμηδίαν
729 3894 822 3999 ἔχων
853 3895 921 3995 τὴν
956 3895 1155 3999 ἀκροτάτην
1186 3901 1245 3976 καί
1280 3896 1429 4005 ἀξίωμα
1443 3922 1480 3983 25

225 4018 427 4124 περιφανὲς,
454 4016 496 4100 τὸ
523 4021 561 4098 ἐν
590 4019 711 4124 φίλοις
741 4017 1000 4125 κατατετάχθαι
1027 4017 1149 4117 μόνον,
1179 4023 1238 4099 καί
1266 4023 1331 4120 τῆς
1360 4031 1429 4104 τοῦ

263 4295 287 4351 7.
306 4279 405 4336 τοῦτσις
418 4280 451 4335 Β.
464 4281 546 4354 τούτῳ
560 4282 611 4337 Ed.
733 4300 774 4338 12.
793 4281 876 4355 φησίν
889 4282 971 4337 Cord.
985 4282 1036 4337 Ed.
1048 4283 1096 4351 μὲν
1109 4282 1141 4337 Β.
1263 4300 1305 4353 13.
1323 4285 1380 4355 ἔχει
1395 4286 1428 4342 Β.

225 4349 306 4442 (ζητῶ,
320 4353 387 4442 ἔχριν
400 4352 472 4479 ἔξω
517 4356 608 4409 ἑαυτοῦ
615 4353 654 4478 1Β.
675 4351 982 4480 Γέιτροκηὲιίξιιινᾶ-ὶξείμςί]
996 4353 1145 4478 γτοροκηριῇξα
1158 4355 1197 4408 ὅτι
1209 4354 1429 4483 ἀπερτόληνὶίς

224 4443 441 4563 ῶῖἕίζίίῖἀα
476 4443 782 4567 hmbiguuss'o.7⁰m
803 4444 1130 4567 2'5.r÷v{’1'n.¹'Mi}?1{.'
1270 4441 1298 4494 ‘³'
1317 4448 1380 4482 ‘⁰¹‘
1421 4468 1430 4485 '
