3038 5018
237 280 302 344 268
541 281 579 345 Β.
604 280 808 347 OYRILLI
838 284 1127 350 ALEXANDR.
1284 281 1326 348 iv.
1339 297 1438 368 9-11.

236 442 373 546 βαδίζοι
401 443 553 542 σκοπόν,
582 449 640 526 καί
668 444 710 526 τό
738 445 851 552 διψῆν
879 449 1113 550 ὑποκρίνεται,
1142 448 1260 551 λε’γων
1277 447 1347 532 Δός
1377 479 1438 549 μοι

237 571 333 646 πιεῖν.
375 567 397 665 ἦ
425 565 463 646 δί
491 568 572 673 ἔφη·

239 801 315 866 Πῶο
351 803 388 867 οὺ
414 799 574 867 Ἰουδαῖος
609 802 657 869 ὧν
689 805 760 892 παρ’
796 806 874 881 ἐμοῦ
911 803 1013 894 <mele
1049 802 1133 871 πιεῖν
1164 804 1252 892 ὕδωρ
1285 800 1438 878 Γυναικός

66 924 182 980 ῙΒΟΑ·
209 940 227 980 ⁸
289 925 526 1015 Σαμαρείτιδος
557 927 677 1009 οὔατος
711 928 749 992 οὐ
778 928 837 1017 ιάρ
867 930 1066 1019 ουτχρῶνται
1090 925 1244 994 Ἰουδαῖοι
1271 924 1440 1016 Σαμαρεί-

186 1077 225 1117 ιο
288 1075 368 1117 rone.
412 1052 571 1140 ἀπεκρίθη
594 1054 722 1119 Ἰιιοοῡο
750 1055 803 1121 καί
829 1049 920 1121 εἶπεν
947 1057 1041 1146 αὐτῇ.
1452 1063 1472 1125 5

290 1210 407 1316 Ἀρχὴ
426 1210 618 1311 μαθήσεως
641 1211 798 1314 ζήτησις,
818 1216 875 1292 καί
899 1212 977 1318 ῥίζα
1001 1218 1065 1313 τῆς
1088 1214 1149 1294 ἐπί
1170 1247 1268 1293 τισιν
1283 1214 1439 1314 ἀγνοου-

233 1334 350 1432 μένοις
372 1333 552 1419 συνέσεως
578 1336 599 1434 ἡ
622 1339 703 1437 περὶ
727 1339 844 1415 αὐτῶν
862 1335 1098 1441 ε’παπόρησις.
1135 1334 1268 1437 ταύτην
1285 1336 1305 1414 ὁ
1324 1333 1440 1437 λόγος

233 1460 328 1538 ἑλεῖν
360 1461 523 1557 ἐπιθυμεῖ
555 1461 621 1558 τὴν
654 1459 782 1563 ἀρχήν·
827 1459 887 1539 διοί
922 1495 977 1540 τοι
1009 1467 1116 1540 τοῦτο
1148 1466 1207 1541 καὶ
1239 1458 1282 1539 τὸ
1319 1463 1440 1539 δοκεῖν

233 1581 400 1684 ἡγεῖσθαι
437 1579 548 1680 μηδίν
585 1581 630 1661 τά
667 1590 739 1662 τῶν
770 1584 952 1663 Ἰουδαίων
986 1583 1049 1684 ἔθη
1086 1588 1214 1690 σοφῶς
1251 1584 1272 1662 ὁ
1305 1579 1439 1683 Σωτὴρ

234 1701 490 1784 ύπεπλάττετο.
1455 1743 1494 1785 ιο

235 1939 270 2007 Εἰ
299 1943 389 2034 &bete
415 1943 474 2008 τείν
502 1943 631 2033 δωρεὰν
658 1948 713 2009 τοῦ
734 1944 829 2025 Θεοῦ,
855 1944 907 2009 καί
935 1943 982 2010 τίο
1009 1945 1095 2011 ἐστιν
1118 1943 1137 2012 ὁ
1164 1945 1268 2019 λέγων
1293 1965 1344 2010 οοι
1367 1942 1436 2010 Δόο

198 2069 220 2136 b
282 2091 337 2144 μοι
368 2064 464 2150 πιεῖν,
495 2069 532 2135 οὐ
564 2069 604 2135 ἀν
636 2070 760 2159 ᾔτιισοο
792 2069 901 2149 αὐτὸν,
933 2071 986 2134 καί
1021 2068 1126 2136 ἔδωκέ
1158 2092 1209 2136 σοι
1240 2069 1329 2159 ὕδωρ
1361 2068 1436 2159 ςῶν.

182 2218 216 2260 ιι
283 2198 369 2269 λὲτει
395 2195 485 2278 αὐτῷ
512 2195 531 2259 εί
561 2196 649 2269 τυνιί,

280 2357 360 2456 Τὴν
374 2356 615 2461 ύπερκόσμιόν
628 2392 664 2437 τε
684 2360 742 2436 καί
762 2356 1012 2460 ὑπερουρόνιον
1026 2359 1090 2439 ούκ
1103 2363 1213 2438 είδυῖα
1230 2364 1295 2437 τοῦ
1309 2362 1436 2438 Μονο-

230 2490 355 2584 γενοῦς
380 2483 517 2579 οὐσίαν,
536 2480 736 2580 μᾶλλονδὲ
761 2482 948 2582 ἀγνοοῦσα
964 2486 1151 2564 παντελῶς
1169 2478 1233 2560 τάν
1250 2483 1431 2584 ε’νανθρω-
1452 2507 1490 2570 ¹5

230 2605 402 2704 πήσαντα
424 2601 556 2706 Λόγον,
574 2606 746 2683 Ἰουδαῖον
765 2605 828 2683 οὖν
852 2601 959 2683 αὐτόν
982 2602 1159 2708 ὠνόμαζεν
1181 2605 1203 2703 ἦ
1232 2600 1333 2706 γυνή.
1373 2607 1435 2684 καί

232 2734 357 2834 σιωπᾷ
379 2727 444 2825 μίν
465 2727 556 2831 πρὸς
579 2735 685 2806 τοῦτο
708 2728 907 2832 χρησίμως,
924 2727 983 2807 ἵνα
1004 2725 1161 2831 σῶζητοιι
1186 2726 1299 2807 πόλιν
1320 2727 1343 2826 ἦ
1367 2734 1435 2806 τοῦ

231 2849 323 2954 πρὸς
342 2848 453 2949 αὐτὴν
470 2851 640 2934 ὑπόθεσις
663 2848 788 2953 λόγου·
822 2849 989 2956 ἀναφέρει
1007 2852 1041 2930 δ’
1062 2852 1124 2931 οὖν
1143 2850 1239 2950 ὅμως
1257 2857 1305 2934 είς
1328 2851 1431 2956 ὕψη·

231 2974 383 3076 λοτέραν
406 2973 470 3073 τὴν
493 2977 573 3075 περί
602 2975 710 3053 αὐτοῦ
738 2971 924 3080 διάληψιν,
947 2977 1011 3054 οὐκ
1039 2976 1164 3055 εἰδέναι
1187 2973 1315 3078 λε’γων,
1338 2977 1390 3060 τίς
1417 2985 1434 3058 ἀ

230 3097 343 3178 ποτὸν
364 3096 517 3197 αἰτήσας
544 3100 654 3193 ἐστίν,
678 3095 700 3197 ἢ
727 3100 784 3176 καί
813 3096 906 3198 ὅσην
928 3097 999 3202 ἔχει
1024 3097 1090 3199 τὴν
1110 3095 1216 3204 χάριν
1239 3096 1285 3178 τά
1308 3094 1435 3178 θεόθεν
1449 3137 1491 3182 ιο

202 3259 220 3301 ο
231 3221 489 3325 χορηγούμενα,
513 3224 562 3304 ὡς
590 3220 687 3322 ε’ίπερ
715 3221 789 3325 ἔχοι
816 3221 883 3320 τὴν
905 3228 1053 3323 γνῶσιν,
1079 3225 1142 3303 οὐκ
1169 3218 1214 3303 ἀν
1239 3221 1434 3326 ὑστερίζειν

232 3344 416 3448 ἠνέσχετο,
445 3344 543 3455 ’ᾔτησε
571 3342 643 3447 γάρ
671 3342 711 3424 ἀι
739 3351 982 3454 προλαβοῦσα
1011 3343 1074 3425 τὸν
1104 3345 1250 3448 Κύριον.
1289 3343 1434 3448 ἐρεθίζει

231 3466 297 3566 μίν
316 3469 379 3546 οὖν
397 3466 455 3546 διά
472 3466 609 3547 τούτων
627 3473 676 3551 είς
693 3466 735 3547 τὸ
755 3470 812 3546 καί
831 3467 914 3547 λίαν
932 3468 1234 3567 ἐσπουδασμένως
1258 3470 1433 3569 ἐθελῆσαι

230 3596 367 3688 μαθεῖν.
416 3587 571 3694 ἐπιτήρει
602 3589 639 3669 δὲ
669 3589 766 3673 όπως
796 3593 911 3698 εὐφυᾶ
943 3590 986 3690 δὴ
1019 3595 1078 3670 καὶ
1111 3600 1174 3671 νῦν
1201 3595 1260 3672 καί
1289 3590 1434 3692 κόμπου

229 3712 367 3816 γυμνὸν
395 3712 607 3813 ἐπιτηδεύων
634 3710 757 3814 λόγον,
780 3711 875 3792 Θεὸν
899 3714 1025 3793 ἑαυτὸν
1050 3710 1141 3792 εἷναί
1165 3719 1291 3820 φησιν,
1312 3719 1343 3794 εί
1370 3721 1432 3798 καὶ
1447 3751 1489 3814 ²5

229 3843 378 3941 βραδεῖα
400 3837 492 3939 πρὸς
517 3834 559 3916 τὸ
584 3836 759 3915 δύνασθαι
785 3843 876 3915 νοεῖν
894 3837 917 3935 ἡ
936 3836 1037 3939 γυνή.
1079 3836 1340 3941 ἀποθαυμάζειν
1357 3838 1432 3945 γάρ

230 3960 431 4040 ἀναπείθων
467 3957 520 4053 τάν
556 3962 613 4040 τοῦ
649 3962 735 4041 Θεοῦ
772 3955 901 4067 θωρεάι,
938 3960 1069 4061 ταύτης
1109 3959 1235 4040 ἑαυτὸν
1270 3961 1433 4068 είσφέρει

268 4213 291 4252 1.
309 4197 410 4264 βαδίζοι
424 4197 457 4253 Β.
468 4196 559 4267 §aolfu
573 4197 624 4253 Ed.
684 4199 792 4254 κοίοιιι.
806 4198 837 4253 Β.
899 4198 1046 4267 ὑπεκρίνετο
1059 4196 1094 4254 Β.
1302 4215 1328 4271 3·
1347 4202 1432 4269 ζητεῖς

228 4271 296 4321 πιεῖν
308 4267 375 4336 ὕδωρ
391 4268 423 4321 Β.
435 4272 503 4323 πιεῖν
514 4269 593 4324 οίτείς
604 4268 656 4323 Ed.
825 4289 866 4359 ‚4.
885 4273 966 4338 οὔσης
977 4269 1158 4339 Σαμαρείτιδος
1169 4268 1276 4325 inverso
1287 4269 1383 4325 ordine
1396 4271 1431 4329 Β.

230 4335 341 4409 Reliqua
354 4355 408 4392 om.
423 4337 455 4392 Β.
574 4337 600 4392 6.
619 4337 750 4394 συνέσεως
761 4340 806 4408 τῆς
818 4341 861 4395 ειιί
872 4362 942 4396 τισιν
952 4339 1124 4412 ἀγνοουμένης
1137 4339 1170 4394 Β.
1286 4340 1312 4394 8.
1330 4342 1431 4399 ἕλεῖνδ

227 4408 307 4478 λόγος
320 4409 425 4462 inverso
438 4409 530 4463 ordine
544 4408 576 4462 Β.
615 4408 710 4464 Statim
722 4409 857 4479 ἐπιθυμεῖν
869 4411 932 4480 (τίς)
946 4409 978 4464 Β.
1070 4427 1111 4465 ιο.
1129 4409 1305 4479 ὑπιιιλίγπετο
1317 4411 1381 4481 (sic)
1396 4412 1431 4471 Β.

228 4501 272 4555 16.
291 4500 336 4556 οὖν
348 4511 518 4573 assumptum
530 4520 562 4558 ex
575 4503 608 4560 Β.
654 4491 776 4575 ὀνοράζίί
785 4502 816 4558 Β.
924 4518 967 4558 22.
987 4501 1095 4576 Κύρων]
1108 4501 1212 4572 Ἰησοῦν
1224 4500 1257 4557 Β.
