3038 5018
240 285 306 348 448
544 289 582 352 B.
607 288 817 354 CYRILLI
847 290 1135 356 ALEXANDR.
1328 291 1371 355 vi.
1387 303 1442 371 27.

238 445 266 548 ἢ
290 446 362 552 γάρ
387 451 466 556 οὐχὶ
490 457 564 536 τοῖς
588 460 759 555 γενητοῖς,
778 453 820 534 τὸ
844 457 883 534 ἐκ
909 459 1097 560 προσοχῆς
1121 457 1179 535 καὶ
1206 453 1443 557 γρηγόρσεως

73 586 191 646 ῧθῦὼ
212 571 376 656 αάπαθές
406 578 464 654 καὶ
492 577 763 678 ἀπαραποίητον
789 585 934 677 μάλλον
961 576 1007 659 ἀν
1033 578 1154 684 πρέπῃ
1181 577 1389 681 προσάγειν,
1416 575 1441 676 ἢ

240 700 294 802 τῷ
311 698 387 776 κατ’
403 698 531 778 οὐσίαν
545 705 629 808 Θεῷ
647 706 812 807 φυσικῶς
829 702 946 807 ἔχοντι
964 700 1006 783 τό
1025 701 1075 802 μή
1094 702 1271 783 δύνασθαι
1287 706 1436 797 παθεῖν;

241 818 328 898 ἀλλ’
348 818 427 900 ἔστι
445 825 569 922 δῆλον,
585 820 653 904 κάν
669 826 792 904 ἐκεῖνοι
816 822 867 924 μὴ
891 823 1042 928 λε’γωσι.
1081 826 1137 909 τίς
1154 826 1217 904 οὖν
1234 824 1284 903 ἔτι
1302 825 1440 903 τούτων

242 943 450 1047 ληρούντων
467 945 638 1054 ἀνέξεται,
657 945 680 1047 ῆ
704 953 782 1032 πῶς
807 948 870 1027 ούκ
895 944 1055 1049 εὐλόγως
1073 947 1289 1028 ἀκούσονται
1306 958 1328 996 “
1342 948 1440 1028 Οὐαὶ
1455 970 1477 1032 5

243 1075 265 1116 “
283 1069 316 1147 οί
332 1068 519 1168 μεθύοντες
537 1069 621 1151 ἀνευ
639 1069 780 1168 α’ίνου;”

235 1248 238 1254 ⁴
296 1191 406 1272 Ἀλλ’
436 1190 525 1277 ἴσως
556 1193 883 1295 δυσωπηθήσονται
909 1192 975 1295 μὲν
1001 1193 1066 1279 τὰς
1099 1196 1137 1274 ἐκ
1169 1200 1242 1274 τῶν
1269 1193 1441 1275 τοιούτων

241 1323 509 1417 συλλογισμῶν
526 1317 686 1415 ἀτοπίας,
705 1315 758 1398 ἐπ’
778 1319 887 1398 ε’κεΐνο
905 1315 944 1398 δὲ
960 1321 1177 1416 βαδωῦνται,
1196 1320 1255 1398 καὶ
1276 1351 1437 1398 κατασε-

241 1437 425 1540 σημάνθαι
447 1436 512 1538 μὲν
528 1437 628 1543 παρά
653 1447 718 1520 τοῦ
738 1440 885 1545 Πατρός
908 1446 957 1525 εἶς
983 1441 1156 1540 ὁμοίωσιν
1173 1440 1442 1545 ἀκριβεστάτην

241 1564 365 1667 ε’ροῦσι
383 1562 448 1644 τὸν
466 1562 566 1661 Υίὸν,
582 1566 621 1644 ἐν
638 1563 802 1672 ἀτρεπτιρ
821 1566 855 1642 δ’
875 1565 939 1644 οὖν
957 1563 1054 1665 ὅμως
1071 1560 1159 1645 εἶναι
1176 1571 1222 1671 πῆ
1240 1563 1359 1672 φύσει,
1379 1567 1441 1645 καὶ
1460 1595 1502 1639 10

208 1690 272 1768 bei
289 1686 340 1787 μῆ
358 1687 458 1768 ἔστιν
476 1689 515 1767 ἐκ
534 1684 690 1790 Πατρός.

299 1808 390 1893 Εἶτα
407 1819 484 1897 πῶς
501 1810 581 1892 είπέ
592 1846 653 1910 μοι
671 1811 713 1892 τό
731 1809 781 1912 μῆ
801 1813 840 1892 ἐκ
859 1817 956 1892 Θεοῦ
974 1810 1065 1892 κατά
1084 1811 1208 1919 φύσιν,
1228 1811 1376 1918 φορέσει
1394 1809 1441 1891 τὸ

240 1934 330 2016 ἴδιον
352 1936 470 2033 αὐτοῦ,
488 1938 547 2016 καὶ
571 1941 645 2015 τῶν
665 1938 729 2034 τῆς
755 1935 849 2020 θείας
878 1936 1003 2022 οὐσίας
1030 1934 1350 2036 πλεονεκτημάτων
1374 1937 1442 2016 οὐκ

240 2063 412 2164 ἀμοιροῶν
435 2061 618 2144 οόσιωδῶς
644 2058 881 2163 εὑρεθήσεται,
905 2058 948 2140 τό
976 2058 1026 2161 μή
1053 2060 1098 2168 ἐξ
1123 2061 1231 2160 αι’πῆς
1256 2059 1442 2163 προελθὸν

240 2182 332 2265 κατὰ
359 2181 423 2265 τὸν
447 2186 567 2284 ἀληθῆ
594 2186 658 2283 τῆς
685 2181 888 2285 γεννήσεως
914 2180 1072 2288 τρόπους
1108 2183 1187 2263 ἔστι
1214 2182 1299 2286 γάρ,
1321 2179 1437 2283 οἶμαι,
1458 2225 1497 2285 15

239 2310 352 2390 παντί
373 2343 424 2416 τερ
450 2304 568 2415 σαφές
586 2309 645 2386 καὶ
664 2306 963 2409 ὁμολογούμενον,
981 2309 1030 2392 ῶς
1048 2305 1169 2403 άβατα
1186 2307 1442 2391 παντελῶςτὰ

239 2436 304 2532 τῆς
341 2433 507 2532 θεότητος
543 2430 615 2510 ἴδια
650 2435 697 2536 τῆ
733 2430 951 2535 πεποιημέιη
988 2429 1113 2528 κτίσει,
1146 2434 1205 2511 καὶ
1241 2429 1287 2511 τά
1324 2431 1442 2537 ἐκείνῃ

238 2554 426 2659 προσόντα
457 2560 619 2662 φυσικῶς
653 2554 717 2634 οὐκ
746 2551 791 2632 ἀν
820 2550 959 2655 γε’νοιτό
990 2588 1080 2635 ποτε
1110 2555 1194 2658 παρ’
1226 2554 1333 2662 ἑτέρῳ
1364 2561 1443 2635 τῶν

239 2676 354 2759 ὄντων
381 2678 461 2777 τινὶ,
487 2675 580 2757 κατὰ
612 2676 677 2759 τὸν
702 2676 786 2756 ’ίσον
812 2710 850 2757 τε
885 2679 943 2756 καὶ
976 2677 1259 2781 ἀπαράλλακτον
1286 2677 1438 2782 τρόπον·

210 2801 316 2884 ναίον
341 2799 384 2884 τό
414 2801 591 2906 ἄτρεπτον
618 2804 656 2881 ε’ν
682 2806 766 2909 Θεῷ
798 2807 972 2905 φυσικῶς,
1000 2803 1093 2882 οὕτω
1126 2800 1166 2882 δὲ
1197 2805 1255 2882 καὶ
1287 2804 1325 2882 ἐν
1353 2803 1442 2902 ἡμῖν
1455 2841 1497 2883 20

238 2929 412 3028 οὐδαμῶς,
437 2925 625 3032 ἀσφάλεια
651 2924 695 3004 δέ
717 2959 771 3009 τις
797 2925 890 3023 ἡμᾶς
918 2927 966 3008 ῶς
993 2924 1084 3028 πρὸς
1112 2927 1199 3007 αὐτὸ
1226 2927 1442 3032 σχηματίζει

237 3052 297 3132 διά
320 3054 509 3156 προσοχῆς
534 3051 593 3128 καὶ
620 3047 775 3155 νήφεως,
799 3045 899 3153 ἐφά
925 3044 976 3147 μή
1000 3053 1185 3152 προσῆκεν
1206 3051 1271 3131 οὐκ
1296 3050 1438 3154 ε’πιτρέ·

236 3210 360 3258 πουσα
384 3174 580 3280 προχείρως
604 3170 918 3277 μεταβιβάζεσθαι.
956 3177 986 3252 εί
1012 3172 1051 3253 δὲ
1076 3173 1171 3258 ὅλως
1199 3172 1380 3278 ἐνδέχεταί
1404 3208 1439 3254 τι

236 3301 313 3379 κατ’
334 3300 484 3381 ἐκείνους
508 3302 580 3377 τῶν
598 3301 725 3376 θεῖκῶν
744 3294 944 3395 ἰδιωμάτων
963 3295 1171 3402 ἐνιπτάρχειν
1188 3300 1257 3378 τινὶ
1281 3303 1354 3377 τῶν
1372 3299 1439 3377 οὐκ

236 3422 281 3530 ἐξ
297 3422 404 3522 αὐτῆς
422 3420 499 3501 κατ’
519 3419 722 3500 οὐσίανκαὶ
741 3420 853 3504 οὕτως
874 3419 1062 3526 ἐνυπάρξει
1090 3420 1252 3524 καθάπερ
1274 3421 1382 3526 αὐτῆ,
1403 3421 1443 3500 τί
1453 3456 1494 3516 25

235 3543 278 3627 τὸ
303 3544 445 3625 κωλύον
466 3544 546 3624 είπε’
565 3577 637 3643 μοι,
657 3544 716 3622 καὶ
743 3541 862 3624 πάντα
890 3541 1021 3624 λοιπὸν
1044 3543 1090 3624 τὰ
1119 3547 1298 3648 θεοπρεπῆ
1325 3577 1439 3623 κατα-

235 3675 364 3774 χωρεῖν
390 3667 470 3768 ἤδη,
495 3671 554 3747 καὶ
580 3669 618 3747 ἐν
642 3672 716 3751 τοῖς
744 3664 794 3766 μῆ
822 3664 1026 3771 ὑπάρχουσι
1054 3666 1146 3747 κατὰ
1173 3667 1288 3772 φύσιν
1310 3670 1435 3764 θεοῖς;

235 3791 314 3877 ἑνὸς
349 3791 422 3896 γάρ
458 3792 554 3876 ὅλως
588 3790 840 3874 ἀδιακωλύτως
878 3788 1121 3895 χωρήσαντος,
1157 3799 1222 3871 τοῦ
1258 3789 1441 3894 ἀτράκτου

201 3919 340 4023 ᾶφημὶ,
359 3915 560 4022 τόπονὲξει
577 3911 699 3993 καὶτὰ
716 3912 840 3995 λοιπά·
873 3916 933 3994 καὶ
957 3914 995 3994 τί
1016 3912 1058 3994 τὸ
1084 3917 1267 4013 ἐντεῦθεν,
1297 3912 1436 4017 συγκί-

234 4075 339 4146 χνται
358 4039 400 4120 τὸ
418 4046 491 4122 πᾶν
508 4040 602 4138 ἡμῖν.
639 4034 759 4140 ήγάρ
785 4038 863 4142 οὐχὶ
888 4036 935 4118 τά
959 4036 1025 4139 μὲν
1042 4038 1117 4119 ἀνω
1143 4036 1301 4145 χωρήσει
1319 4035 1437 4136 κάτω,
1454 4081 1497 4140 30

235 4162 458 4264 ἀναβήσεται
476 4162 514 4244 δὲ
532 4160 623 4267 πρὸς
641 4160 705 4241 τὸν
722 4161 796 4242 ἀνω
815 4161 928 4242 τόπον
945 4159 993 4242 τά
1010 4160 1106 4243 κάτω
1122 4195 1133 4261 ;
1165 4163 1204 4243 τί
1224 4159 1297 4267 γάρ
1321 4160 1367 4263 δή
1392 4161 1440 4245 τὸ

271 4378 422 4447 Ῑ.γενητοῖς
437 4375 471 4429 D.
483 4375 613 4445 γεννητοῖς
625 4371 677 4427 Ed.
713 4373 743 4426 τὸ
755 4371 783 4426 ἐκ
795 4375 931 4443 προσοχῆς
943 4381 1081 4443 assumpta
1093 4389 1125 4427 ex
1136 4371 1169 4426 Β.
1207 4372 1303 4427 Statim
1316 4372 1442 4442 καὶ-γρη-

232 4448 350 4516 γόρσεως
363 4448 437 4515 pn'us
450 4446 581 4500 omissum
593 4446 689 4498 lacuna
700 4444 771 4498 facta
783 4445 891 4514 supplet
904 4444 930 4497 D
943 4461 999 4514 mg.
1047 4444 1229 4515 ἐγρηγόρσεως
1242 4441 1275 4498 Β.
1352 4459 1397 4498 20.
1411 4445 1443 4499 ἐν

234 4517 279 4570 alt.
291 4534 343 4570 aas.
356 4535 388 4569 ex
403 4516 435 4569 B.
509 4531 551 4582 25.
571 4515 708 4586 ἐνυπάρχει
722 4514 755 4568 Β.
829 4513 872 4570 26.
890 4516 983 4569 λοιπὸν
995 4515 1027 4569 τὰ
1039 4514 1169 4585 θεοπρεπῆ
1182 4512 1233 4568 hoe
1245 4511 1341 4568 ordine
1355 4512 1388 4567 B.
