3038 5018
274 276 334 343 viii
710 272 1043 340 PRAEFATIO.

358 459 502 520 D=Ccd.
522 458 681 520 Vaticanus
707 472 775 535 592,
804 476 859 517 sec.
885 478 933 518 xv.
960 458 1059 529 chart,
1088 458 1179 517 libros
1204 457 1234 515 iv
1261 455 1373 534 priores
1400 476 1479 516 com·

348 564 350 569 ’
438 558 575 636 plectens,
596 557 633 617 ab
654 555 765 637 Heysio
787 556 916 617 collatus.
1127 545 1132 551 ¹

358 707 416 765 E=
427 706 498 769 Cod.
513 707 672 768 Vaticanus
687 722 754 783 593,
771 726 824 766 see.
841 727 887 765 xv.
909 707 1009 779 chart,
1024 706 1113 766 libros
1127 707 1157 765 iv
1176 705 1294 784 priores,
1309 705 1340 763 iv
1358 704 1480 782 posteri·

440 826 504 866 ores
522 807 723 884 complectens.
765 804 814 865 Ex
833 804 980 883 prioribus
1001 810 1147 884 quattuor,
1162 804 1274 882 primus
1294 810 1411 864 tantum
1432 802 1481 863 hic

440 904 514 965 liber
528 904 689 978 exhibetur,
704 923 791 982 quem
806 903 968 963 contulerat
983 904 1131 981 Heysius:
1153 903 1328 981 posteriores
1342 908 1481 980 quattuor

439 1004 476 1062 ad
496 1003 571 1064 hanc
591 1001 749 1063 editionem
769 1002 895 1061 contulit
911 1001 1002 1079 Hngo
1021 1001 1168 1079 Hinckius
1181 1001 1234 1060 Ph.
1249 1001 1286 1058 D.
1330 1000 1405 1060 Cum
1424 999 1481 1060 hoc

440 1101 604 1174 concordat,
1339 1158 1343 1163 .

480 1201 551 1261 Cod.
572 1200 600 1260 S.
624 1202 716 1262 Marci
741 1222 808 1276 121,
830 1220 917 1281 quem
939 1220 1027 1278 supra
1047 1198 1282 1270 nominavimus3
1311 1198 1360 1275 qui
1381 1203 1480 1257 tamen

440 1298 580 1358 nonnulla
593 1300 722 1360 restituit
735 1321 809 1380 quae
827 1321 881 1379 per
894 1300 1087 1372 ὁμοιοτέλευτον
1100 1298 1132 1357 in
1146 1296 1217 1358 Cod.
1232 1299 1258 1356 E
1276 1299 1381 1359 omissa
1401 1302 1479 1357 sunt.

441 1398 558 1457 Horum
572 1405 696 1477 utroque
709 1419 779 1459 usus
792 1406 838 1459 est
851 1398 1009 1458 Aubertus.
1051 1395 1112 1457 Hic
1126 1397 1293 1458 Marcianus
1307 1398 1407 1459 Codex
1421 1415 1480 1455 non

306 1514 312 1521 ·
441 1495 514 1554 mihi
527 1497 604 1556 tanti
616 1496 770 1558 videbatur
787 1504 823 1557 ut
835 1498 872 1557 de
890 1517 967 1556 novo
985 1496 1153 1569 conferrem,
1168 1497 1219 1557 sed
1238 1517 1305 1556 eum
1325 1497 1357 1555 in
1377 1494 1480 1554 multis

441 1600 581 1672 quattuor
600 1596 793 1672 posteriorum
813 1596 955 1656 librorum
976 1595 1046 1654 locis
1066 1595 1187 1671 inspexi,
1202 1600 1233 1655 et
1249 1597 1304 1655 sub
1322 1592 1479 1654 nomincF

446 1692 571 1752 laudavi.
638 1715 642 1724 ·

323 1833 413 1899 Libri
427 1831 589 1918 Septimus
605 1838 638 1897 et
652 1834 794 1898 Octavus
811 1833 1000 1918 jamdudum
1019 1834 1180 1917 perierunt
1188 1858 1198 1910 3
1221 1832 1383 1897 Aubertus
1400 1853 1481 1917 quae

277 1937 383 2024 potuit
408 1937 588 2022 fragmenta
618 1958 657 2000 ex
686 1935 819 2001 Nicetae
848 1938 883 2000 in
914 1937 947 2002 S.
972 1937 993 1998 J
996 1959 1127 2001 oannem
1155 1935 1275 2001 Catena
1304 1935 1412 2014 dedit3
1444 1958 1480 2001 eo

278 2042 384 2107 codice
420 2062 503 2117 usus,
537 2039 592 2124 qui
627 2044 704 2103 tunc
738 2039 780 2104 D.
816 2040 855 2105 de
894 2040 1026 2125 Harlay,
1062 2038 1284 2105 Macloviensis
1320 2040 1479 2125 Episcopi,

278 2151 355 2223 crat,
377 2166 463 2208 nunc
489 2147 537 2207 est
560 2142 688 2207 Parisiis
713 2142 748 2207 in
770 2142 969 2209 Bibliotheca
991 2142 1162 2227 Imperiali,
1189 2143 1300 2229 Suppl.
1324 2144 1380 2209 Gr.
1411 2165 1420 2207 ι
1426 2159 1480 2228 59,

278 2246 395 2326 bomh,
418 2269 478 2312 sec.
505 2247 588 2311 circa
611 2246 675 2312 xiv.
731 2247 793 2311 Sed
817 2246 965 2332 quoniam
989 2246 1134 2330 plurimis
1156 2269 1195 2311 ax
1216 2247 1287 2311 aliis
1310 2247 1343 2311 S.
1367 2246 1482 2332 Cyrilli

278 2350 424 2435 operibus
449 2350 533 2414 locos
556 2349 701 2415 citaverit
725 2349 865 2429 Nicetae,
891 2349 1037 2414 nonnulli
1062 2351 1185 2428 horum,
1208 2354 1319 2434 utpote
1345 2372 1385 2414 ex
1409 2351 1482 2416 aliis

280 2451 450 2539 Cyrillanis
471 2453 614 2538 profecti,
637 2453 804 2518 omittendi
826 2452 1025 2517 videbantur.

332 2557 439 2623 Codex
470 2557 498 2620 B
528 2556 638 2641 quanti
669 2557 712 2621 sit
740 2578 779 2621 ex
809 2556 903 2621 variis
936 2556 1125 2621 testimoniis
1158 2556 1343 2642 indiciisque
1376 2579 1482 2623 rerum

279 2660 463 2747 plerumque
477 2665 617 2744 apparet.
664 2661 756 2724 Unus
775 2665 881 2724 autem
902 2660 1060 2724 notandus
1079 2665 1127 2723 est
1147 2681 1241 2737 error,
1258 2661 1332 2724 huic
1349 2644 1491 2747 aliisque*

279 2764 369 2831 codd.
385 2763 581 2840 communis3
608 2785 681 2828 cum
702 2785 835 2848 pravum
857 2786 896 2828 ex
914 2763 1037 2828 incuria
1053 2762 1184 2828 verbum
1207 2762 1374 2847 scripserit,
1389 2788 1482 2851 saepe

280 2873 401 2933 rectum
431 2888 538 2950 pravo,
560 2887 757 2952 nequaquam
783 2889 879 2946 eraso,
901 2866 1018 2952 adjicit,
1042 2866 1150 2930 addita
1178 2888 1405 2952 nonnunquam
1430 2871 1481 2934 in-

280 2993 372 3056 super
393 2970 611 3056 conjuncticne
635 2972 680 3034 καὶ
702 2970 753 3034 vel
774 2969 877 3051 ἤγουν.

324 3074 397 3138 Duo
423 3078 582 3157 praeterea
606 3073 640 3136 in
664 3073 696 3136 S.
722 3072 880 3137 Joannem
902 3072 1040 3136 Catenae
1063 3073 1262 3158 aliquantum
1284 3075 1346 3140 huc
1368 3081 1481 3141 contu·

280 3178 395 3242 lerunt.
442 3176 566 3240 Horum
589 3175 688 3240 altera
710 3198 746 3265 ea
767 3182 815 3239 est
837 3197 931 3261 quam
954 3176 1129 3261 composuit
1151 3176 1290 3255 Nicetae,
1311 3178 1482 3246 Heracleae

280 3280 430 3344 Thraciae
446 3279 724 3363 Metropolitanus,
740 3280 794 3364 qui
816 3279 918 3343 seculo
935 3278 969 3342 xi
989 3279 1114 3357 ssoruit;
1138 3280 1296 3366 antiquior
1316 3281 1425 3363 altera,
1440 3283 1481 3348 ab

281 3389 407 3448 auctore
429 3383 540 3466 ignoto
562 3382 744 3467 composita,
759 3404 855 3467 quam
873 3384 1066 3467 Antverpiac
1084 3384 1250 3449 Corderius
1271 3385 1381 3463 edidit,
1397 3408 1481 3452 anno

286 3488 377 3572 1630.
424 3486 550 3550 Harum
565 3485 654 3552 codd.
670 3487 704 3550 in
719 3486 804 3550 hunc
817 3488 948 3551 modum
962 3486 1142 3552 indicantur
1154 3513 1206 3551 :—

362 3647 380 3684 a
392 3657 410 3675 =
421 3625 485 3686 Cat.
500 3625 531 3683 in
547 3625 576 3684 S.
591 3626 734 3684 Joannem
750 3625 902 3685 Nicetiana
921 3626 952 3684 in
966 3626 1148 3686 Bibliotheca
1167 3627 1334 3706 Mosquensi
1353 3630 1416 3688 cod.
1432 3649 1480 3705 93,

444 3723 514 3782 clim
529 3744 577 3800 94.

362 3867 382 3925 b
394 3865 548 3926 :Catenae
563 3864 755 3923 Corderianae
769 3864 963 3940 fragmentum
979 3865 1069 3939 (inter
1086 3886 1114 3943 p.
1128 3879 1184 3941 447
1202 3872 1232 3925 et
1249 3887 1277 3944 p.
1287 3870 1356 3943 889,
1370 3867 1402 3926 in
1416 3869 1479 3928 cod

445 3964 600 4023 Bodleiano
615 3963 795 4022 Barrcecian.
812 3977 871 4037 225
885 3982 939 4022 sec.
955 3963 996 4022 xii
1011 3968 1079 4037 en).

364 4105 548 4164 l=Catenac
571 4103 701 4182 ejusdem
725 4103 794 4162 folia
818 4104 969 4180 quaedam,
992 4123 1118 4182 quorum
1143 4103 1200 4163 alia
1223 4105 1283 4185 (pp.
1307 4121 1346 4179 50
1371 4113 1401 4165 et
1426 4108 1482 4168 sub

445 4203 502 4260 tine
525 4203 678 4278 Evangelii
703 4200 804 4279 citata)
825 4201 855 4259 in
878 4201 1058 4262 Bibliotheca
1080 4202 1109 4262 S.
1125 4202 1234 4280 Synodi
1256 4203 1423 4281 Mosquensi
1443 4205 1482 4266 ad

446 4300 516 4360 Ccd.
545 4320 610 4376 119,
635 4300 704 4359 olim
732 4320 798 4372 120,
823 4300 977 4378 legendum
1004 4308 1129 4373 servant,
1157 4302 1215 4361 alia
1240 4306 1300 4380 (pp.
1328 4306 1393 4375 181,
1423 4307 1479 4362 182

445 4398 546 4472 citata)
562 4399 593 4457 in
611 4399 717 4459 Codice
736 4419 750 4457 2
770 4399 847 4457 inter
867 4399 979 4459 codices
997 4400 1121 4460 Graecos
1138 4400 1355 4478 Archiepiscopi
1368 4402 1481 4476 Wakii,

440 4496 474 4573 'in
504 4496 682 4556 Bibliotheca
709 4496 853 4557 Ecclesiae
879 4498 1060 4558 Cathedralis
1088 4499 1166 4576 apud
1190 4498 1387 4573 Oxonienses3
1422 4500 1483 4561 alia
