3038 5018
94 315 125 359 v.
142 313 255 382 14‚15.
291 297 345 362 IN
375 297 409 362 S.
434 297 688 363 JOANNEM.
735 296 901 362 LIB.II.
948 296 1051 361 CAP.
1068 295 1110 359 V.
1228 294 1290 356 311

92 467 158 538 τοῦ
185 466 361 564 Χριστοῦ,
378 461 437 542 ἵνα
464 461 506 543 τό
534 463 735 568 παραυτίκα
766 461 900 565 θερμὸν
927 467 992 562 τής
1017 461 1159 540 ἐκείνων
1183 459 1294 561 ὀργῆς

92 582 226 689 διεξίοι·
267 592 325 665 καὶ
350 587 418 692 οὐχ
445 582 493 670 (ῦς
517 620 552 665 τι
577 592 704 668 παθεῖν
723 589 771 671 ὡς
796 587 840 694 ἐξ
862 583 1019 688 ἀνάγκης
1038 581 1243 679 δυνάμενος,
1265 583 1294 657 εἰ

93 704 144 806 μὴ
171 707 344 800 βούλοιτο
370 717 507 806 παθεῖν,
527 709 719 810 ἐπιτηδεύει
745 709 810 808 τὴν
835 707 967 816 φυγήν,
987 708 1071 787 ἀλλ’
1092 707 1176 805 ἡμῖν
1203 706 1291 784 ῦπο-

94 831 263 932 γραμμῦν
282 835 340 913 καῖ
359 834 473 941 τοῦπερ
492 833 536 932 δὴ
555 831 668 912 πάλιν
686 831 812 914 ἑαυτὸν
831 828 1016 917 καθιστάς.

59 1031 82 1093 5
128 1029 193 1096 Ἰδε
220 1032 311 1107 ὑμεῖς
339 1034 481 1110 τέτοναι·
520 1035 633 1110 μεικὲτι
661 1035 840 1122 ἁμάρτανε,
867 1033 919 1098 ἵνα
947 1031 991 1108 μῦ
1019 1026 1126 1119 χεῖρόν
1154 1051 1204 1094 σοι
1231 1053 1261 1092 τι

623 1162 763 1233 τὲνειται.
1308 1147 1329 1212 (l

152 1304 397 1401 Οίκονομικῶς
422 1303 468 1384 τά
493 1311 620 1407 πρῶτα
638 1303 762 1384 λαθὼν
780 1303 1006 1412 ἐμφανίζεται
1023 1299 1136 1382 πάλιν
1154 1306 1289 1380 αίκονο·

95 1431 217 1524 μικοῖς,
234 1423 298 1507 τόν
317 1426 488 1532 ἁρμόδιον
506 1427 647 1536 ἑκάστῳ
672 1429 833 1531 τηρήσας
857 1426 993 1530 καιρόν.
1035 1428 1076 1506 οῦ
1101 1424 1173 1528 γὰρ
1198 1422 1242 1522 ἦν
1260 1457 1294 1502 τι

95 1549 264 1651 γενέσθαι
282 1553 382 1654 παρὰ
400 1561 464 1632 τοῦ
481 1552 532 1652 μὴ
552 1551 684 1636 εἰδότος
702 1553 924 1660 ἐξαμαρτεῖν,
945 1550 964 1632 δ
989 1551 1040 1651 μὴ
1064 1548 1208 1633 πάντως
1225 1546 1295 1652 ἔχει

45 1699 83 1740 ¹0
96 1671 210 1775 λόγον
233 1676 293 1780 ὑφ’
314 1677 427 1784 ἐαυτῷ
452 1677 514 1757 τὸν
536 1677 731 1780 πρέποντα.
771 1675 960 1783 πρόφασιν
978 1677 1096 1754 τοίνυν
1116 1678 1180 1773 τῆς
1204 1669 1296 1776 πρὸς

96 1796 206 1878 αῦτῦν
225 1801 414 1906 διαλέξεως
437 1800 479 1879 τὸ
498 1801 718 1906 ψυχωφελές
736 1803 886 1880 ἐποιεῖτο
904 1797 1159 1900 παράγγελμα,
1178 1792 1295 1902 μηκέτι

96 1930 326 2021 πλημμελεῖν
345 1929 473 2028 χρῆναι
491 1926 620 2027 λέγων,
639 1924 694 2004 ’ίνα
720 1922 767 2029 μή
793 1928 921 2032 χείροσι
939 1929 1011 2002 τῶν
1030 1918 1297 2028 παρῳχηκότων

97 2046 335 2148 ἐπαλγιίνοιτο
355 2055 486 2132 κακοῖς·
517 2048 676 2128 διδάσκει
695 2048 732 2127 δέ
751 2046 810 2126 διὰ
827 2046 975 2143 τούτων,
994 2050 1041 2128 ὡς
1061 2047 1102 2124 οῦ
1120 2045 1231 2141 μόνον
1249 2047 1326 2125 εῖςο

97 2168 163 2269 τήν
199 2169 414 2268 μέλλουσαν
449 2171 598 2252 ἔσεσθαι
636 2172 755 2273 κρίσιν
788 2167 1063 2272 άποθησαυρίζει
1096 2166 1189 2250 Θεὸς
1224 2172 1299 2248 τοῖς

47 2292 301 2396 Ῑἔνιίνθριῦυτοις
338 2294 384 2374 τά
419 2294 727 2395 πλημμελήματα,
757 2301 933 2397 μαστιγοῖ
967 2292 1004 2373 δέ
1039 2291 1211 2373 ποικίλως
1248 2287 1299 2367 ἔτι

97 2417 230 2520 ζῶντας
261 2419 299 2498 ἐν
331 2417 492 2516 στόμασι,
526 2421 584 2497 καὶ
616 2418 688 2521 πρὸ
721 2423 786 2518 τῆς
818 2415 979 2520 μεγάλης
1015 2419 1073 2496 καὶ
1105 2417 1299 2520 ἐπιφανοῦς

97 2539 228 2642 ἡμέρας
251 2550 316 2621 τοῦ
341 2549 435 2622 πᾶσι
459 2541 682 2625 δικάσαντος.
717 2542 773 2622 ότι
798 2540 835 2621 δέ
859 2538 1039 2624 πολλάκις
1064 2534 1299 2637 πληττόμεθα

96 2663 279 2748 πταίοντές
297 2701 335 2745 τε
359 2670 416 2744 καὶ
439 2675 633 2749 λυποῦντες
655 2667 719 2746 τὸν
737 2665 845 2758 Θεὸν,
865 2662 1142 2767 ἐπιμαρτυρήσει
1160 2667 1258 2756 βοῶν
1278 2661 1297 2737 ὁ

97 2789 314 2895 σοφώτατος
334 2794 483 2872 Παῦλος
501 2800 523 2836 “
535 2789 607 2868 Διὰ
626 2798 732 2870 τοῦτο
751 2794 788 2869 ἐν
806 2792 887 2886 ὑμῖν
904 2792 1040 2869 πολλοὶ
1059 2789 1222 2868 ἀσθενεῖς
1239 2787 1297 2864 καὶ
1344 2791 1467 2921 {oc-{ria

45 2925 119 2980 ²0⁴⁶
140 2913 332 3019 ἅρῤωστοι,
351 2917 409 2994 καὶ
429 2920 620 3013 κοιμῶνται
639 2917 763 2996 ίκανοί·
795 2919 824 2993 εί
846 2912 917 3015 γάρ
939 2910 1083 2995 ἑαυτοῦς
1100 2910 1295 3012 ἐκρίναμεν,
1427 2895 1432 2907 ¹

97 3048 120 3084 “
138 3038 202 3116 οῦκ
221 3034 266 3115 ἂν
284 3036 501 3139 ἐκρινόμεθα·
531 3038 728 3140 κρινόμενοι
748 3036 786 3117 δέ
805 3036 873 3116 ὑπὸ
890 3043 954 3114 τοῦ
976 3036 1109 3137 Κυρίου
1127 3031 1294 3112 παιδευό-

97 3171 119 3207 “
137 3166 242 3259 μεθα,
261 3160 320 3241 ἵνα
338 3160 388 3259 μὴ
408 3157 478 3241 σῦν
496 3167 547 3270 τῷ
566 3160 693 3270 κόσμῳ
712 3158 1012 3261 κατακριθῶμεν.”
1309 3198 1327 3238 a
1359 3183 1465 3240 1111.

135 3360 301 3427 Ἀπῆλθεν
328 3363 346 3427 ὁ
374 3360 561 3451 ἄνθρωποι,
588 3360 641 3426 καί
669 3354 741 3426 εἷπε
767 3354 836 3426 τοῖο
859 3357 1032 3424 Ἰουδαίοις
1059 3359 1110 3423 ὅτι
1131 3357 1258 3422 Ἰκοοῦο
1312 3380 1349 3440 15

430 3487 518 3553 ἐστιν
545 3487 563 3554 ὀ
591 3487 731 3552 ποιήσαι
758 3485 858 3553 αὐτόν
885 3487 968 3561 ὑτιεῖ.

44 3656 85 3716 25
157 3631 385 3732 Καταμηνῦει
410 3640 484 3718 τοῖς
506 3634 689 3718 Ἰουδαίοις
714 3632 778 3713 τὸν
795 3635 950 3734 Ἰησοῦν,
969 3631 1036 3735 οῦχ
1062 3629 1120 3709 ἵνα
1147 3662 1182 3707 τι
1210 3631 1298 3728 δρᾶν

97 3762 147 3842 είς
180 3758 288 3837 αῦτὸν
318 3758 593 3856 ἀποτολμῶντες
624 3754 736 3836 δεινὸν
765 3760 1028 3850 δυσσεβοῦντες
1059 3753 1296 3846 ἁλίσκωνται,

97 3882 183 3961 ἀλλ’
203 3881 257 3978 ἵν’,
276 3881 372 3983 ε’ίπερ
397 3880 589 3972 βούλοιντο
615 3884 671 3960 καῖ
698 3881 798 3960 αῦτοῖ
823 3879 1091 3983 θεραπεύεσθαι,
1110 3875 1174 3955 τὸν
1193 3875 1296 3982 ἀξιο-

98 4005 310 4102 θαιίμαυτον
343 4009 463 4083 εἰδεῖεν
495 4002 628 4109 ἰατρόν.
681 4003 837 4108 ἐπιτήρει
873 4001 945 4105 γάρ
982 4001 1079 4084 ὅπως
1115 3998 1217 4082 οὗτος
1254 3996 1299 4098 ἧν

97 4130 217 4236 ἐκείνῳ
254 4128 405 4212 σκοπός.
461 4129 502 4207 οῦ
539 4126 610 4232 γάρ
648 4126 740 4208 κατά
775 4161 855 4208 τινα
892 4130 965 4204 τῶν
995 4121 1331 4229 φιλεγκλημόνωνίν

136 4344 161 4380 2.
181 4326 262 4396 διεξίῃ
277 4325 309 4380 Β.
403 4342 429 4396 3.
447 4323 694 4394 ιίλλόμὶν(οἱυ)Β.
787 4337 814 4393 5.
832 4321 899 4376 Ἰδοῦ
913 4320 945 4375 Β.
1043 4319 1084 4375 16.
1102 4321 1202 4389 σώματι
1216 4318 1298 4374 Cord.

98 4399 293 4490 περιήσνοῦςα.
367 4412 409 4451 20.
427 4396 519 4451 οῦτοῦς
533 4395 564 4449 Β.
637 4412 680 4449 21.
698 4396 924 4517 tofiassumgtum
937 4410 970 4445 ex
985 4391 1017 4446 Β.
1094 4407 1137 4461 23.
1155 4387 1298 4462 Ἀπῆλθεν]

102 4474 132 4530 †
147 4489 192 4520 ουν
206 4468 256 4522 Ed.
268 4467 351 4522 invito
365 4466 397 4521 Β.
514 4482 556 4532 25.
576 4462 740 4535 καταμηνύει]
758 4471 785 4528 -Ι-
801 4464 828 4517 δέ
867 4462 893 4517 d.
906 4463 991 4520 invito
1006 4462 1039 4520 Β.
1155 4461 1198 4517 28.
1216 4458 1301 4530 ᾔδειεν

101 4537 183 4591 Cord.
196 4536 274 4592 ἴδοιεν
287 4557 309 4592 a.
