3038 5018
101 315 155 378 vii.
171 317 220 382 16.
283 318 342 383 IN
372 318 406 382 S.
431 317 686 385 JOANNEM.
732 315 913 382 LIB.IV.
957 317 1060 383 CAP.
1076 317 1118 382 V.
1235 315 1300 379 603

100 488 123 524 “
137 481 354 582 οἰκουμένην,
364 485 423 562 καὶ
437 482 497 566 οὖς
511 481 717 585 ἀκροάσεως
735 484 952 584 έπακροᾶται
970 479 1016 562 τὰ
1033 479 1187 562 πάιτα.”
1207 477 1330 582 πρδςο
1353 503 1416 559 412
1426 501 1466 557 Δ.

101 601 143 681 δέ
167 637 208 705 γε
235 602 318 689 τοὺς
344 603 522 705 οἰομένους
549 604 708 705 ἀνοήτως
735 609 873 705 κομιδῆ,
902 611 1048 703 μᾶλλον
1075 602 1114 685 δέ
1142 606 1210 705 ἤδη
1239 606 1298 683 καὶ

101 728 303 824 δυσσεβῶς,
322 727 377 808 ὅτι
402 728 649 835 φθεγξόμενοί
671 763 705 809 τι
730 727 793 808 τὸν
818 735 913 809 θεῖον
932 727 1169 827 διαλύσονται
1196 735 1295 825 νοῦν,

101 849 122 926 ὁ
150 850 343 935 θεσπέσιος
371 849 574 960 φαλμφδός
601 886 672 932 που
701 851 798 960 φησί
819 862 841 900 “
856 850 985 932 Σύνετε
1010 847 1055 950 δὴ
1081 853 1235 959 ἄφρονες
1260 853 1298 930 ε’ν

66 982 123 1048 5“
142 978 193 1080 τῷ
212 980 306 1083 λαῷ,
327 978 386 1055 καὶ
410 977 526 1078 μωροί
546 1009 634 1057 ποτε
658 973 879 1081 φρονήσοτε·
913 975 932 1054 ὁ
956 974 1138 1082 φυτεύσας
1158 972 1200 1055 τὸ
1219 974 1294 1071 οὖς,

100 1103 123 1142 “
140 1097 221 1201 οὐχὶ
238 1099 357 1178 ἀκούει
371 1100 405 1196 ;”
433 1105 510 1183 πῶς
528 1098 601 1203 γάρ
619 1099 714 1182 ὅλως
733 1096 776 1178 ἀν
794 1098 971 1205 ἐνδέχοιτο
988 1097 1038 1199 μὴ
1058 1100 1136 1202 οὐχὶ
1154 1096 1298 1180 πόντως

99 1218 352 1320 ἀκροάσασθαι
379 1221 426 1303 τά
452 1221 582 1321 πάντα,
610 1220 673 1302 τὸν
700 1229 774 1306 τοῖς
802 1222 846 1302 δι’
875 1223 984 1302 αὑτοῦ
1011 1221 1211 1322 γενομένοις
1240 1222 1299 1300 καὶ

99 1339 165 1441 τὴν
198 1342 257 1423 διά
288 1348 352 1444 τῆς
385 1347 493 1445 ἀκοῆς
525 1345 698 1446 αἴσθησιν
726 1346 1030 1452 έμφυτεύσαντα;
1072 1342 1186 1441 βλέπε
1218 1356 1332 1423 τοι-ο
1385 1402 1389 1408 -

98 1475 236 1566 γαροῦν
252 1470 320 1547 κάν
336 1468 451 1578 τούτῳ
468 1468 582 1550 πόλιν
600 1468 697 1550 θεὸν
714 1467 801 1549 ὄντα
819 1467 911 1548 κατὰ
932 1467 1046 1575 φύσιν
1064 1465 1127 1548 τὸν
1148 1466 1295 1569 Κύριον.

47 1616 86 1659 10
100 1585 142 1668 τὸ
169 1588 243 1692 γάρ
270 1594 319 1674 ῶς
346 1595 384 1671 έν
406 1593 507 1701 ὅχλιρ
534 1591 656 1696 λάθρα
683 1590 957 1698 διαφιθυρισθέν
981 1589 1081 1694 παρὰ
1108 1596 1181 1670 τῶν
1207 1591 1298 1670 Ἰου-

100 1713 209 1791 δαίων
228 1714 292 1793 οὐκ
310 1717 442 1817 ἀγνοεῖ·
472 1716 610 1821 δέχεται
636 1715 674 1797 δέ
699 1713 825 1816 ῶσπερ
848 1718 887 1794 έν
905 1718 974 1796 ὠσὶ
993 1720 1210 1818 θεοπρεπῶς,
1230 1709 1297 1792 κάν

100 1833 160 1913 διὰ
185 1833 249 1916 τὸν
274 1836 394 1942 φόβον
418 1844 491 1920 τῶν
512 1839 718 1941 ἡγουμένων
739 1838 850 1940 μηδὲν
875 1841 914 1918 ἐν
938 1840 1124 1945 παῤῥησίᾳ
1151 1843 1299 1916 λαλῶσι

99 1960 180 2061 περὶ
199 1960 320 2043 αὐτοῦ.
357 1961 475 2062 ἐπειδὴ
501 1962 539 2043 δέ
563 1961 667 2069 ἅπαξ
688 1962 938 2062 τεθαυμάκασί
958 1996 1049 2045 τινες
1075 1967 1147 2041 τῶν
1165 1964 1294 2040 συνδε·
1372 1971 1376 1980 ’

100 2081 333 2183 δραμηκότων
358 2086 396 2164 έν
419 2092 471 2193 τῷ
500 2091 582 2194 ίερῷ
609 2088 668 2165 καὶ
695 2085 934 2188 διελογίζοντο
962 2081 1053 2164 κατά
1081 2083 1123 2163 τὸ
1150 2079 1297 2184 είκὸς,ἢ

48 2237 85 2298 15
100 2207 158 2285 καί
185 2204 362 2308 ἀλλήλοις
390 2209 647 2310 προσελάλουν
674 2208 788 2309 ἠρέμα
813 2218 835 2256 “
849 2213 937 2291 Πῶς
970 2207 1072 2291 οὗτος
1103 2205 1298 2310 γράμματα
1343 2208 1435 2340 ξζξτό

100 2338 122 2375 “
141 2325 212 2409 οἶδε
242 2329 293 2430 μὴ
325 2330 583 2432 μεμαθηκῶς;”
621 2331 823 2434 ἀναγκαίως
851 2329 896 2430 δὴ
924 2327 1037 2410 πόλιν
1064 2330 1146 2409 ἴσον
1172 2327 1328 2409 έουτόνο
1389 2311 1396 2327 ’
1437 2311 1445 2326 ’

99 2454 324 2533 ἀναδείκνυσι
342 2461 393 2562 τῷ
410 2461 494 2563 Θεῷ
511 2458 571 2535 καὶ
590 2458 720 2559 Πατρὶ,
738 2460 789 2562 τῷ
806 2453 959 2554 μαθόντι
976 2451 1042 2553 μέν
1060 2450 1103 2532 τό
1126 2450 1299 2557 παράπαν

98 2574 211 2668 οὐδέν,
244 2575 360 2682 ἔχοντι
397 2577 435 2659 δέ
467 2586 541 2661 τῶν
573 2579 671 2659 ὅλων
702 2577 768 2678 τὴν
800 2582 940 2679 γνῶσιν
973 2582 1137 2682 φυσικῶς
1169 2610 1208 2655 τε
1241 2579 1300 2655 καὶ

98 2697 305 2798 ἀδιδάκτως,
322 2701 381 2781 διά
398 2702 441 2782 τὸ
458 2702 595 2787 παντὸς
619 2704 849 2805 ὑπερκεῖσθαι
875 2708 938 2781 νοῦ
958 2703 1016 2780 καὶ
1034 2708 1160 2781 πᾶσαν
1179 2698 1245 2799 τὴν
1262 2703 1299 2779 έν

46 2853 87 2896 20
99 2829 172 2907 τοῖς
203 2824 307 2903 οὖσιν
335 2826 643 2929 ύπερανίπτασθαι
675 2822 868 2931 φρόνησιν.
911 2823 956 2924 ἦν
983 2823 1048 2922 μέν
1075 2824 1138 2903 οὖν
1167 2825 1225 2904 καί
1257 2822 1303 2930 έξ

97 2945 226 3047 ἑτέρων
253 2956 359 3029 τοῦτο
391 2949 559 3029 δεικνύειν
585 2947 822 3053 πραγμάτων,
852 2949 910 3026 καὶ
942 2951 1190 3052 πληροφορεῖν
1216 2944 1298 3030 τοὺς

98 3071 354 3173 ἀκροωμένους,
373 3075 420 3155 ὡς
438 3071 511 3151 ὅσα
529 3106 598 3173 περ
623 3071 741 3152 ἔνεστι
766 3076 818 3178 τῷ
844 3069 1082 3172 γεγεννηκότι,
1101 3077 1213 3148 ταῦτα
1239 3072 1298 3147 καὶ

99 3194 195 3301 αύτῷ
227 3191 415 3297 προσόντα
453 3196 627 3298 φαίνεται,
657 3195 715 3274 διὰ
751 3193 952 3293 ταυτότητα
989 3193 1158 3298 φυσικήν.
1209 3190 1298 3294 ὅπερ

98 3318 206 3397 ε’ποίει
224 3323 282 3399 καὶ
301 3322 337 3396 ἐν
356 3318 484 3421 ἑτέροις
508 3315 580 3400 ἀπὸ
605 3326 670 3398 τοῦ
695 3316 874 3397 δύνασθαι
899 3315 1022 3414 ταύτὰ,
1041 3320 1099 3395 καὶ
1125 3313 1293 3417 ἀπαράλ-

45 3465 86 3529 25
98 3448 235 3520 λακτον
252 3438 345 3545 ἔχειν
361 3440 428 3541 τὴν
445 3441 503 3547 ἐφ’
523 3439 660 3520 ἅπασιν
678 3439 855 3541 ε’νέργειαν
872 3437 963 3539 πρὸς
987 3436 1029 3518 τό
1054 3439 1136 3519 ’ίσον
1154 3437 1331 3523 είκότωςᾱ

98 3565 301 3659 ἀναβαίνων
319 3564 461 3671 ἀξίωμα
480 3560 565 3643 “‘A
588 3561 660 3669 γάρ
685 3559 730 3642 ἀν
750 3564 770 3642 ὁ
791 3558 920 3666 Πατὴρ
944 3567 1039 3666 ποιῇ,
1060 3564 1164 3669 φησί,
1182 3568 1295 3641 ταῦτα
1340 3571 1457 3686 ξυνῆν·

97 3695 120 3733 “
139 3690 196 3766 κάὶ
229 3688 249 3766 ό
283 3685 370 3772 Υίδς
402 3688 533 3786 ὁμοίως
564 3684 691 3785 ποιεΐ,”
726 3689 785 3766 καί
814 3682 927 3765 πόλιν
957 3694 980 3733 “
989 3682 1137 3787 Ὥσπερ
1169 3683 1242 3786 γὰρ
1274 3685 1295 3763 ό
1340 3652 1430 3762 13:21.

99 3817 120 3855 “
139 3806 269 3912 Πατὴρ
293 3811 415 3913 ε’γείρει
439 3808 522 3895 τοὺς
546 3807 688 3914 νεκρούς
711 3813 769 3890 καὶ
792 3807 964 3912 ζωοποιεῖ,
983 3808 1150 3887 οὕτωκαὶ
1169 3807 1189 3885 ό
1208 3803 1296 3889 Υίδς

98 3942 120 3979 “
140 3931 200 4017 οδς
218 3932 317 4013 θέλει
333 3933 526 4036 ζωοποιεῖ.”

46 4081 86 4140 3ο
154 4053 262 4134 Ἀλλ’
283 4053 327 4156 ἦν
352 4091 428 4140 πως
453 4058 492 4135 ἐν
511 4056 647 4140 τούτοις
675 4053 943 4159 ε’πικαιρότατόν
965 4087 1004 4135 τε
1028 4056 1086 4134 καί
1110 4052 1294 4156 πρεπωδέ·

134 4327 160 4381 6.
179 4328 225 4380 οὐκ
240 4325 369 4382 εἶσοκοῦιι
383 4327 409 4380 D
422 4325 470 4381 sed
486 4325 594 4398 configit
610 4325 671 4396 οὐχὶ
685 4324 771 4380 ἀκούει
789 4325 815 4379 Ι)
829 4342 885 4450 mss'
902 4325 936 4380 cf.
951 4324 1033 4380 Hom.
1047 4323 1142 4379 Pasch.
1155 4323 1192 4378 xi.
1208 4322 1257 4394 169
1269 4340 1295 4379 a.

98 4398 166 4454 ὅλως
178 4397 208 4452 ἂν
220 4397 272 4451 hoc
284 4396 377 4451 ordine
390 4397 423 4452 Β.
559 4414 585 4468 9.
605 4397 701 4465 Κύριον
728 4398 843 4467 Χριστόν
881 4436 888 4450 .
1032 4408 1073 4466 ¹7·
1092 4393 1248 4449 ἀνοδεικνύει
1262 4394 1294 4450 Β.

99 4484 143 4593 ἔξ·
159 4477 435 4602 mmm
451 4466 492 4607 {a
518 4466 1159 4609 „pssssffla‘ssol‘ss'fflffissssdmffid'
1173 4463 1225 4520 Ed'
1238 4482 1294 4537 '⁸⁸'

649 4638 746 4701 4112
