3038 5018
531 1094 876 1190 κΕοΑΛΑιΑ

362 1369 413 1416 ΤΑ
447 1370 500 1417 ΕΝ
536 1369 598 1418 To«
631 1371 838 1423 ΤΕΤΑΡΤΟι
872 1370 1043 1425 mmm.

106 1673 136 1709 α.
158 1644 230 1711 Ὀτι
253 1646 314 1713 κατ’
337 1650 426 1716 οῦδὲν
448 1651 580 1720 έλόττων
601 1657 654 1718 τοῦ
676 1658 760 1720 Θεοῦ
781 1655 830 1719 καὶ
851 1654 970 1736 Πατρός
992 1655 1009 1717 ό
1030 1652 1112 1732 ww,
1135 1654 1184 1717 διὸ
1209 1651 1243 1716 τὸ
1270 1653 1303 1732 ἐξ

236 1751 327 1816 αὐτοῦ
351 1756 427 1819 κατὰ
456 1756 551 1835 φύσιν
575 1756 730 1840 ῦπόρχειυ,
756 1756 811 1822 κᾶν
835 1756 1052 1822 ὑποτάττεσθαι
1075 1755 1199 1838 λέγηται
1224 1759 1304 1838 παρὸ

75 1860 92 1919 5
236 1859 336 1933 τινῦν,
354 1858 545 1938 προκειμένου
564 1861 653 1940 ῥητοῦ
667 1859 740 1925 Ὀτι
760 1860 950 1940 καταβέβηκα
969 1862 1002 1924 έκ
1024 1863 1077 1924 τοῦ
1098 1859 1224 1941 οὐρανοῦ
1246 1856 1338 1942 οῦχὶι

237 1959 287 2025 ίνα
308 1965 384 2024 ποιῦ
404 1960 438 2025 τὸ
461 1961 576 2042 θέλημα
600 1961 635 2026 τὸ
662 1963 736 2044 έμόν
757 1964 837 2027 όλλῖι
857 1963 892 2026 τὸ
915 1962 1031 2042 θέλημα
1052 1967 1105 2027 τοῦ
1129 1961 1304 2044 πέμψαντός

236 2087 274 2142 με
290 2064 418 2144 Πατρός.
447 2065 481 2129 έν
496 2065 573 2149 αὐτῷ
592 2066 626 2129 ’δὲ
647 2067 739 2152 τούτῳ
759 2067 808 2131 καὶ
827 2068 920 2148 λόγος
933 2065 1156 2150 χρησιμώτατος
1170 2063 1237 2144 περὶ
1252 2067 1305 2126 τοῦ

235 2165 332 2245 τψίου
347 2171 476 2248 σταυροῦ
489 2171 543 2230 τοῦ
555 2173 698 2250 Χριστοῦ.
1205 2166 1299 2257 [330]

105 2348 139 2422 β.
158 2341 229 2409 Ὅτι
249 2344 393 2420 ζυοποιὸν
406 2345 441 2410 τὸ
461 2345 549 2429 όγιον
563 2352 651 2427 σόμα
669 2351 810 2429 Χριστοῦ,
825 2345 1019 2428 προκειμένου
1038 2348 1128 2427 ῥητοῦ
1143 2344 1225 2428 Ἐγιό
1246 2347 1304 2427 είμι

236 2449 254 2512 ό
268 2449 355 2529 όρτος
368 2453 421 2529 τῆς
433 2453 516 2531 ζωῆς,
531 2450 579 2515 καὶ
593 2456 654 2515 τῶν
667 2448 787 2534 ἑφεξῆς,
803 2453 838 2515 έν
852 2450 896 2517 οἷς
910 2451 950 2517 ὣς
963 2451 1031 2532 περὶ
1046 2449 1136 2532 ἄρτου
1156 2449 1232 2529 φησὶ
1252 2452 1304 2513 τοῦ

237 2552 473 2634 ίόίουσιίματος.
834 2601 871 2620 ...
964 2601 1001 2620 ...
1204 2553 1297 2639 [350]

106 2753 136 2807 γ.
159 2726 233 2793 Ὀτι
252 2729 288 2793 οῦ
309 2729 382 2811 ζωῆς
401 2734 452 2810 τῆς
472 2729 541 2812 παρ’
557 2730 658 2813 ἑτέρου
675 2730 802 2816 μέτοχός
818 2733 902 2796 ἔστιν
917 2733 934 2795 ό
948 2731 1030 2810 Υἱὸς,
1045 2734 1166 2811 μᾶλλον
1180 2731 1214 2795 δὲ
1229 2733 1334 2796 κατῦο

236 2833 331 2914 φόσιν
349 2833 407 2912 (οη
429 2834 468 2902 ὣς
490 2836 522 2899 έκ
544 2838 618 2916 ζωῆς
639 2838 690 2915 τῆς
712 2837 785 2899 κατὰ
807 2835 900 2915 φύσιν
917 2833 1131 2915 γεγεννημένος
1149 2838 1201 2898 τοῦ
1221 2837 1305 2899 Θεοῦ

237 2936 285 3000 καὶ
314 2936 443 3018 Πατρός,
469 2937 664 3018 προκειμένου
691 2939 781 3019 ῥητοῦ
812 2938 917 3003 Καθὼς
947 2936 1107 3001 ἀπέστειλέ
1135 2962 1173 3016 με
1201 2938 1218 3000 ό
1246 2942 1305 3013 ξῦν
1378 2931 1383 2941 ’

57 3053 93 3113 15
237 3039 343 3120 Πατὴρ
367 3041 447 3120 κᾶγὸ
477 3041 515 3118 ζῦ
544 3043 594 3106 διὸ
616 3040 670 3105 τὸν
693 3040 825 3120 Πατέρα,
850 3039 897 3102 καὶ
923 3041 940 3102 ό
962 3040 1085 3120 τρόγον
1106 3064 1145 3119 με
1170 3041 1305 3107 κᾶκεῖνος

236 3141 318 3221 ζήσει
340 3140 377 3207 δι’
399 3141 459 3224 έμέ,
575 3190 613 3212 ...
965 3191 1001 3215 ...
1204 3141 1299 3232 [366]

107 3326 133 3385 δ.
165 3319 238 3386 Ὀτι
255 3322 346 3390 τθτος
362 3321 400 3402 ἣν
414 3328 468 3386 τοῦ
483 3327 616 3406 Χριστοῦ
637 3322 843 3404 προηγουμένη
862 3325 916 3386 τοῦ
933 3325 1012 3386 λαοῦ
1032 3323 1105 3386 κατὰ
1123 3321 1178 3402 την
1193 3321 1304 3403 ἔρημον

235 3425 346 3508 ἡόγία
366 3425 460 3506 σκηνὴ
479 3428 528 3490 καὶ
547 3427 566 3505 ἡ
586 3425 714 3505 κιβωτὸς
732 3426 800 3505 δέἡ
820 3427 854 3490 έν
872 3425 943 3511 αὐτῇ
963 3426 1011 3488 καὶ
1029 3425 1048 3505 ἡ
1067 3426 1177 3508 λυχνία
1198 3425 1246 3488 καὶ
1265 3427 1303 3489 τὰ

237 3527 434 3610 θυσιαστήρια
455 3529 499 3608 δὲ,
514 3529 550 3593 τό
571 3553 605 3597 τε
626 3533 679 3593 τοῦ
696 3527 876 3609 θυμιάματος
892 3527 941 3592 καὶ
958 3527 992 3591 τὸ
1012 3533 1070 3592 τῶν
1090 3526 1337 3609 mmmm
1364 3587 1368 3594 .

55 3655 94 3695 το
236 3630 325 3697 αὐτὸν
350 3629 494 3711 ἐσήμαινε
519 3631 572 3697 τὸν
594 3633 736 3713 Χριστόν·
769 3630 962 3713 προκειμένου
986 3633 1075 3714 ῥητοῦ
1101 3635 1168 3695 Ποῦ
1193 3631 1304 3714 ἔχομεν

237 3736 401 3808 θπελθεῖν;
430 3732 548 3817 ῥήματα
569 3738 642 3815 ζωῆς
664 3735 783 3800 αίυνίου
805 3734 895 3819 ἔχεις.
1205 3731 1298 3823 [383]

108 3939 132 3976 ε.
168 3913 245 3994 Περὶ
265 3915 317 3993 τῆς
339 3913 442 3994 έορτῆς
463 3915 514 3993 τῆς
536 3913 749 3995 σκηνοπηγίας,
768 3912 814 3977 ότι
835 3916 886 3993 τῆς
907 3911 1105 3994 ὀφειλομένης
1126 3916 1188 3978 τοῦς
1209 3911 1305 3991 ἁγίοις

237 4017 359 4085 έλπίόος
377 4016 432 4096 τὴν
447 4015 691 4082 όποκατόστασιν
705 4021 801 4094 δηλοῖ,
818 4015 866 4080 καὶ
881 4014 936 4094 τὴν
950 4015 983 4078 έκ
998 4019 1110 4095 νεκρῶν
1125 4013 1301 4093 ἀναβίωσιν·

237 4117 430 4201 προκειμένου
443 4120 532 4201 ῥητοῦ
546 4116 612 4183 Ἦν
625 4120 659 4183 δὲ
680 4117 769 4200 έγγῦς
787 4119 806 4198 ἦ
825 4117 913 4200 ἑορτὴ
927 4123 987 4180 τῶν
997 4115 1149 4181 Ἰουδαίου
1162 4116 1181 4197 ἡ
1196 4139 1304 4194 σκηνο-

56 4249 93 4308 25
237 4225 341 4306 ποια.
1204 4220 1298 4305 [395]

144 4411 203 4467 Lib.
218 4409 266 4466 IV.
279 4410 392 4467 Codices
407 4410 477 4466 m).
569 4422 593 4481 γ.
611 4410 714 4479 Πατρός
726 4416 895 4479 assumptum
908 4426 940 4463 ex
954 4408 987 4464 B.
1060 4424 1101 4463 lo.
1120 4404 1189 4478 φησὶ
1201 4423 1256 4462 om.
1268 4404 1306 4467 Β.

110 4496 150 4553 ιγ.
168 4485 215 4537 τοῦ
225 4483 293 4538 λαοῦ
304 4490 367 4554 poet
377 4482 473 4553 ἔρημον
483 4480 635 4553 transponit
647 4480 680 4535 B.
788 4495 831 4551 ²3·
848 4479 894 4549 τὴν
906 4480 980 4550 prius
992 4487 1160 4551 assumptum
1171 4494 1205 4532 ex
1218 4476 1253 4537 Β,

659 4579 753 4648 3⁶22
