3038 5018
84 295 262 386 vi.12‚13.
294 298 351 367 IN
381 299 414 363 S.
440 297 692 363 JOANNEM.
740 297 925 361 LIB.III.
971 297 1074 362 CAP.
1097 296 1157 362 IV.
1222 299 1287 362 419

84 458 216 566 ψύνων
237 461 372 569 εῦρέσει
397 463 653 564 βεβαιούμενον
678 467 727 547 είς
754 461 879 543 πίστιν
902 470 966 541 τοῦ
992 458 1136 545 πάντως
1162 495 1201 541 τε
1229 462 1288 540 καὶ

83 586 232 684 ἀληθῶς
248 591 387 695 τροφῆς
404 585 572 690 γενέσθω
590 584 835 684 πλεονασμὸν,
853 588 912 666 καὶ
931 585 1011 689 οὐχὶ
1029 591 1175 684 μᾶλλον
1194 598 1287 690 φαν-

84 709 215 793 τασίας
240 710 408 818 ἐπίδειξιν
426 711 623 809 ἀπατῶσης
648 712 706 789 καὶ
730 706 794 788 τὸν
811 716 884 789 τῶν
900 707 1126 807 ἑστιωμένων
1142 709 1200 786 καὶ
1222 705 1288 787 τδν

85 837 158 911 τῶν
176 832 434 915 διακονούντων
452 834 570 917 αὐτοῖς
594 831 801 940 ὀφθαλμόν.
839 831 882 912 τὸ
907 833 953 913 δέ
970 865 1012 934 γε
1036 830 1153 935 μεῖζόν
1171 864 1210 911 τε
1228 835 1287 911 καὶ

49 954 384 1062 5ἀξιολογώτερου,
402 960 461 1043 καὶ
488 959 572 1037 λίαν
595 957 686 1056 ἡμᾶς
715 961 892 1061 ὠφελοῦν,
911 953 1021 1035 ἐκεῖνό
1050 958 1141 1035 έστι·
1174 989 1283 1034 κατα·

86 1077 159 1160 νόει
176 1078 249 1183 γὰρ
268 1080 365 1166 ὅπως
383 1080 674 1183 προθυμοτάτους
692 1081 785 1180 ἡμᾶς
810 1078 869 1160 διὰ
891 1087 955 1158 τοῦ
975 1078 1155 1177 θαύματος
1175 1081 1285 1180 ἀπερ-

85 1200 230 1306 γάζεται
257 1202 348 1306 πρὸς
376 1204 418 1285 τὸ
445 1205 645 1301 βούλεσθαι
678 1208 736 1284 καὶ
769 1204 853 1283 λίαν
881 1202 1046 1300 ἀσμένως
1074 1202 1319 1308 φιλοξενεΐν,ο

85 1329 277 1432 μονονουχὶ
304 1329 347 1407 δι’
368 1329 486 1408 αὐτῶν
512 1328 597 1427 ἡμῖν
624 1326 834 1427 ἀναβοήσας
861 1334 934 1407 τῶν
961 1324 1216 1430 γεγενημένων,
1240 1329 1289 1409 ὡς

81 1450 150 1535 ,οῦκ
168 1451 346 1557 ἐπιλείψει
369 1450 415 1531 τά
436 1448 536 1557 παρὰ
554 1457 650 1531 Θεοῦ
668 1449 732 1531 τὸν
750 1448 965 1547 κοινωνικὸν,
984 1453 1043 1529 καὶ
1068 1455 1120 1557 τῷ
1145 1456 1284 1555 φιλαλ-

31 1610 73 1652 ιο
86 1572 193 1680 λήλιρ
229 1574 401 1679 χαίροντα
438 1574 571 1684 τρόπιρ,
605 1575 664 1653 καὶ
696 1572 738 1654 τὸ
771 1573 1019 1677 γεγραμμένον
1051 1576 1288 1675 ἀποπληροῦν

86 1694 314 1796 ἐθελήσαντα
341 1708 364 1746 “
378 1697 586 1800 Διυίθρυπτε
615 1704 780 1777 πεινῶντι
807 1696 871 1777 τὸν
900 1698 1010 1799 ἀρτον
1038 1698 1144 1778 σου.”
1194 1695 1288 1803 ὅκνιρ
1333 1709 1375 1759 ffi·
1384 1710 1446 1759 lviii.

86 1817 152 1919 μέν
170 1819 242 1924 γάρ
266 1828 319 1928 τῷ
345 1825 427 1925 περὶ
452 1829 558 1901 τοῦτο
583 1821 883 1920 κατειλημμένους
907 1819 990 1905 τοῦς
1011 1817 1173 1920 μαθητάς
1192 1821 1283 1923 εύρί·
1336 1788 1356 1838 7’

72 1977 224 2042 ’σκομεν
242 1947 280 2024 έν
298 1949 407 2050 ἀρχῇ,
428 1945 512 2023 ἀλλ’
533 1945 674 2047 έπείπερ
699 1941 795 2043 ἦσαν
818 1945 911 2023 ούτω
932 1946 1149 2044 διακείμενοι,
1168 1953 1286 2023 πλου-

87 2069 174 2147 σίαν
192 2068 311 2151 αύτοΐς
330 2071 350 2148 ὁ
370 2068 497 2172 Σωτὴρ
525 2067 592 2169 τὴν
617 2066 689 2149 ἀπὸ
717 2074 790 2147 τῶν
812 2066 998 2174 λειψάνων
1023 2069 1127 2147 ἐτίθει
1152 2101 1288 2170 συγκο-

36 2224 74 2284 ¹5
86 2189 205 2292 μιδήν·
248 2192 408 2272 διδάσκει
443 2191 480 2272 δέ
515 2194 573 2273 καὶ
606 2192 698 2291 ἡμᾶς
731 2190 789 2271 διά
821 2190 971 2290 τούτων,
1007 2191 1062 2271 ὅτι
1101 2189 1222 2294 βραχύ
1256 2202 1325 2268 rid

87 2320 314 2399 δαπανῶντες
346 2322 394 2400 είς
426 2313 538 2421 δόξαν
570 2320 675 2411 θεοῦ,
709 2315 983 2419 πλουσιωτέραν
1015 2315 1290 2418 ἀναληψόμεθα

88 2438 194 2544 χάριν
224 2439 317 2518 κατά
349 2439 390 2517 τὸ
423 2439 605 2542 εἰρημένον
634 2437 734 2541 παρὰ
765 2445 929 2541 Χριστοῦ
963 2450 984 2487 “
1000 2439 1147 2541 Μέτρον
1177 2438 1291 2519 καλὸν
1336 2452 1431 2570 ⁸:1¹¹?-

89 2573 112 2610 “
129 2562 369 2661 πεπιεσμένον
391 2565 449 2641 καὶ
474 2562 743 2660 σεσαλευμένον
767 2562 1091 2667 ῦπερεκχυνύμενον
1109 2562 1293 2643 δώσουσιν
1336 2535 1419 2584 Μ’

89 2695 113 2732 “
132 2690 180 2770 είς
198 2685 262 2766 τὸν
280 2685 420 2766 κόλπον
438 2684 571 2781 ῦμῶν.”
611 2688 674 2765 ούκ
700 2687 866 2787 ὀκνητέον
883 2695 1073 2791 τοιγαροῦν
1095 2693 1145 2770 είς
1170 2721 1293 2767 κοινω-

32 2849 76 2889 ιο
90 2809 168 2888 νίαν
192 2806 258 2909 τὴν
280 2810 324 2916 ἐξ
349 2809 492 2911 ἀγάπης
520 2814 584 2908 τῆς
612 2816 659 2893 είς
687 2809 879 2912 ἀδελφούς,
902 2811 992 2890 ἰτέον
1016 2810 1054 2889 δέ
1081 2818 1227 2909 μᾶλλον
1245 2816 1293 2895 είς

88 2934 281 3030 εὐτολμίαν
300 2932 451 3036 ἀγαθὴν,
467 2936 524 3011 καὶ
544 2931 649 3013 ὄκνον
666 2931 732 3032 μέν
751 2937 809 3012 καὶ
829 2936 963 3013 δειλίαν
982 2933 1048 3033 τήν
1066 2933 1293 3041 ἀφιλοξενεῖν

90 3056 367 3153 ἀναπείθουσαν,
394 3060 442 3140 ὡς
469 3054 687 3159 ποῤῥωτάτω
714 3057 959 3155 ποιησαίμεθα,
978 3055 1227 3156 βεβαιούμενοι
1255 3055 1293 3136 δέ

88 3178 180 3283 πρὸς
195 3181 325 3260 ε’λπίδα
336 3179 394 3260 διά
407 3185 470 3279 τῆς
484 3181 640 3265 πίστεως
654 3188 718 3258 τοῦ
729 3182 787 3258 καὶ
801 3177 847 3257 τά
860 3179 969 3283 μικρά
983 3178 1321 3283 πολυπλασιιίζέινο

90 3301 266 3383 δύνασθαι
295 3302 357 3383 τὸν
377 3301 482 3401 Θεὸν,
506 3302 703 3408 ἀνοίξωμεν
721 3309 795 3385 τοῖς
818 3303 992 3401 δεομένοις
1011 3303 1056 3382 τά
1075 3303 1289 3409 σπλάγχνα,

33 3465 76 3525 ²5
91 3425 182 3506 κατὰ
224 3425 290 3524 τὴν
330 3435 394 3506 τοῦ
439 3425 549 3522 νόμου
594 3425 755 3531 διάταξιν
793 3436 814 3471 “
831 3426 1008 3527 Ἀνοίγων
1045 3425 1127 3531 γάρ,
1165 3432 1291 3533 φησὶν,
1335 3435 1426 3548 {³5¹¹ss

92 3559 114 3597 “
129 3548 280 3656 ἀνοίξεις
297 3548 343 3630 τά
361 3549 562 3653 σπλάγχνα
580 3583 651 3630 σου
677 3555 728 3656 τῷ
746 3551 896 3658 ἀδελφῲ
914 3583 986 3630 σου
1010 3558 1061 3659 τῷ
1081 3553 1292 3660 ἐπιδεομένῳ

91 3683 114 3720 “
132 3674 170 3751 έν
198 3674 294 3752 σοί·”
323 3673 410 3752 πότε
445 3671 516 3775 γὰρ
543 3671 704 3773 ἐλεήμων
732 3671 893 3778 ὀφθήση,
922 3675 1082 3777 σκληρὸς
1116 3677 1293 3771 διαμείνας

91 3797 155 3877 τὸν
174 3799 212 3876 έν
231 3799 319 3902 τῶδε
339 3803 390 3904 τῷ
415 3796 484 3903 βίη)
510 3798 664 3900 χρόνον,
694 3795 782 3876 πότε
811 3794 849 3875 δέ
876 3798 1084 3899 πληρώσεις
1111 3796 1178 3896 τὴν
1197 3800 1293 3875 ἐντο-

91 3917 172 4018 λὴν,
192 3918 255 3998 τὸν
272 3927 336 3998 τοῦ
360 3921 535 3998 δύνασθαι
562 3922 650 4021 δρᾶν
669 3923 705 3998 έν
722 3919 829 4025 ἀργίᾳ
847 3921 1080 4021 παριππεύειν
1099 3919 1294 4021 ἐπιτρέπων

129 4122 153 4159 2.
173 4104 259 4175 τροφὴ
292 4106 484 4171 ,πλεονασμῶν
498 4103 530 4156 B.
572 4104 714 4173 φαντασίαι
728 4103 761 4158 Β.
833 4121 859 4174 3.
878 4105 924 4157 τὸν
935 4104 980 4157 alt.
994 4114 1163 4173 assumptum
1176 4123 1207 4158 ex
1222 4103 1294 4160 Bi).

92 4177 119 4231 8.
137 4126 289 4246 μονονουχίψ
301 4175 332 4228 ού
343 4175 480 4244 μονονουχὶ
495 4174 527 4226 Β.
623 4190 664 4228 12.
682 4175 730 4242 μίν
742 4191 796 4228 om.
811 4174 843 4227 B.
949 4190 989 4240 15.
1008 4175 1049 4227 καὶ
1062 4184 1123 4244 post
1136 4175 1174 4229 ὅτι
1188 4186 1220 4228 tr.
1233 4175 1294 4238 Ed„

93 4247 178 4300 invito
192 4247 224 4300 B.
336 4244 376 4298 16.
396 4243 591 4312 πλουσιωτέρας
603 4244 627 4297 ἀ.
642 4245 749 4312 χάριτας
761 4263 784 4297 a.
798 4244 882 4297 invito
892 4243 974 4297 Cord.
1119 4262 1161 4316 23.
1180 4245 1239 4315 τοῦ]
1253 4247 1296 4299 διὸ

93 4320 141 4370 τοῦ
155 4317 187 4370 Β.
225 4316 320 4370 Statim
335 4316 376 4367 καὶ
387 4316 419 4368 τὰ
434 4314 503 4368 Bi).
517 4315 580 4367 κατὰ
593 4314 644 4368 Ed.
818 4328 861 4383 25.
880 4315 964 4385 φησὶν
975 4315 1026 4384 γὰρ
1038 4314 1144 4369 inverso
1158 4315 1249 4370 ordine
1263 4315 1294 4370 B.

95 4386 138 4442 τό.
157 4385 311 4457 σπλάγχνα]
327 4387 378 4439 Ριο
391 4384 440 4437 hae
452 4385 584 4438 citationis
597 4384 692 4448 forma,
706 4383 739 4437 de
752 4384 803 4438 Ad.
816 4399 863 4454 ²7¹
876 4385 903 4438 b.
918 4384 1012 4438 Pasch.
1028 4384 1110 4439 Hom.
1123 4387 1194 4441 xviii.
1209 4400 1260 4458 253
1270 4404 1294 4441 ο.

94 4458 159 4511 citat
173 4459 294 4512 HolmeS.
367 4456 409 4509 28.
429 4459 480 4508 τῶν
493 4472 541 4524 pro
552 4456 598 4509 τδν
608 4455 640 4509 Β.
687 4459 738 4527 βίῳ
751 4453 857 4526 χρόνον]
872 4457 958 4526 χρόνῳ
971 4459 1025 4524 ἤτοι
1037 4457 1088 4530 βίην
1102 4456 1134 4511 Β.
1206 4474 1249 4526 29.
1268 4457 1296 4513 έν

94 4526 171 4598 ἆργίᾳ
185 4526 287 4600 [ἀργοίη
301 4524 383 4598 Cod.]
399 4525 430 4580 B.
446 4525 561 4596 ἐνεργείᾳ
576 4525 626 4581 Ed.

650 4632 669 4696 3
687 4632 707 4674 ιι
726 4632 744 4678 α
