3038 5018
237 293 303 356 824
541 293 580 357 B.
604 292 814 358 CYRILLI
845 294 1132 360 ALEXANDR.
1338 319 1369 360 v.
1388 317 1437 382 ¹9·

238 459 302 555 τῆς
339 464 403 547 τοῦ
443 456 588 560 Πατρύς
624 459 749 544 οὐσίας
783 460 937 539 κείσεται
981 459 1023 540 τὸ
1059 461 1253 567 ἐξαίρετον·
1305 461 1325 538 ὁ
1365 458 1440 562 γὰρ

209 580 412 679 ῡδιδακτύς,
432 585 479 666 ὡς
505 582 632 661 ἐκεῖνοί
654 589 782 687 φασιν,
801 589 851 666 εἷς
877 585 1019 690 ἀξίωμα
1047 585 1088 664 τὸ
1116 589 1179 684 τῆς
1205 583 1296 664 κατὰ
1324 584 1440 687 φύσιν

69 717 184 836 ¹2⁵2}
240 701 407 804 θεότητος
435 705 649 808 ἀναδραμὼν
677 708 874 809 εὑρίσκεται
902 707 1021 810 λέγων
1040 707 1173 810 ’(Ἐγῶ
1192 712 1249 788 καὶ
1268 711 1288 787 ὁ
1309 705 1440 808 Πατὴρ

69 800 119 917 gs
186 823 192 836 ⁸
242 838 263 875 ‘⁶
281 828 319 907 ἕν
337 831 459 928 ε’σμεν·
492 828 692 933 ὐὲωρακύις
710 826 769 926 ε’μὲ
788 830 919 933 ἑώρακε
935 828 999 911 τὸν
1018 832 1199 934 Πατερα.”

295 953 630 1054 Ἀναμετρείτωσαν
647 952 765 1033 τοίνυν
782 952 870 1038 ὅσος
895 956 1013 1039 αὐτοῖς
1037 957 1245 1059 δυσφημίας
1270 954 1381 1059 ὄχλος
1400 955 1472 1040 ε’κ5

238 1085 304 1156 τοῦ
332 1083 483 1156 τοιῶσδε
518 1085 609 1156 νοεῖν
642 1074 776 1156 ἐθέλειν
806 1079 1068 1182 ἐπισωρεύεται,
1101 1083 1158 1158 καὶ
1191 1078 1440 1183 φρονείτωσαν

239 1204 357 1300 ἀληθῆ
375 1205 455 1304 περὶ
474 1210 538 1281 τοῦ
555 1205 646 1280 Υίού
664 1199 758 1279 καθά
775 1202 988 1304 γε’γραπται.
1028 1205 1108 1283 οὐτε
1131 1202 1203 1305 γὰρ
1227 1204 1265 1282 ἐκ
1290 1205 1440 1304 θεωρίας

237 1329 301 1422 τῆς
329 1327 366 1405 ἐν
394 1332 468 1408 τοῖς
495 1324 769 1421 ἀποτελέσμασι
796 1333 860 1404 ταύ
887 1325 1042 1429 Πατρὸς,
1066 1329 1146 1407 οὐτε
1174 1325 1245 1427 μὴν
1271 1329 1319 1409 ὡς
1345 1360 1438 1427 προ-

239 1456 482 1551 καταρκτικῶς
513 1453 551 1528 ἐν
582 1455 656 1532 τοῖς
689 1447 807 1551 ἔργοις
840 1448 932 1554 ἔχων
964 1450 1083 1548 αὐτὸν,
1105 1448 1253 1550 ποιητής
1283 1452 1384 1529 ἐστιν
1416 1448 1441 1547 ἦ

239 1571 524 1676 θαυματουργύς,
547 1576 605 1653 καὶ
630 1571 689 1653 διὰ
713 1581 818 1652 τούτο
835 1572 928 1656 Θεὸς
951 1573 1088 1673 ὁΥίύς,
1106 1577 1191 1653 ἀλλ’
1212 1573 1266 1654 ὅτι
1284 1571 1442 1679 φυσικὸς
1458 1604 1497 1647 ¹0

206 1693 366 1798 (Ιῶσπερ
392 1731 444 1779 τις
470 1695 579 1775 αὐτὸν
601 1696 771 1804 ἀποφερει
800 1694 906 1794 νόμος
934 1699 990 1777 ἐπὶ
1016 1697 1082 1797 τὴν
1109 1705 1173 1776 τοῦ
1199 1697 1443 1798 γεννήσαντος

239 1818 523 1922 ἀπαράλλακτον
548 1818 750 1920 ὁμοιότητα,
773 1826 800 1899 εἰ
829 1823 886 1899 καὶ
914 1819 974 1900 διὰ
1001 1825 1065 1920 τῆς
1090 1827 1163 1900 τῶν
1188 1820 1303 1923 ἔργων
1327 1823 1439 1899 ἀνελ-

241 1953 369 2028 λιπούς
396 1945 580 2050 ἐμφερείας
613 1942 816 2043 ἀναλάμπει
850 1952 906 2024 καὶ
941 1947 1114 2050 φαίνεται.
1155 1943 1372 2045 παραθέντες
1401 1943 1442 2022 δὲ

240 2072 298 2148 καί
318 2075 487 2165 εἷσαύθις,
505 2074 534 2148 εὶ
552 2073 655 2165 δοκεῖ,
674 2067 715 2148 τὸ
741 2076 805 2148 τοῦ
830 2069 943 2172 λόγου
966 2065 1174 2173 κεφάλαιον,
1193 2072 1249 2146 καὶ
1272 2067 1437 2169 δριμυτέ-

239 2227 318 2296 ραις
342 2192 496 2295 ἐρεύναις
521 2192 608 2272 αὐτὸ
633 2192 898 2297 βασανίζοντες,
916 2199 1103 2296 θεωρῶμεν
1126 2197 1292 2293 ἀκριβῶς,
1314 2192 1367 2274 τίς
1393 2188 1442 2269 ἀν
1459 2220 1496 2280 15

239 2317 291 2417 εἴη
323 2314 453 2397 λοιπὸν
480 2323 552 2396 τῶν
584 2317 788 2416 λεγομένων
817 2318 838 2417 ἡ
867 2318 1107 2416 δύναμις,καῖ
1137 2316 1233 2399 ὅπως
1264 2312 1442 2417 προσήκει

240 2451 408 2526 νοοῦντας
433 2443 604 2536 εὐσεβεῖν,
622 2439 689 2540 ἤδη
715 2441 1046 2543 περισκεπτώμεθα.
1086 2442 1212 2522 οὐκούν
1228 2438 1335 2541 Ἀμύμ
1351 2436 1443 2542 ἀμύμ

210 2563 335 2667 ολίγω
363 2570 448 2670 ὑμῖν,
476 2573 508 2643 οὐ
537 2561 677 2644 δύναταί
703 2575 818 2669 φησιν
846 2571 910 2670 ἀφ
936 2565 1052 2645 ἓαυτού
1080 2570 1182 2645 ποιεῖν
1211 2575 1226 2647 ὁ
1252 2565 1327 2650 Υίος
1356 2559 1443 2645 οὐδὲν

240 2688 296 2769 {Bw
314 2693 362 2794 μή
385 2726 416 2768 τι
434 2686 553 2801 βλέπη
572 2687 624 2768 τύν
645 2688 779 2796 Πατέρα
802 2690 969 2770 ποιούντα·
1002 2685 1028 2770 οἳ
1052 2688 1122 2797 γαὶρ
1150 2686 1192 2767 ἀοι
1217 2689 1334 2773 ἐκεῖνος
1363 2691 1443 2798 ποιῇ

239 2815 352 2893 ταῦτα
371 2821 431 2893 καὶ
452 2821 466 2893 ὁ
486 2812 561 2897 Tac
580 2818 697 2917 ὁμοίως
715 2816 812 2895 ποιεί.
1457 2839 1498 2880 ²0

294 2938 408 3044 Ὁρᾷς
440 2936 536 3019 ὅπως
569 2937 627 3015 καί
660 2933 719 3013 διὰ
750 2940 814 3034 τῆς
842 2938 879 3014 ἐν
904 2942 977 3019 τοῖς
1009 2936 1124 3038 ἔργοις
1155 2933 1442 3036 ἀπαραλλάκτου

239 3061 465 3160 ταυτότητος,
490 3059 613 3159 ὅμοιον
638 3059 764 3139 ἑαυτὸν
792 3057 883 3139 κατὰ
910 3058 1029 3138 πάντα
1056 3058 1201 3139 δεικνύει
1229 3064 1280 3165 τῷ
1310 3062 1441 3160 Πατρὶ,

238 3186 296 3266 ἵνα
323 3184 367 3284 δὴ
395 3187 563 3290 φαίνηται
597 3182 656 3262 διὰ
683 3183 812 3263 τούτου
839 3184 896 3263 καὶ
927 3187 990 3281 τῆς
1015 3184 1141 3266 οὐσίας
1168 3184 1277 3261 αὐτοῦ
1304 3192 1439 3282 κληρο-

239 3308 346 3407 νόμος
358 3340 370 3404 ;
401 3311 449 3391 ὡς
481 3306 553 3409 γὰρ
585 3308 786 3406 ἀναγκαίως
815 3341 853 3385 τε
883 3308 941 3386 καὶ
969 3305 1229 3410 ἀναντιῤῥήτως
1262 3313 1442 3404 νοηθησο-

238 3432 347 3530 μὲνου
374 3435 470 3511 θεοῦ
501 3428 593 3510 κατὰ
622 3429 736 3536 φύσιν
764 3428 934 3534 ὐπάρχειν
962 3436 1026 3510 τοῦ
1058 3429 1124 3530 τὴν
1152 3429 1238 3528 ’ίσην
1265 3432 1442 3530 ἐνεργειαν
1455 3454 1496 3514 25

72 3579 184 3636 am.
209 3557 383 3662 αὲχοντος
415 3561 466 3662 τῷ
490 3559 574 3661 Θεῷ
603 3558 662 3632 καὶ
691 3557 820 3656 Πατρί,
847 3552 892 3634 τὰ
924 3549 1071 3633 τοιαύτά
1102 3562 1217 3659 φησιν
1246 3554 1266 3632 ὁ
1294 3552 1438 3655 Σωτήρ.

237 3677 535 3781 σκανδαλιζέσθω
558 3675 596 3756 δὲ
618 3680 750 3777 μηδεὶς,
769 3676 855 3756 ὅταν
874 3678 1042 3783 φαίνηται
1061 3677 1180 3777 λέγων
1198 3681 1440 3772 οἰκονομικῶς,

237 3804 288 3904 μὴ
317 3801 484 3885 δύνασθαι
512 3805 615 3883 ποιεῖν
644 3807 709 3906 ἀφ’
739 3803 853 3882 ἑαυτοῦ
880 3800 990 3901 μηδὲν
1018 3800 1073 3881 {av
1102 3804 1150 3906 μή
1179 3837 1210 3878 τι
1239 3799 1356 3911 βλίπη
1388 3802 1442 3882 τὶν

241 3927 377 4036 Πατέρα
411 3929 580 4008 ποιιύντα.
634 3927 683 4008 ὡς
718 3923 790 4026 γὰρ
821 3926 890 4024 ἤδη
926 3923 992 4023 τὴν
1023 3930 1087 4003 τοῦ
1123 3922 1257 4003 δούλου
1292 3920 1441 4028 μορφὴν

279 4219 302 4256 1.
321 4206 336 4254 δ
348 4202 399 4273 γὰρ
411 4203 528 4258 διδακτὸς
541 4202 574 4256 Β.
586 4203 616 4256 οὐ
628 4201 678 4271 γὰρ
691 4201 814 4257 διδακτῶς
827 4199 879 4254 Ed.
962 4215 987 4272 7.
1006 4199 1081 4292 Υίαῦ]
1096 4200 1182 4269 κυρίου
1197 4199 1229 4253 Β.
1312 4214 1352 4253 10.
1372 4201 1442 4258 θεὸς

238 4277 255 4326 ὁ
270 4272 301 4329 Β.
314 4273 386 4328 ἔστιν
399 4273 434 4327 D.
449 4272 500 4327 Ed.
513 4295 546 4343 γρ
559 4272 705 4343 (εγράφε)
718 4273 732 4324 ὁ
746 4271 772 4325 D
786 4289 841 4341 mg.
997 4287 1038 4326 υ.
1057 4294 1079 4326 ει
1092 4289 1145 4326 om.
1160 4270 1193 4324 Β.
1231 4271 1283 4325 Pro
1295 4269 1325 4333 εί,
1338 4272 1409 4339 conj.
1423 4271 1440 4339 ἢ

240 4343 267 4397 D
281 4362 335 4412 mg.
350 4343 401 4397 Ed.
414 4361 470 4413 mg.
518 4341 684 4413 ἀνελλιποῦς]
698 4341 861 4397 ε’λλιπουσαν
875 4340 906 4394 Β.
1012 4358 1053 4408 14.
1072 4341 1187 4397 είσαῦθις
1199 4358 1253 4394 om.
1268 4340 1309 4407 B„
1322 4356 1370 4409 pro
1383 4359 1442 4411 quo

237 4415 333 4482 σαφῶς
345 4414 449 4468 exhibet
464 4414 551 4482 Bmg.
625 4412 665 4467 16.
685 4411 737 4482 εἴη]
751 4413 773 4465 εἰ
787 4408 864 4481 (τῇ)
880 4412 912 4464 Β.
986 4412 1027 4466 18.
1045 4411 1092 4483 ἀφ’
1105 4413 1196 4466 ἑαυτοῦ
1207 4413 1290 4466 ποιεῖν
1302 4413 1317 4462 δ
1328 4411 1390 4466 Υίδς
1404 4410 1441 4469 Β.

239 4485 320 4538 ὐυίὸς
331 4486 413 4538 ποιεῖν
425 4482 471 4554 ἀφ’
485 4486 575 4537 ἑαυτοῦ
588 4482 639 4536 Ed.
712 4499 753 4550 24.
773 4481 954 4554 ἀναντιρρίγτον
969 4481 1001 4536 Β.
