3038 5018
243 301 307 365 642
546 300 585 363 B.
608 296 816 364 CYRILLI
846 293 1136 362 ALEXANDR.
1343 292 1452 371 vii.24

78 482 194 540 489A·
217 461 344 564 ιοὶμαι
376 471 448 546 τῶν
476 471 651 568 περιττῶν
679 466 875 559 ἐπιθυμιῶν
902 460 1211 543 ἀπαλλάττεσθαι
1239 462 1308 539 καὶ
1338 458 1454 557 ῆδονῆς

245 592 308 688 τῆς
333 587 510 685 πλείονος,
528 588 595 688 τδν
619 590 658 667 ἐκ
683 584 914 695 φαυλότητος
938 586 1068 688 ἀργίαν
1090 583 1233 664 ὠδίνειν
1252 585 1451 690 διαφανῶς·

246 715 314 818 οὐχ
350 712 447 796 ὅπως
479 713 554 792 κατ’
589 711 715 792 οὐδένα
746 710 1011 813 ποραλύουσαν
1041 706 1180 812 τρόπον
1213 703 1287 787 τὸν
1322 707 1454 811 ε’πὶτςῖ

139 830 143 841 ’
245 836 428 944 σαββάτῳ
464 835 574 934 νόμον
602 835 669 936 τὴν
697 832 893 937 περιτομὴν
919 831 1139 936 εὑρήσομεν,
1170 832 1264 910 ἀλλ’
1296 831 1372 932 ἤδη
1403 831 1454 910 καὶ

246 959 546 1063 συνασπίᾷνυσαν
574 963 633 1040 καὶ
664 966 711 1042 εἱς
745 959 807 1039 ἕνα
840 960 898 1039 καὶ
932 955 997 1038 τὸν
1025 954 1135 1037 αὐτὸν
1167 958 1375 1060 μονονουχὶ
1404 954 1477 1034 καῖε

247 1081 472 1165 συνθέουσαν
500 1085 624 1187 λόγον,
652 1085 709 1162 καῖ
745 1082 801 1163 ὅτι
833 1085 1017 1184 προσῆκεν
1044 1083 1167 1181 ἀργεῖν
1197 1082 1262 1158 καὶ
1296 1081 1456 1158 ἀνεῖσθαι

248 1206 478 1314 φαυλότητος
495 1203 704 1313 ἀναφανδὸν
723 1206 982 1309 ἀγορεύουσαν,
1001 1208 1049 1289 ῶς
1067 1201 1155 1284 εἶναι
1174 1201 1319 1282 ταύτὸν
1336 1199 1454 1309 ἀμφὶ·

248 1366 344 1435 τερα,
361 1331 404 1412 τό
422 1366 461 1411 τε
479 1332 754 1433 περιτέμνεσθαι
777 1332 884 1432 λέγω,
903 1333 960 1409 καὶ
985 1327 1028 1408 τὸ
1052 1331 1177 1431 ἀργεῖν
1196 1329 1236 1407 ἐν
1255 1322 1455 1432 σαββάτῳ,

214 1454 476 1559 δκαθόσονπερ
505 1454 551 1534 ἅν
578 1488 631 1537 τις
662 1452 796 1556 ἄριστά
826 1487 867 1555 γε
898 1459 1012 1533 ποιῶν
1040 1449 1235 1547 ὑπολάβοι,
1271 1448 1372 1530 κατὰ
1398 1447 1458 1548 τήν

248 1579 293 1685 ἐξ
319 1581 456 1684 ἀμφοῖν
484 1585 532 1662 είς
559 1578 621 1656 ἕνα
649 1574 793 1657 σκοπὸν
819 1574 1040 1680 συνδρομήν.
1085 1574 1228 1678 οὐγὰρ
1260 1573 1387 1674 δήπου
1412 1576 1493 1679 τῶν

248 1709 361 1807 παχεῖ
373 1705 438 1801 τῆς
457 1701 617 1805 ἱστορίας
642 1701 959 1805 προσεδρεύσομεν
978 1699 1089 1807 τύπῳ,
1107 1695 1457 1803 προσβαλούμενδέ

248 1831 394 1922 μᾶλλον
417 1830 662 1923 πνευματικῶς
690 1832 763 1907 τοῖς
793 1824 931 1925 λογίοις
960 1830 1024 1902 τού
1052 1820 1283 1921 Πνεύματος.
1335 1822 1456 1901 οὐκούν

249 1947 526 2052 ἀκατηγορήτως
544 1951 602 2028 καὶ
620 1949 659 2027 ἐν
677 1946 858 2056 σαββάτῳ
883 1947 925 2026 τὸ
946 1949 986 2026 ἐκ
1011 1949 1075 2046 τῆς
1099 1949 1305 2048 περιτομῆς
1331 1943 1455 2045 εἰσβή-

83 2061 206 2114 emath.

82 2128 127 2180 xii
141 2141 164 2194 ⁵·
250 2104 354 2152 σεται
373 2070 566 2177 χρήσιμον,
585 2073 659 2151 ἐπεὶ
679 2070 770 2151 κατὰ
789 2069 855 2171 τῆν
873 2079 937 2151 τού
955 2074 1124 2173 Σωτῆρος
1140 2067 1284 2175 φωνήν,
1305 2080 1329 2118 “
1341 2077 1454 2169 βεβή·

251 2207 272 2244 “
292 2205 425 2276 λοῦσιν
442 2201 476 2276 οἱ
494 2202 594 2299 ἱερεῖς
613 2198 651 2275 ε’ν
669 2200 721 2304 τῷ
739 2202 814 2302 ναῶ
831 2193 873 2274 τδ
892 2193 1112 2289 σάββατον”
1133 2199 1409 2297 ἱερουργοῦντες
1425 2195 1457 2273 έν
1468 2221 1492 2281 15

251 2320 357 2427 αὐτῷ,
389 2322 448 2400 καῖ
485 2327 558 2402 τῶν
590 2318 761 2420 συνήθων
792 2320 834 2398 οὐ
866 2317 1142 2420 καταλήγοντες,
1157 2309 1162 2320 ’
1175 2326 1198 2364 “
1211 2320 1276 2397 καὶ
1311 2317 1461 2399 ἀναίτιοί

222 2453 274 2511 ⁰“
293 2445 415 2540 είσιν,”
445 2447 494 2528 ὡς
526 2442 633 2528 αὐτὸς
667 2445 785 2526 αὐτοῖς
817 2444 1087 2546 μεμαρτύρηκεν
1116 2444 1136 2522 ὁ
1164 2440 1319 2544 Κριτής,
1349 2439 1458 2539 εὐδῆ

251 2565 353 2663 μάλα
381 2572 439 2646 καὶ
466 2567 552 2645 λίαν
574 2566 730 2651 εἰκότως.
771 2566 887 2670 ἔργων
909 2563 981 2669 γάρ
1008 2571 1111 2669 ἱερῶν
1131 2566 1192 2644 καὶ
1214 2571 1294 2644 τῶν
1316 2564 1397 2645 ὅσα
1422 2561 1459 2644 τῖι

252 2692 347 2769 θεῖον
365 2690 546 2797 εὐφραίνει
570 2697 671 2774 ποῖος
696 2689 742 2770 ἂν
760 2690 899 2793 γένοιτο
924 2687 1056 2792 καιρὸς,
1075 2688 1130 2770 ὅτι
1154 2693 1351 2792 προσῆκεν
1371 2692 1459 2791 ἡμᾶς

251 2812 483 2918 ἀποσχέσθαι
521 2814 666 2916 λέγων;
713 2813 756 2894 τὸ
793 2814 831 2894 δὲ
868 2811 1087 2915 καταλήγειν
1118 2815 1182 2912 τῆς
1217 2814 1258 2892 έν
1293 2814 1493 2920 εὐσεβείαις

252 2941 416 3036 σπουδῆς
441 2935 531 3018 κατά
554 2939 636 3017 τίνα
660 2935 791 3043 χρόνον
808 2939 872 3018 οὐκ
896 2935 1106 3041 ἐπιζήμιον;
1137 2935 1381 3043 φαυλότητος
1402 2938 1460 3018 οὐν

253 3061 323 3162 ἀρα
356 3065 414 3140 καὶ
447 3061 558 3162 μόνης
591 3066 655 3161 τῆς
687 3064 867 3164 βδελυροῖς
899 3061 1075 3164 ἁμαρτίας
1106 3061 1461 3168 ἀξιεπαινετωτάτην

253 3183 325 3288 ἔχει
348 3185 549 3266 κατάλυσιν
574 3188 632 3265 καὶ
658 3183 845 3289 ἀνοκωχὴν
869 3185 891 3283 ἡ
919 3183 1010 3264 κατά
1038 3183 1081 3264 τὸ
1109 3184 1307 3279 σάββατον
1331 3189 1459 3290 ἀργία,

254 3309 441 3389 διακωλύει
460 3309 497 3390 δὲ
516 3311 678 3408 οὐδαμῶς
697 3308 813 3410 ἔργοις
831 3305 896 3407 μὲν
914 3307 1114 3414 ἐφήδεσθαι
1136 3314 1209 3391 τοῖς
1230 3312 1356 3411 ἱεροῖς,
1376 3310 1461 3415 ὅπερ

254 3431 289 3509 δ’
317 3429 364 3510 ἀν
392 3431 508 3533 οἴηταί
535 3468 587 3518 τις
614 3432 706 3535 πρὸς
734 3431 913 3539 ὠφέλειαν
940 3433 1093 3512 ἔσεσθαι
1119 3434 1164 3538 τῆ
1191 3435 1304 3540 οἰκείᾳ
1335 3441 1458 3541 ψυχῇ,
1473 3467 1498 3529 ις

221 3561 361 3634 ᾱτούτο
398 3560 457 3635 καὶ
494 3555 578 3636 λίαν
614 3559 821 3659 ἐπείγεσθαι
858 3556 1034 3660 περαίνειν
1070 3558 1184 3659 ὀρθῶς
1221 3556 1462 3661 ἀνεγκλήτως

254 3680 393 3784 ἐφίησι.
445 3688 551 3760 τοῦτο
584 3683 616 3760 δ’
653 3679 698 3761 ἀν
730 3681 818 3765 ’ίδοις
851 3678 938 3760 αὐτὸ
971 3684 1029 3760 καῖ
1060 3682 1099 3761 ε’ν
1129 3686 1174 3787 τῆ
1207 3680 1363 3780 δυνάμει
1402 3689 1463 3783 τῆς

253 3809 447 3907 περιτομῆς
477 3807 792 3904 εἱσκεκομισμένον
822 3802 865 3885 τὸ
898 3803 1089 3908 χρήσιμον.
1138 3807 1177 3884 ἐν
1203 3802 1277 3907 γάρ
1306 3813 1367 3914 τῷ
1402 3806 1463 3891 τάς

255 3932 303 4012 εἱς
344 3928 387 4008 τὸ
428 3936 573 4035 φαῦλον
608 3927 736 4026 ἡδονάς
780 3926 1001 4027 ἀποτέμνειν,
1039 3929 1166 4031 ἀργίας
1202 3925 1271 4025 μὲν
1306 3935 1383 4030 τῆς
1419 3937 1464 4015 εἱς

255 4053 430 4154 ἁμαρτίας
458 4055 582 4155 ὁρᾶται
610 4054 760 4154 γένεσις,
782 4052 948 4155 λατρείας
976 4050 1015 4132 δὲ
1042 4056 1106 4152 τῆς
1133 4055 1171 4131 ἐν
1192 4051 1380 4152 πνεύματι
1411 4059 1501 4137 mlv

255 4176 438 4258 πολιτείας
455 4180 519 4274 τῆς
538 4175 728 4279 ἱερωτάτης
746 4174 854 4280 ἀρχή·
877 4178 960 4255 ἀλλ’
982 4175 1007 4275 ἦ
1025 4210 1067 4277 γε
1086 4173 1240 4282 διαφορά
1260 4179 1383 4283 μικρά
1402 4179 1466 4281 μὲν

282 4470 334 4533 010.
352 4457 452 4509 σκοπὸν
464 4473 518 4509 om.
533 4456 565 4509 Β,
694 4474 734 4511 12.
753 4460 843 4529 λόγοις
857 4458 890 4512 Β.
1024 4456 1065 4511 16.
1084 4455 1193 4512 ἀναίτιοί
1205 4455 1275 4511 εἶσιν
1303 4457 1468 4535 &mim

255 4524 317 4593 (ule)
333 4524 365 4578 B.
474 4542 516 4580 νς.
535 4527 743 4597 ἀξιεπαινετάτιγν
756 4528 789 4584 Β.
898 4545 941 4599 3ο.
959 4527 1082 4599 ἁμαρτίας
1095 4527 1128 4583 Β.
1141 4525 1268 4598 ἁμαρτίαν
1330 4571 1338 4588 .
