3038 5018
505 1160 746 1235 ΚΕΦΑΛΗ
786 1161 834 1233 Δ.

71 1431 155 1513 ΙΙρδς
179 1432 248 1501 τοὺς
273 1437 445 1513 τολμῶντας
473 1431 584 1514 λέγειν,
611 1433 656 1496 ὅτι
685 1432 784 1513 ἕτερός
813 1432 897 1495 ἔστιν
922 1432 939 1494 ὁ
968 1430 1131 1499 ἑνδιάθετός
1159 1457 1193 1498 τε
1222 1433 1270 1498 καὶ

115 1543 243 1626 φυσικὸς
269 1545 304 1609 ἔν
326 1545 396 1629 Θεῷ
425 1544 473 1609 καὶ
495 1544 590 1624 Πατρὶ
612 1544 719 1625 Λόγος,
744 1544 792 1608 καὶ
816 1543 914 1624 ἕτερος
941 1544 958 1605 ὁ
983 1546 1063 1625 παρὰ
1088 1550 1153 1610 ταῖς
1178 1545 1300 1612 θείαιςα

115 1661 248 1736 γραφαῖς
275 1656 440 1737 λεγόμενος
465 1655 546 1721 Υἱός·
593 1654 658 1719 ἔστι
687 1655 720 1718 δὲ
750 1659 809 1719 τῶν
835 1654 902 1736 περὶ
932 1654 1081 1735 Εὐνόμιον
1106 1656 1124 1735 ἡ
1154 1655 1270 1733 τοιαύτη

40 1774 58 1835 5
117 1765 283 1844 κακοδοξία

341 1937 447 2006 Οὗτοα
474 1937 513 2006 ἦν
539 1941 574 2006 ἒν
600 1940 683 2030 ἀρχῇ
711 1940 794 2028 πρὸς
821 1939 877 2006 τὸν
905 1939 998 2008 Θεὸν.
1286 1975 1301 2014 2

130 2159 614 2240 ἈΝΑΚΕΦΑΛΑΙΩΣΙΝ
634 2158 700 2260 μὲν
718 2155 844 2263 ὥσπερ
865 2158 944 2239 τινὰ
966 2166 1038 2239 τῶν
1055 2159 1124 2260 ἤδη
1148 2194 1271 2263 προει-

74 2283 238 2385 ρημείνων
254 2284 292 2364 ἐν
310 2283 447 2368 τούτοις
465 2286 484 2363 ὁ
504 2283 776 2387 Εὐαγγελιστὴς
795 2282 1001 2382 ἐποιήσατο.
1041 2287 1212 2387 προσθεὶς
1237 2284 1276 2363 δὲ

75 2405 118 2487 τό
145 2404 246 2506 οὗτος,
269 2411 458 2512 μονονουχὶ
487 2407 627 2507 βοήσας
657 2409 780 2511 ὁρᾶται
799 2409 848 2488 ‘O
874 2407 924 2487 ὧν
947 2411 985 2488 ἐν
1005 2411 1110 2513 ἀρχῇ,
1130 2411 1150 2487 ὁ
1178 2407 1276 2510 παρὰ

28 2567 64 2605 10
77 2536 129 2637 τῷ
154 2534 272 2633 Πατρὶ
292 2529 421 2632 Λόγος,
441 2532 460 2610 ὁ
489 2531 659 2636 ὑπάρχων
678 2532 771 2616 Θεὸς
796 2535 834 2612 ἐκ
858 2537 968 2629 Θεοῦ,
990 2530 1091 2616 οὗτός
1116 2534 1195 2612 ε’στι
1218 2533 1313 2611 καὶεί

77 2655 144 2758 οὐχ
172 2653 299 2755 ἕτερος,
320 2660 402 2757 περὶ
430 2654 472 2734 οὗ
499 2652 540 2734 τό
568 2654 703 2753 σεμνὸν
727 2656 811 2756 ἡμῖν
832 2654 1014 2760 πρόκειται
1038 2654 1273 2759 σύγγραμμα.

77 2778 165 2856 ἔοικε
190 2775 227 2855 δὲ
251 2776 364 2856 πάλιν
382 2778 423 2857 οὐ
448 2776 564 2876 μάτην
581 2784 655 2861 τοῖς
679 2780 870 2880 είρημένοις
893 2783 1090 2881 ἐπενεγκεῖν
1108 2778 1149 2859 τό
1169 2779 1277 2866 Οὗτος

77 2893 111 2992 ἦν
130 2901 160 2978 ἑν
178 2901 268 3008 ἀρχῇ
291 2899 372 3005 πρὶς
397 2900 448 2980 τδν
466 2903 559 2981 Θείν.
605 2903 653 2983 ὡς
679 2898 751 3003 γὰρ
776 2899 845 2980 ὑπὸ
871 2900 966 2980 θείαν
992 2903 1202 3000 Πνεύματος
1228 2909 1276 2988 είς

76 3021 144 3122 τὴν
168 3027 240 3101 τῶν
265 3020 445 3118 ἐσομένων
469 3028 608 3125 γνῶσιν
634 3022 963 3126 φωταγωγοιίμενος
992 3024 1055 3102 οὐκ
1083 3022 1273 3125 ἠγνόησεν,

30 3172 65 3230 15
78 3143 126 3228 ὥς
154 3179 196 3248 γε
222 3178 285 3243 μοι
312 3149 416 3242 δοκεῖ,
438 3147 496 3224 καὶ
525 3148 572 3229 ὡς
600 3143 704 3225 ἔστιν’
725 3150 831 3225 εἰπεῖν
854 3145 1104 3245 ἀληθεύοντας,
1127 3146 1181 3225 ὅτι
1207 3182 1276 3250 περ

77 3269 349 3374 ἀναφανοῦνταί
376 3302 467 3351 τινες
499 3269 730 3352 ἀπωλείας
712 3267 869 3371 εργοίται,
899 3267 1072 3365 διαβόλου
1106 3268 1276 3374 θήρατρα,

78 3392 236 3473 θαναίτον
259 3391 461 3492 παγίδες’
433 3425 481 3476 εις
506 3398 633 3490 ταμεῖα
657 3392 923 3497 καταφέρονσαι
948 3396 1006 3474 καὶ
1030 3401 1078 3478 εἷς
1102 3393 1277 3498 ττέτανρον
1290 3428 1307 3470 e
1322 3384 1444 3529 ξίὶξὲπ·

80 3517 168 3624 ᾆδον
193 3513 276 3600 τοὺς
300 3515 344 3621 ἐξ
365 3517 517 3613 ἀμαθίας
542 3514 787 3620 προσέχοντας
811 3514 862 3599 οἷς
885 3516 930 3597 ἂν
948 3519 986 3597 ἐκ
1009 3520 1154 3621 καρδίας
1177 3518 1273 3621 ε’ρειί·
1322 3532 1357 3566 ¹¹·
1371 3517 1408 3565 ¹⁸·

80 3674 214 3743 γωνται
249 3644 419 3740 πονηρᾶς.
472 3636 709 3736 ἐνστησονται
748 3639 784 3717 δὲ
822 3643 880 3719 καὶ
916 3640 1008 3721 κατὰ
1043 3646 1107 3742 τῆς
1144 3642 1279 3720 εαντῶν

29 3795 69 3835 20
82 3766 304 3866 ἀνδριοῦνται
331 3764 492 3866 κεφαλῆς
519 3760 694 3863 λέγοντες,
721 3763 840 3865 ἕτερον
866 3762 931 3861 μὲν
959 3760 1045 3843 εἶναι
1072 3763 1136 3843 τὸν
1163 3763 1277 3842 ε’νδιοί·

82 3894 187 3967 θετον
210 3888 249 3966 ἐν
271 3890 323 3992 τῷ
347 3888 430 3990 Θεῷ
458 3888 516 3964 καὶ
542 3888 660 3987 Πατρὶ
680 3883 813 3987 Λόγον,
832 3886 950 3990 ἕτερον
971 3887 1015 3964 δέ
1037 3920 1115 3965 τινα
1143 3889 1201 3965 καὶ
1227 3891 1280 3994 τῷ

82 4008 268 4116 ἐνδιαθίτῳ
286 4009 371 4087 λίαν
387 4005 653 4112 ἐμφερέστατόν
669 4042 707 4088 τε
727 4011 784 4088 καὶ
809 4008 1016 4108 ὁμοιότατον
1034 4009 1097 4089 τὸν
1114 4008 1203 4088 Υὶὸν
1221 4012 1279 4089 καὶ

121 4230 146 4266 τ.
165 4235 192 4266 τε
205 4219 374 4280 assumptum
386 4209 502 4264 exBD
607 4228 648 4266 10.
666 4215 746 4267 dom.
759 4212 863 4283 Migne.
964 4227 1005 4266 12.
1024 4210 1180 4284 ἐπενεγκεῖν]
1194 4234 1278 4282 προσ-

83 4283 137 4339 θελς
150 4282 231 4337 Euth.
398 4295 438 4351 15.
456 4282 503 4349 ἕμο
469 4302 555 4371 μοτγε
568 4281 651 4336 Euth.
817 4296 867 4352 17-
869 4298 911 4336 20
930 4282 1101 4372 εἷς-κεφαλη
1103 4300 1180 4340 eom.
1195 4283 1278 4338 Euth.

88 4370 129 4422 11·
147 4350 293 4420 ταμιειαΕ.
439 4351 513 4405 18!
499 4372 527 4421 ερ
596 4373 650 4429 οταν
663 4352 807 4406 correxiex
821 4352 1279 4442 D.E.qu1‹pp‹vyommexh1bent

82 4422 230 4493 ἰρενγονταα
244 4421 295 4475 Ed.
388 4438 429 4490 19
447 4422 530 4474 αὐτῶν
666 4439 709 4476 21.
728 4444 764 4493 τῳ
776 4432 802 4477 et
813 4445 855 4476 και
867 4439 941 4491 prlus
953 4432 1091 4496 assumpta
1102 4424 1181 4479 01ss
1195 4425 1278 4480 Euth.

83 4496 124 4548 καὶ
137 4495 254 4565 τηρ-τὸν
266 4491 379 4563 mv]
353 4514 398 4546 τον
403 4438 542 4562 9τη”ν-ΥΙδν
555 4490 637 4545 Euth.
