3038 5018
242 289 308 350 224
545 290 583 353 Β.
608 289 817 353 CYRILLI
848 286 1134 358 ALEXANDR.
1266 282 1442 364 iii.12‚13.

195 582 230 622 ¹²
248 569 284 637 Εί
311 574 350 639 τὰ
375 573 500 648 ἐπίνεια
527 569 619 641 εἶπον
643 571 716 653 ὑμίν
740 577 792 641 καί
817 575 854 640 οὐ
880 576 1057 653 πιστεύετε,
1080 571 1151 637 πῶς
1175 571 1234 636 ἐὰν
1257 565 1344 634 εἴπω
1367 563 1442 644 ὑμῖν

195 717 231 774 ¹3
296 698 335 765 τὰ
372 700 551 790 ἐπουράνια
589 702 801 783 monimum
842 701 895 766 καί
930 699 1037 766 οὑδεία
1074 698 1272 776 ἁναβὲβιικεν
1303 691 1349 761 εία
1385 694 1442 760 τὸν

296 825 446 915 οὐρανὸν,
482 825 510 892 εἰ
544 828 589 905 μιί
626 830 644 895 ὁ
683 830 720 893 ὂκ
760 833 817 895 τοῦ
857 828 997 917 οὐρανοῦ
1031 824 1185 906 καταβὰς,
1220 825 1237 890 ὁ
1272 819 1348 888 Υῑὸτ.
1384 826 1442 887 τοῦ

296 951 471 1039 ἀνθρώπου
498 955 517 1022 ὁ
548 952 596 1018 ὢν
623 953 658 1019 ίν
686 959 733 1039 τῷ
757 954 900 1042 οὐρανῷ.

211 1171 234 1235 d
304 1154 478 1259 Μάθημα,
493 1162 619 1265 φησίν,
633 1158 698 1256 τὴν
716 1159 918 1261 ἀνθρώποις
935 1158 1147 1260 πρέπουσαν
1166 1156 1228 1234 οῦκ
1248 1157 1445 1249 ἀναβαῖνον
1460 1174 1480 1234 5

245 1279 405 1377 σύνεσιν,
433 1282 477 1390 ἐξ
502 1280 654 1385 ἀμέτρου
686 1281 816 1363 λοιπὸν
844 1281 995 1384 ἀλογίαν
1027 1282 1068 1359 οῦ
1098 1277 1356 1384 παρεδέξασθε,
1384 1280 1444 1355 καὶ

244 1410 321 1488 πῶς
349 1404 393 1483 ἂν
416 1407 497 1503 ὑμῖν
521 1405 769 1513 ε’ξηγησαίμην
790 1405 835 1485 τὰ
864 1406 1046 1506 θειότερα;
1081 1410 1113 1482 οί
1138 1402 1175 1482 δὲ
1199 1406 1237 1480 ἐν
1260 1408 1333 1483 τοῖο
1358 1402 1442 1480 καθ’

245 1527 389 1611 εἀντοῦν
408 1528 660 1627 ἀμαθέστατοι,
671 1536 748 1613 πῶς
766 1526 811 1609 ἂν
831 1526 898 1609 εἶεν
911 1533 948 1608 ἐν
964 1536 1037 1611 τοῖς
1057 1528 1286 1628 ῦπεραίρονσι
1305 1525 1444 1629 σοφοί;

246 1656 305 1737 καί
330 1657 363 1732 υί
388 1652 478 1756 πρὸς
503 1652 545 1733 τὸ
574 1651 726 1734 ἔλαττον
748 1652 999 1754 ἀτονήσαντεν,
1020 1659 1097 1735 πῶς
1121 1653 1184 1730 οῦκ
1208 1649 1252 1729 ἂν
1270 1651 1382 1754 ἔχοιεν
1401 1648 1446 1729 τό

246 1773 362 1876 μεῖζον
390 1774 600 1881 ἀφόρητον;
641 1782 698 1857 καὶ
734 1784 763 1856 εί
796 1775 847 1877 μὴ
877 1776 985 1885 μόνιρ,
1015 1777 1141 1884 φησίν,
1168 1778 1245 1872 ἐμοὶ
1272 1770 1447 1856 πιστεόετε
1464 1809 1501 1849 ιο

247 1900 400 2002 λέγοντι,
418 1900 580 1986 πολλοῦς
599 1901 636 1981 δὲ
655 1903 711 2006 ἐφ’
732 1899 873 2009 ἑκάστῳ
892 1902 1021 2005 ζητεῖτε
1044 1898 1125 1985 τοῦς
1148 1899 1342 2002 μάρτυρας,
1364 1898 1446 1980 τίνα

246 2024 411 2127 παροίσω
437 2031 509 2104 τῶν
532 2025 702 2128 οὐρανίων
726 2027 807 2124 ὑμῖν
829 2026 1036 2127 μυστηρίων
1060 2022 1124 2105 τὸν
1146 2022 1306 2126 θεωρόν;
1340 2017 1446 2109 οὐθείς

217 2144 318 2249 ογῦιρ
337 2147 549 2241 ἀναβέβηκεν
568 2158 612 2235 τίς
632 2151 682 2229 τὶν
702 2151 824 2255 οίιρανῦι
843 2157 868 2230 εί
886 2147 933 2255 μίν
954 2159 968 2229 ό
987 2151 1025 2229 ἑκ
1044 2151 1099 2229 τοῦ
1124 2150 1249 2255 οὐρανοῦ
1276 2144 1445 2239 καταβαι·

250 2276 358 2356 ίΥῦος
385 2274 439 2351 τοῦ
463 2270 638 2376 ανθρώπου.
679 2280 742 2353 τοῦ
769 2272 807 2352 δὲ
830 2278 924 2352 Θεοῦ
944 2272 1065 2375 Λόγον
1090 2269 1377 2370 καταβεβηκότος
1402 2270 1449 2376 ἐξ

249 2396 409 2495 οὐρανοῦ,
422 2393 486 2475 τὸν
499 2394 589 2476 Υίῦν
607 2405 670 2476 τοῦ
689 2395 878 2498 ἀνθρώπου
897 2396 1100 2497 καταβῆναί
1114 2403 1218 2502 φησι,
1238 2391 1446 2498 διχόζεσθαι
1464 2426 1502 2486 ¹5

248 2517 337 2615 μετὰ
356 2518 421 2618 τὴν
440 2518 711 2622 ἐνανθρώπησιν
731 2526 779 2604 είς
798 2517 861 2600 δύο
878 2520 1059 2622 πρόσωπα
1077 2518 1366 2622 παραιτούμενον,
1386 2522 1447 2597 καὶ

249 2643 312 2720 οῦκ
345 2643 542 2745 ἐπιτρέπων
569 2646 676 2739 τισίν,
705 2643 823 2747 ἕτερον
851 2643 917 2743 μέν
945 2641 1032 2723 εἶναι
1064 2644 1183 2744 λέγειν
1212 2641 1286 2723 νίόν
1315 2641 1379 2722 τόν
1407 2643 1447 2726 έκ

248 2764 426 2866 παρθένον
444 2766 502 2846 διὰ
519 2765 585 2866 τὴν
603 2769 726 2872 χρείαν
743 2769 929 2873 ληφθέντα
948 2767 1044 2864 ναῦν,
1059 2769 1177 2871 ἕτερον
1195 2765 1234 2847 δέ
1252 2764 1365 2847 πόλιν
1382 2762 1448 2846 τὸν

249 2890 286 2967 έκ
307 2893 401 2969 θεοῦ
421 2888 567 2989 Πατρός
584 2889 771 2999 πεφηνότα
785 2890 917 2994 Λόγον,
930 2890 1030 2991 πλὴν
1048 2891 1139 2971 ὅσον
1156 2897 1205 2974 είς
1223 2886 1286 2970 τόν
1304 2887 1447 2998 ἑκάστῳ

248 3010 432 3114 πρέποντα
454 3013 545 3094 κατὰ
566 3014 680 3121 φῦσιν
699 3014 898 3116 διορισμόν.
928 3012 1053 3117 ὥσπερ
1078 3013 1150 3118 γάρ
1175 3018 1275 3095 ἐστιν
1292 3016 1331 3092 ἐκ
1351 3019 1448 3094 Θεοῦ
1465 3051 1504 3095 ιο

194 3190 197 3193 -
251 3133 383 3237 Λόγος,
412 3140 504 3217 οὕτω
534 3141 592 3218 καί
620 3137 808 3242 ἅνθρωπος
835 3141 874 3218 ἐκ
902 3138 1078 3241 γυναικὸς,
1105 3137 1154 3222 εἷς
1182 3137 1219 3217 δὲ
1248 3134 1377 3217 λοιπὸν
1406 3137 1452 3250 ἐξ

85 3282 189 3345 lm
223 3262 388 3366 κάμφοῖν
421 3263 441 3339 ὁ
473 3259 646 3364 Χριστόν,
679 3263 873 3364 ἀδιαίρετον
909 3269 957 3346 είς
990 3262 1133 3363 υίότητα
1164 3264 1221 3341 καί
1255 3267 1304 3345 είς
1337 3259 1450 3367 δόξαν

254 3389 448 3486 θεοπρεπῆὶ
472 3387 545 3464 ε’πεί
564 3384 655 3465 κατὰ
679 3386 758 3464 τίνα
783 3385 917 3487 τρόπον
940 3390 986 3469 ὡς
1012 3386 1083 3465 ἴδια
1106 3387 1309 3488 περιτίθησι
1334 3390 1386 3491 τῷ
1411 3386 1450 3464 ἐκ

254 3512 318 3605 τῆς
336 3506 514 3609 παρθένου
534 3511 616 3615 ναῷ,
635 3506 681 3589 τὰ
699 3515 824 3617 γυμνῷ
842 3512 900 3587 καί
925 3509 1024 3615 μόνῳ
1050 3505 1232 3612 πρέποντα
1250 3514 1301 3613 τῷ
1322 3507 1448 3616 Λόγῳ,

255 3635 471 3710 ίδιοποιεῖται
499 3631 536 3710 δὲ
563 3631 676 3712 πόλιν
699 3630 804 3715 αὐτὸς
832 3631 877 3711 τῦ
904 3632 996 3738 μόνη
1023 3633 1205 3735 πρέποντα
1235 3637 1280 3738 τῇ
1309 3630 1423 3732 σαρκί
1435 3665 1447 3727 ;
1468 3672 1506 3729 ²5

256 3763 318 3834 νῦν
345 3754 410 3855 μέν
436 3753 508 3859 γὰρ
536 3757 571 3863 ἐξ
602 3759 729 3861 οὐρανοῦ
759 3756 1046 3855 ιιαταθεβηκέναι
1074 3759 1168 3856 φησὶ
1198 3754 1261 3834 τόν
1289 3760 1366 3835 Τίον
1394 3759 1453 3835 τοῦ

254 3876 433 3985 νίνθραίπου·
465 3885 629 3984 φοβεῖται
657 3879 695 3959 δὲ
723 3882 781 3960 καί
807 3886 966 3960 πτοεῖται
991 3883 1049 3957 καὶ
1075 3883 1244 3979 ἁδημονεῖ
1269 3877 1361 3958 κατὰ
1387 3877 1453 3959 τόν

254 4011 317 4081 τοῦ
344 4001 481 4085 πόθους
509 3999 641 4105 καιρόν,
668 4006 725 4082 καὶ
753 4005 801 4086 ὡς
829 4001 935 4086 αὐτόν
962 4003 1089 4087 παθὼν
1113 4001 1381 4105 ἀναγέγραπται
1405 4003 1455 4086 τὰ

254 4124 345 4232 μόνη
364 4132 409 4231 τῇ
426 4126 673 4229 ἀνθρωπότητι
691 4127 873 4228 πρέποντα
891 4125 1000 4224 πάθη.

221 4248 242 4312 b

291 4399 316 4451 7.
336 4383 390 4436 καθ’
404 4401 457 4437 om.
472 4383 505 4437 B.
640 4386 665 4439 8.
685 4381 748 4456 κίεν]
762 4386 830 4440 είσίν
843 4386 875 4441 Β.
1003 4404 1043 4442 12.
1062 4388 1182 4456 παροίσω
1196 4388 1268 4442 Β.1).
1282 4387 1406 4460 [πορίσω
1424 4413 1451 4433 =

252 4454 371 4520 παροίσω
386 4452 430 4524 8.]
445 4455 567 4522 παροίσοι
582 4454 640 4517 Ed„
653 4456 699 4526 qui
712 4457 823 4527 conjecit
834 4458 994 4527 παροίσοιμι.
1146 4472 1187 4528 17.
1205 4456 1269 4512 εἶναι
1281 4470 1458 4530 assumptum

253 4541 285 4575 ex
301 4523 332 4576 B.
381 4524 448 4594 υἱὸν]
462 4525 506 4577 τὸν
518 4527 574 4578 υἱὸν
587 4524 619 4579 B.
694 4526 734 4580 18.
753 4528 832 4581 πάλιν
845 4538 1013 4598 assumptum
1027 4547 1058 4582 ex
1075 4529 1106 4582 B.
1180 4545 1223 4599 ²3·
1242 4529 1297 4583 ἐπεὶ
1310 4547 1364 4584 om.
1381 4530 1413 4585 B.
