3038 5018
149 252 151 256 ”
232 280 299 342 200
536 280 575 345 B.
599 278 807 344 οιαιοιτ
836 278 1126 345 Αιοκκμοιι.
1210 282 1230 345 i.
1245 281 1343 366 μυ.
1359 300 1435 362 1-4.

233 441 370 522 τούτων
395 445 550 553 μείζονα·
592 446 612 522 ό
640 443 711 547 γὰρ
739 447 788 524 ἑνὶ
816 444 954 552 σημείῳ
981 443 1234 543 πεπιστευκῶς,
1263 453 1340 528 πῶς
1368 446 1436 525 οὐκ

235 567 337 647 ἔσται
365 567 509 651 πάντως
536 567 594 647 διά
621 575 774 648 πολλῶν
799 571 836 647 ἐν
862 569 1058 667 ἀμείνοσιν,
1083 569 1170 648 όταν
1195 566 1239 668 δὴ
1267 568 1436 668 μάλιστα

235 693 419 796 φαίνοιντο
437 699 509 771 τῶν
527 692 595 792 ἤδη
614 693 916 790 τεθαυμασμένων
933 692 1223 799 ἀξιολογώτερο,

203 914 223 960 ο

181 1014 335 1091 5οἈμάν
357 1014 444 1092 ἀμόν
465 1016 551 1090 λὲτω
575 1013 657 1096 ὑμῖν,
679 1017 800 1096 ὄψεσθε
823 1017 880 1083 τόν
906 1018 1046 1105 οὐρανόν
1071 1019 1252 1104 ἀνεῳγότα,
1275 1019 1326 1084 καί
1354 1018 1434 1084 τοὺς

285 1140 439 1215 ἀττὲλουα
466 1147 523 1208 τοῦ
550 1142 636 1207 Θεοῦ
664 1142 898 1221 ἀναβαίνοντας
928 1144 980 1209 καί
1010 1143 1263 1223 καταβαίνοντος
1291 1145 1346 1210 ἐπὶ
1375 1145 1468 1216 τόν5

284 1263 351 1332 υίόν
378 1271 435 1331 τοῦ
463 1266 648 1356 ἀνθρώπου.

292 1465 421 1549 Κοινὸς
457 1466 526 1567 ἤδη
560 1464 650 1568 πρὸς
687 1464 824 1550 πάντας
861 1469 881 1545 ὁ
918 1467 1028 1568 λόγος
1062 1467 1334 1573 ἐπισφραγίζων
1367 1477 1436 1549 τοῦ

235 1587 439 1687 Ναθαναὴλ
457 1588 522 1689 τὴν
540 1590 675 1670 πίστιν.
712 1587 888 1691 ἀγγέλους
906 1588 944 1670 δὲ
964 1589 1195 1696 ὀφθήσεσθαι
1218 1593 1337 1692 λέγων
1355 1590 1435 1672 ἅνω

231 1743 269 1789 τε
298 1714 356 1790 καὶ
381 1712 476 1793 κάτω
502 1712 691 1817 τρέχοντας
716 1714 779 1792 ἐπὶΙ
799 1713 851 1794 τόν
868 1712 940 1794 Τίον
958 1718 1013 1793 τιό
1031 1713 1208 1821 ιἰνόριίτιυ,
1227 1714 1431 1813 τουτέστιν,

137 1893 147 1903 -
233 1836 494 1934 ὑπηρετοῦντας
522 1840 582 1916 καὶ
611 1834 900 1932 διακονουμένους
929 1845 1002 1921 τοῖς
1032 1840 1141 1917 αὑτοῦ
1175 1837 1433 1939 διατάγμασιν,
1450 1870 1488 1911 10

195 1963 280 2040 ἀείς
298 1957 364 2058 τὴν
382 1966 454 2039 τῶν
471 1958 682 2059 μελλόντων
700 1961 881 2040 πιστεύειν
896 1962 1088 2064 σωτηρίαν,
1103 1960 1182 2040 τότε
1202 1964 1246 2060 δὴ
1264 1963 1434 2060 μάλιστα

231 2087 327 2162 Θεοῦ
347 2083 439 2162 κατὰ
455 2085 569 2190 φύσιν
588 2083 759 2187 ὑπάρχων
777 2082 865 2167 Υἱὸς
883 2085 1211 2189 ἀναδειχθὴσεσθαί
1226 2093 1353 2192 φησιν.
1389 2089 1435 2166 οὐ

230 2204 303 2308 γάρ
322 2206 503 2307 ἀλλήλαις
520 2213 556 2287 αί
576 2210 719 2309 λογικαὶ
746 2207 919 2307 δυνάμεις,
939 2213 1022 2315 Θεῷ
1047 2208 1084 2288 δὲ
1108 2208 1251 2293 πάντως
1276 2209 1432 2290 δουλεύ-

229 2363 343 2411 ουσιν.
389 2333 453 2412 οὐκ
481 2334 617 2433 ἀναιρεῖ
639 2329 676 2411 δέ
702 2332 721 2408 ὁ
747 2328 857 2433 λόγος
881 2330 947 2430 τὴν
972 2334 1009 2410 έν
1031 2332 1200 2435 ἀγγέλοις
1228 2332 1429 2436 ὑποταγῆν·

230 2453 310 2534 οὐδὲ
335 2453 405 2556 γάρ
430 2453 476 2533 ἀν
499 2454 656 2556 εὐλόγως
680 2463 785 2534 τοῦτο
810 2462 956 2534 καλοῖτο
981 2457 1137 2536 δουλεία·
1167 2457 1369 2557 ἀκηκόαμεν
1393 2457 1434 2538 δέ
1451 2493 1487 2549 ι5

59 2583 184 2702 W&
230 2576 288 2657 διά
315 2585 387 2657 τῶν
410 2580 522 2680 ἁγίων
542 2579 824 2679 Εὐαγγελιστῶν
844 2577 965 2679 ότιπερ
983 2589 1004 2625 “
1018 2579 1167 2686 ἄγγελοι
1193 2582 1433 2682 προσῆλθον”

88 2688 94 2702 ’
139 2689 146 2703 ’
229 2704 281 2810 τῷ
300 2706 440 2803 Σωτῆρι
459 2707 612 2808 Χριστῷ
632 2712 653 2749 “
667 2703 724 2780 καὶ
743 2700 927 2800 διηκόνουν
946 2703 1077 2809 αὐτῷ.”

200 2878 218 2922 ε

62 3027 139 3106 Κεφ.
155 3022 199 3105 β’.
232 3021 289 3086 Καί
316 3027 355 3113 τῇ
383 3022 489 3112 ἡμέρη
515 3026 555 3112 τῇ
584 3020 675 3110 τρίτη
704 3021 804 3095 τάμοι
831 3020 961 3095 ὲτὲνετο
989 3022 1023 3086 ἐν
1048 3020 1133 3113 Κανᾷ
1161 3028 1217 3086 Tne
1244 3019 1435 3105 Γαλιλαίας,

197 3174 213 3212 2
280 3147 333 3212 καί
363 3143 401 3212 νίν
430 3148 449 3213 εί
479 3147 586 3234 μιίτιιρ
615 3150 672 3211 τοῦ
696 3146 804 3212 Ἰασοῦ
835 3142 912 3212 ἐκεῖ.
956 3147 1079 3212 ὲκλιίθιι
1111 3146 1147 3213 δὲ
1180 3146 1232 3211 καί
1260 3147 1436 3215 όἸιισοῦα

197 3301 214 3356 3
281 3273 333 3337 καί
360 3271 390 3338 οἰ
418 3271 559 3348 μαθηταί
584 3273 682 3336 αὐτοῦ
708 3269 755 3336 εἰσ
780 3271 836 3336 τόν
864 3272 974 3351 τόμον,
999 3271 1050 3337 καί
1076 3272 1313 3361 ὑστερήσαντος
1338 3268 1435 3339 οἴνου
1451 3295 1488 3336 20

196 3420 214 3473 4
280 3398 366 3469 λέτει
395 3399 413 3459 c·
439 3398 546 3483 μιίτιιρ
573 3402 630 3461 τοῦ
651 3397 759 3462 Ἰιιαοῦ
786 3397 868 3483 πρόι
894 3397 992 3463 αὐτόν
1018 3390 1114 3463 Οἶνον
1138 3396 1196 3462 οὐκ
1224 3397 1339 3483 ἔχουσι·
1378 3401 1435 3465 καί

281 3523 367 3595 λέγει
395 3521 477 3611 αὐτῇ
504 3523 679 3588 όἸκσοῡι.

286 3717 514 3824 Εὐαφόρμως
540 3717 678 3822 ἔρχεται
704 3717 832 3798 λοιπὸν
852 3721 908 3799 ἐπὶ
933 3718 998 3811 τὴν
1019 3725 1092 3798 τῶν
1117 3723 1275 3818 σημείων
1298 3722 1431 3826 ἀρχὴν,

227 3846 256 3920 εί
275 3848 333 3920 καὶ
352 3840 565 3940 ἀβουλήτως
583 3839 693 3921 ε’δόκει
718 3849 908 3922 καλεῖσθαι
933 3841 1024 3945 πρός
1050 3844 1169 3942 αι’ντήν·
1198 3844 1435 3946 πανηγύρεως

226 3963 298 4068 γὰρ
320 3970 385 4066 τῆς
408 3968 466 4046 ἐπὶ
491 3965 597 4072 γαίμκρ
621 3967 848 4065 τελουμένης,
872 3970 983 4064 δῆλον
1002 3964 1040 4046 δέ
1066 3965 1181 4065 δι’γπον
1205 3968 1350 4050 πάντως
1375 3967 1433 4049 ότι
1448 4001 1488 4058 τ5

225 4097 380 4188 σεμνῶς,
400 4088 554 4193 πάρεστι
579 4087 642 4188 μέν
667 4097 730 4167 τοῦ
756 4094 923 4192 Σωτῆρος
951 4089 974 4188 ἡ
1003 4087 1131 4191 μήτηρ,
1151 4092 1365 4190 κεκλημένος
1392 4092 1435 4174 δὲ

57 4237 168 4294 13η
195 4218 285 4293 ακαὶ
314 4211 419 4298 αὐτὸς
447 4220 520 4296 τοῖς
548 4215 681 4295 οἰκείοις
710 4218 978 4319 σνναφικνεῑται
1005 4219 1180 4311 μαθηταῖς
1204 4219 1434 4319 θαυματουρ-

265 4458 304 4495 ιι.
324 4442 457 4497 κάντεῦθεν
469 4461 517 4513 pro
529 4446 586 4498 τότε
600 4444 630 4512 δὴ
643 4461 667 4496 α.
680 4442 763 4496 invito
777 4440 859 4496 Cord.
978 4443 1019 4496 18.
1039 4443 1192 4513 Γαλιλαίας]
1208 4444 1302 4498 Cetera
1314 4463 1369 4499 om.
1385 4446 1432 4513 B„

226 4512 266 4563 καί
279 4514 310 4565 τά
322 4513 381 4581 ίξῆς
394 4514 520 4567 εετὶόεηε.
630 4513 672 4567 26.
692 4516 792 4583 σεμνός
802 4513 850 4582 μίν
861 4514 972 4582 πάρεστι
988 4512 1019 4566 Β.
