3038 5018
95 3436 176 3484 Exod.

94 3517 137 3551 xx.
151 3514 204 3565 2-5.

261 304 325 366 618
564 303 603 368 B.
627 300 832 366 CYRILLI
862 296 1152 365 ALEXANDR.
1360 290 1464 367 vii.'24

261 470 529 570 μεταβάλλοιτο
555 469 705 571 θεωρίαν
727 467 773 547 τά
797 465 1000 571 παχύτερόν
1019 499 1095 549 πως
1120 469 1200 547 τοῖς
1229 455 1466 565 ἀρχαιοτέρας

262 592 527 692 διατεταγμένα.
1005 606 1010 613 ‘

317 716 463 815 Ἐπειδὴ
490 715 527 796 δὲ
551 715 654 822 ἅπαξ
676 718 696 795 ὁ
721 713 832 815 λόγος
857 715 943 815 ἡμῖν
966 720 1014 797 εἷς
1039 711 1103 811 τήν
1121 713 1181 792 ἐπὶ
1208 714 1267 817 τῷ
1292 706 1467 812 σαββάτῳ

261 842 321 919 καὶ
357 846 402 947 τῇ
439 845 615 943 περιτομῇ
647 838 861 943 κατεῤῥάηκε
893 835 1047 938 μνήμην,
1075 832 1172 936 οἶμαι
1207 833 1258 934 δὴ
1290 829 1468 914 πάλινοά

260 971 360 1062 μεῖον
378 966 549 1044 εἰσοίσειν
564 963 654 1068 ἤπερ
674 965 742 1043 ἔδει
758 959 800 1042 τό
818 962 940 1064 κε’ρδος
959 968 1069 1069 τῷγε
1086 960 1183 1043 ὅλως
1204 952 1487 1066 φιλομαθεζτδὲ

261 1092 419 1168 συνιδεῖν
444 1091 611 1190 ἀκριβῶς,
636 1097 701 1167 τοῦ
727 1087 793 1186 μὲν
818 1084 864 1166 ἀν
887 1086 939 1187 εἴη
966 1081 1187 1186 σημαντικός
1219 1084 1242 1161 ὁ
1272 1084 1315 1161 ἐν
1344 1076 1470 1181 ἑβδόμη

262 1210 533 1310 σαββατισμὸς,
551 1211 589 1291 τί
610 1211 644 1291 δ’
666 1212 712 1291 αὖ
737 1209 779 1290 τὸ
805 1208 1093 1310 ὑποδηλοιίμενον
1115 1204 1174 1285 διά
1199 1209 1269 1305 τῆς
1302 1208 1345 1285 ἐν
1370 1201 1471 1306 ὀγδόη

232 1342 466 1439 οπεριτομῆς,
485 1337 535 1415 ε”τι
553 1370 591 1415 τε
610 1334 700 1438 πρὸς
719 1334 834 1442 τούτῳ
852 1332 894 1414 τὸ
912 1338 1038 1431 μαθεῖν
1056 1335 1114 1413 καὶ
1137 1329 1199 1410 διὰ
1223 1330 1347 1410 ποίαν
1365 1327 1471 1407 αἰτίαν

262 1460 477 1563 ἡπεριτομή
497 1464 555 1538 καὶ
574 1463 611 1539 ἐν
629 1461 725 1566 αὐτῷ
750 1457 974 1556 λαμβάνεται
999 1463 1051 1564 τῷ
1073 1453 1274 1560 σαββάτῳ,
1295 1457 1369 1552 τῆς
1389 1448 1470 1531 κατά

262 1585 372 1681 νόμον
392 1583 518 1686 ἀργίας
546 1584 609 1662 οὐκ
637 1579 845 1686 ἀνεχομένη·
876 1581 941 1661 τὸν
958 1580 997 1661 δὲ
1024 1582 1079 1685 ἐφ’
1100 1575 1249 1684 ἑκάστῳ
1278 1574 1414 1679 λόγον,
1430 1578 1502 1659 οἰςῐβ

261 1707 307 1786 ἂν
332 1707 404 1790 οἷός
429 1741 467 1786 τε
493 1704 532 1803 ὦ,
557 1706 899 1810 διευκρινησάμενος,
923 1709 1029 1809 σαφῆ
1053 1707 1205 1803 ποιῆσαι
1231 1699 1466 1803 πειράσομαι,

261 1833 489 1933 προκείσεται
518 1831 555 1910 δὲ
583 1838 725 1933 πρῶτος
753 1832 837 1930 ἡμῖν
863 1832 883 1909 ὁ
911 1831 992 1931 περὶ
1020 1832 1083 1928 τῆς
1109 1825 1285 1924 ἑβδόμης,
1306 1825 1393 1924 ἤτοι
1414 1829 1468 1903 τοῦ

261 1954 466 2050 σαββάτου,
482 1956 540 2033 καὶ
558 1958 622 2052 τῆς
641 1954 767 2056 ἀργίας
785 1958 849 2052 τῆς
866 1956 905 2032 ἐν
923 1953 1031 2059 αὐτῷ.
1059 1951 1151 2030 οὕτω
1168 1947 1247 2052 γὰρ
1264 1947 1316 2028 ἂν
1337 1948 1467 2049 γε’νοιτν

262 2083 319 2159 καὶ
345 2086 417 2158 τῶν
436 2077 566 2185 ἐφεξῆς
585 2076 870 2179 πρεπωδεστάτη
890 2076 974 2156 λίαν
991 2077 1014 2176 ἡ
1032 2073 1208 2171 βάσανος.
1249 2074 1391 2153 οὐκοῦν
1408 2071 1465 2170 ἤδη

261 2201 325 2282 τὸν
349 2209 495 2305 πρῶτον
516 2203 569 2281 ἐπ’
591 2202 687 2308 αὐτῷ
711 2202 939 2305 διορισθέντα
963 2199 1084 2300 νόμον,
1103 2198 1202 2280 ὅπως
1231 2230 1272 2276 τε
1305 2201 1371 2277 καὶ
1397 2196 1465 2275 τίνα
1475 2224 1497 2279 15

261 2324 397 2427 τρόπον
416 2327 494 2431 ἔφυ,
514 2322 737 2428 ζητήσωμεν.

228 2460 250 2524 d
317 2448 464 2546 Ἐπειδὴ
483 2448 555 2550 γάρ
574 2451 637 2546 τῆς
655 2451 693 2527 ἐν
706 2447 878 2555 Αἰγύπτῳ
898 2447 1059 2532 δουλείας
1075 2446 1139 2527 τὸν
1150 2444 1320 2549 Ἰσραήλ
1339 2439 1464 2552 ἐξελδν

261 2572 353 2674 πρὸς
374 2571 440 2670 τὴν
458 2572 594 2651 ἀνωθέν
613 2606 651 2651 τε
677 2574 734 2651 καὶ
761 2573 913 2676 ἀρχαίαν
929 2571 1130 2674 ἐλευθερίαν
1147 2569 1271 2650 ε’κάλει
1294 2569 1395 2652 Θεὸς
1416 2563 1462 2646 δά

261 2704 325 2775 τοῦ
355 2694 550 2802 πανσόφου
582 2695 781 2793 Μωυσέως,
810 2699 867 2775 καὶ
901 2696 959 2775 διὰ
989 2695 1103 2796 με’σης
1135 2693 1345 2794 θαλάσσης
1376 2692 1461 2799 ξηρῷ

262 2817 397 2920 τρόπον
416 2817 495 2897 τινὰ
514 2824 571 2898 καὶ
597 2819 746 2925 ἀβρόχῳ
770 2822 854 2899 ποδὶ
878 2816 1092 2926 παραδόξως
1113 2814 1309 2917 διενεγκὼν
1329 2820 1389 2898 ε’πὶ
1407 2812 1493 2912 τὴνιο

261 2946 325 3040 τῆς
350 2945 567 3044 ἐπαγγελίας
594 2942 800 3042 ἐπείγεσθαι
825 2948 895 3043 γῆν
918 2942 1142 3023 διεκελεύετο·
1183 2940 1325 3021 λοιπὸν
1354 2945 1458 3038 ἀνάγ·

261 3068 369 3152 καίως
404 3062 737 3172 προαφαγνίζεσθαι
774 3064 909 3168 τρόπον
945 3065 1026 3147 τινά
1062 3069 1120 3147 καὶ
1152 3065 1463 3168 προκαθαίρεσθαι

262 3189 485 3291 προσεθίζων
503 3187 639 3285 αὐτοὺς,
660 3188 849 3268 συνεκάλει
874 3185 937 3286 μὲν
957 3194 1004 3271 εἷς
1030 3188 1226 3290 ἐκκλησίαν
1249 3189 1290 3267 ἐν
1316 3194 1373 3296 τῷ
1400 3186 1464 3289 ὄρει

233 3318 365 3418 0qu?
407 3317 444 3390 ἐν
472 3310 585 3412 πυρὸς
613 3310 650 3389 δὲ
681 3312 762 3391 εἴδει
792 3313 1061 3414 καταφοιτήσας
1089 3314 1141 3393 ἐπ’
1168 3310 1269 3408 αὐτὸ,
1301 3311 1353 3391 τὰ
1381 3309 1465 3413 πρὸς

263 3437 446 3535 σωτηρίαν
465 3435 662 3530 ἐνομοθέτει
688 3436 808 3536 λε’γων
828 3448 849 3482 “
862 3436 961 3537 Ἐγιό
980 3444 1049 3534 εἰμι
1070 3435 1200 3540 Κύριος
1218 3437 1240 3515 ό
1261 3436 1365 3521 Θεός
1384 3471 1464 3531 σου,
1476 3457 1500 3515 ²5

264 3568 284 3602 “
306 3556 323 3585 θ
433 3561 441 3583 )
477 3554 487 3581 s
575 3556 584 3579 Ι
669 3561 677 3584 >
747 3565 763 3581 ⁶
841 3565 848 3588 ἱ
889 3561 898 3584 Ι
1030 3564 1038 3586 2
1100 3561 1116 3590 ν
1316 3561 1326 3589 Ι
1438 3561 1447 3584 2

304 3592 406 3640 οστις
424 3555 578 3660 εξηγαγε
597 3592 642 3635 σε
660 3593 697 3637 εκ
716 3594 782 3660 γης
802 3567 1001 3660 Αιγυπτον,
1020 3560 1065 3666 εξ
1080 3595 1176 3640 οικον
1194 3562 1379 3643 δουλειας·
1410 3593 1467 3640 ουκ

263 3691 284 3729 “
303 3681 450 3761 ἔσονταί
475 3716 536 3760 σοι
564 3684 636 3760 θεοί
665 3681 775 3782 ἕτεροι
804 3681 903 3782 πλὴν
926 3687 1021 3780 ἐμοῦ.
1062 3686 1103 3763 οὐ
1130 3679 1296 3782 ποιήσεις
1328 3687 1468 3788 σεαυτῷ

263 3814 283 3851 “
303 3804 461 3901 εἴδωλον,
490 3803 570 3883 οὐδὲ
598 3811 671 3882 πᾶν
698 3805 870 3902 ὁμοίωμα,
897 3805 969 3885 ὅσα
996 3809 1033 3885 ε’ν
1057 3809 1108 3913 τῷ
1135 3808 1274 3913 οὐρανῷ
1306 3808 1386 3887 ἅνω
1416 3810 1468 3886 καὶ

262 3941 283 3977 “
303 3929 375 4007 ὅσα
401 3932 438 4007 ἐν
457 3933 502 4032 τῇ
530 3934 578 4032 γῇ
604 3926 700 4006 κάτω
727 3930 785 4006 καὶ
811 3928 884 4008 ὅσα
906 3933 943 4010 ἐν
961 3937 1033 4013 τοῖς
1059 3931 1186 4009 ὕδασιν
1205 3931 1385 4012 ὑποκάτω
1411 3936 1469 4030 τῆς

262 4062 284 4098 “
303 4057 380 4153 γῆς.
413 4055 455 4130 οὐ
473 4051 738 4154 προσκυνήσεις
758 4053 876 4135 αὐτοῖς
896 4057 954 4132 καὶ
972 4054 1014 4132 οὑ
1030 4051 1080 4153 μὴ
1100 4050 1313 4156 λατρεύσεις
1335 4059 1467 4141 αὐτοῖς·
1479 4082 1504 4141 ³⁰

262 4185 283 4219 ‘⁴
302 4174 372 4275 ἐγὼ
393 4174 462 4276 γάρ
482 4180 552 4272 εἶμι
573 4172 705 4275 Κύριος
724 4176 744 4254 ὁ
765 4176 857 4258 Θεός
875 4211 955 4274 σου,
972 4175 1064 4261 Θεὸς
1083 4174 1275 4278 ζηλωτής.”
1309 4181 1384 4261 ἔδει
1402 4179 1469 4285 γάρ

299 4401 341 4438 22.
360 4386 603 4474 προαφαγνίζεσθαι
618 4385 688 4441 BD.
701 4388 925 4469 προσφανίζεσθαι
939 4388 989 4443 Ed.
1098 4390 1141 4444 28.
1159 4392 1211 4444 πᾶν
1223 4389 1277 4444 Ed.
1293 4393 1356 4482 (15.
1371 4414 1415 4468 25.
1429 4413 1469 4465 59.

262 4454 305 4520 64.
321 4456 377 4525 76.)
390 4479 492 4511 παντως
504 4466 550 4510 aut
561 4458 656 4512 παντὸς
672 4457 703 4511 B.
717 4458 751 4513 cf.
765 4476 793 4511 m
806 4476 841 4512 ιιι
855 4458 954 4529 Proph.
967 4477 1002 4531 99
1015 4478 1038 4515 e.
1204 4473 1249 4532 31.
1268 4484 1325 4534 γαρ
1339 4468 1419 4537 prius
1431 4486 1470 4523 ιε·

262 4535 400 4568 mmm„
413 4542 446 4581 ex
460 4525 493 4580 B.
