3038 5018
60 288 127 376 i.9,
142 309 192 356 10.
254 289 311 355 IN
341 289 375 354 S.
399 288 656 354 JOANNEM.
700 289 795 356 LIB.
818 290 847 356 1.
892 290 994 356 cAP.
1018 291 1080 357 IX.
1197 295 1260 360 117

68 483 208 551 ΙἸδννοιαι
221 485 288 567 ήτοι
302 484 477 568 θεωρήματα
492 484 759 569 συμπεπλεγμένον
773 486 821 551 καῖ
836 485 990 570 σχήματος
1004 493 1247 571 σνλλογιστικοΰ.

116 665 152 710 α.
185 637 230 712 Ei
260 636 324 732 τῆς
340 638 427 712 ιτῶν
454 629 637 730 σωμάτων
665 637 889 732 κατασκευῆς
920 632 943 732 ἡ
974 640 1039 713 τοῦ
1070 631 1293 736 ἀνθρώπουὶ)

59 753 328 862 προϋφεστήκει
352 752 467 860 ψυχή,
490 756 722 834 ἀποκλίνασα
746 751 785 835 δέ
809 753 901 859 πρὸς
925 753 968 835 τό
993 760 1146 861 φαῦλον,
1168 752 1260 834 κατιῖ

60 876 124 961 τὰς
151 885 258 957 τινῶν
284 879 461 974 ὑπονοίας,
487 879 642 958 κόλασιν
668 878 739 984 ἕχει
766 887 830 959 τοῦ
857 876 1167 979 πλημμελήματος
1194 877 1261 979 τὴν

27 1005 109 1084 5εῖς
136 999 259 1104 σάρκα
286 999 450 1100 κάθοδον,
476 1008 554 1086 πῶς
585 999 663 1081 εῖπέ
688 1035 750 1101 μοι
777 1000 998 1110 φωτίζεσθαί
1020 1010 1136 1109 φησιν
1164 1005 1257 1111 ἔρχι·

59 1123 165 1230 μένην
197 1121 307 1223 αὐτὴν
342 1133 388 1211 εἰς
422 1128 474 1205 τόν
508 1123 633 1230 κόσμον
665 1125 685 1204 ό
722 1123 999 1228 Εὔαγγελιστής
1012 1159 1023 1223 ;
1066 1125 1150 1225 τιμὴ
1187 1123 1259 1230 γάρ

60 1243 157 1342 οῖμαι
175 1246 217 1327 τὸ
241 1246 393 1351 πρᾶγμά
417 1250 497 1327 ἐστι
521 1251 579 1327 καὶ
603 1246 839 1353 χαρισμάτων
856 1247 1048 1351 προσθήκη
1066 1257 1256 1353 λαμπρῶν·

60 1369 244 1473 κολάζεται
278 1372 321 1450 δέ
352 1407 406 1456 τις
441 1373 482 1450 οὐ
513 1369 719 1470 τιμώμενος,
752 1369 832 1451 οὐδὲ
870 1379 1070 1475 τιμωρεῖται
1107 1374 1258 1478 μέτοχος

60 1494 165 1573 θείων
188 1494 477 1592 ἀναδεικνύμενος
502 1496 659 1597 ἀγαθῶν,
682 1492 783 1574 ἀλλά
806 1502 881 1579 τοῖς
905 1495 950 1602 ἐξ
972 1497 1081 1597 ὀργῆς
1104 1500 1169 1596 τῆς
1193 1506 1258 1577 τοῦ

10 1643 46 1683 ¹0
60 1616 271 1721 κολάζοντος
295 1621 443 1716 ὁμιλῶν.
484 1616 603 1718 ἐπειδὴ
632 1616 670 1698 δὲ
698 1618 761 1697 οὐκ
788 1619 826 1696 έν
850 1617 989 1702 τούτοις
1016 1619 1187 1725 ἐρχόμενος
1212 1629 1288 1706 εῖςο

58 1737 110 1821 τάν
132 1742 293 1845 κίτμινὸ
316 1740 492 1845 ἄνθρωπος,
510 1743 594 1821 ἀλλ’
617 1744 656 1822 ἐκ
684 1748 756 1821 τῶν
779 1741 947 1821 ἐναντίων
968 1745 1026 1820 καῖ
1054 1743 1255 1848 φωτίζεται,

58 1861 244 1967 πρόδηλον
269 1862 383 1964 δήπου
411 1862 551 1961 λοιπόν,
574 1865 696 1969 ὅτιπερ
726 1866 768 1944 οὐ
797 1864 953 1945 κόλασιν
977 1865 1048 1969 ἕχει
1075 1864 1141 1964 τήν
1166 1867 1258 1970 σάρ-

59 2021 173 2067 κωσιν
191 1989 211 2066 ό
229 1985 320 2086 μετά
337 1987 473 2091 σαρκὸς
491 1988 696 2087 τιμώμενος.

115 2120 155 2207 β.
186 2141 287 2187 Anno.
317 2117 361 2190 Εῖ
387 2109 458 2216 πρὸ
483 2121 547 2192 τοῦ
571 2111 741 2211 σώματος
765 2111 787 2211 ή
813 2108 917 2216 ψυχὴ
943 2119 1024 2195 νοῦς
1049 2109 1094 2211 ἦν
1112 2112 1163 2192 ἔτι
1188 2146 1255 2192 κα-

10 2248 44 2308 Ι5
59 2232 168 2337 θαρός
205 2238 242 2313 ἐν
278 2234 511 2337 μακαριότητι
547 2238 731 2335 διατελῶν,
769 2235 967 2317 ἀποκλίνας
1007 2234 1045 2315 δέ
1089 2233 1180 2337 πρὸς
1217 2235 1258 2315 τὸ

58 2363 203 2463 φαῦλον
223 2359 347 2457 ἀπέβη,
367 2362 424 2438 καὶ
450 2357 509 2438 διὰ
533 2368 640 2439 τοῦτο
665 2361 702 2438 έν
720 2360 829 2461 σαρκῖ
847 2358 985 2459 γέγονε,
1005 2365 1083 2443 πῶς
1101 2360 1254 2464 εῖσιρχί·

56 2517 153 2586 μενος
179 2489 225 2567 εἰς
248 2482 300 2561 τόν
325 2485 448 2589 κόσμον
470 2484 681 2592 φωτίζεταις
723 2480 862 2585 ἀνάγκη
888 2479 960 2584 γὰρ
986 2481 1104 2584 λέγειν
1129 2481 1260 2584 ἔρημον

58 2601 144 2685 εῖναι
163 2603 285 2712 φωτὸς
301 2608 387 2709 πρὶν
404 2607 522 2685 ἐλθεῖν
540 2602 659 2685 αὐτόν·
689 2611 719 2685 εῖ
744 2605 782 2685 δὲ
806 2614 922 2702 τοῦτο,
941 2611 1018 2692 πῶς
1042 2603 1086 2706 ἦν
1105 2605 1156 2684 ἔτι
1178 2612 1259 2687 νοῦς

58 2727 213 2831 καθαρὸς
239 2729 259 2807 ὁ
283 2726 362 2807 τότε
387 2724 494 2827 μόλις
518 2727 610 2833 έχων
632 2736 696 2808 τοῦ
721 2728 937 2834 φωτίζεσθαι
963 2727 1028 2827 τήν
1050 2724 1177 2834 ἀρχὴν,
1199 2728 1292 2808 ότεᾶ

10 2873 46 2915 ²0
58 2853 118 2929 καὶ
137 2859 182 2936 εἰς
202 2853 254 2931 τόν
275 2853 399 2955 κόσμον
418 2850 568 2955 ἔρχεται,
589 2853 648 2929 καὶ
665 2853 707 2930 οὐ
726 2851 809 2955 δίχα
827 2850 989 2955 σαρκός;

115 3010 150 3076 γ.
178 3002 280 3051 mmo,
309 2980 354 3053 Εῖ
371 2971 640 3080 προϋφεστήκει
658 2981 723 3054 τοῦ
740 2973 911 3073 σώματος
934 2975 957 3074 ἡ
980 2982 1043 3053 τοῦ
1068 2973 1259 3077 ἀνθρώπου

56 3094 173 3204 ψυχὴ,
195 3102 254 3177 καῖ
281 3107 361 3181 νοῦς
389 3098 547 3201 ὑπῆρχεν
569 3096 621 3176 έτι
648 3097 707 3177 διὰ
733 3106 839 3177 τοῦτο
866 3095 1032 3201 καθαρὸς,
1050 3096 1259 3201 οῖκειότερον

56 3227 103 3326 τῇ
121 3228 194 3301 τῶν
213 3225 359 3321 ἀγαθῶν
378 3220 501 3326 έφέσει
519 3222 787 3321 προσκείμενος,
808 3223 846 3300 ἐκ
871 3225 1105 3324 παρατροπῆς
1132 3221 1171 3301 δὲ
1195 3226 1259 3321 τῆς

57 3348 115 3425 ε’πῖ
139 3343 182 3425 τό
207 3351 324 3448 χεῖρον
343 3350 391 3428 εῖς
416 3342 458 3424 τό
484 3349 613 3446 γεῶδες
637 3344 813 3444 πέμπεται
832 3350 951 3443 σῶμα,
971 3349 1028 3424 καῖ
1047 3343 1204 3446 γεγονὼς
1221 3346 1258 3425 έν

10 3487 43 3550 ²5
58 3469 154 3576 αὐτῷ
181 3465 223 3546 τό
246 3467 369 3567 μηκέτι
393 3467 595 3561 βούλεσθαι
619 3475 847 3570 πλημμελεῖν
868 3471 1075 3565 ἀπαιτεῖται,
1091 3474 1169 3554 πῶς
1195 3469 1259 3548 οὐκ

58 3593 226 3671 ἀδικεῖται
243 3591 293 3690 μή
318 3589 399 3671 τότε
425 3591 590 3689 μάλιστα
612 3599 719 3671 τοῦτο
743 3598 857 3671 ποιεῖν
873 3593 1179 3695 ἐπιτετραμμένος,
1199 3591 1287 3671 ότεο

58 3713 103 3813 δὴ
131 3718 188 3794 καὶ
216 3723 362 3815 μᾶλλον
387 3717 543 3819 ὑπῆρχεν
569 3713 788 3818 ἑτοιμότερος
816 3721 865 3799 εῖς
891 3714 1030 3816 ἀρετὴν,
1057 3718 1156 3796 οὔπω
1183 3722 1257 3799 τοῖς

58 3836 221 3918 ἀπὸτοῦ
249 3838 420 3938 σώματος
447 3837 665 3934 ἐνδεδεμένος
692 3846 822 3934 κακοῖς,
848 3839 932 3916 ἀλλ’
961 3836 1020 3917 ὅτε
1047 3838 1195 3938 γέγονεν
1219 3839 1257 3916 έν

59 3962 217 4042 θολιόσει
234 3966 297 4062 τῆς
316 3962 501 4066 ἁμαρτίας,
520 3958 600 4041 τότε
619 3969 724 4041 τοῦτο
742 3967 855 4042 ποιεῖν
873 3962 938 4040 οὐκ
956 3961 1122 4063 εὐκαίρως
1145 3963 1258 4062 ἀναγ-

98 4180 121 4217 1.
140 4162 274 4233 σχήματος
286 4173 347 4218 ante
358 4161 591 4235 συμπεπλεγμένου
602 4167 677 4218 trans
699 4203 705 4217 .
720 4163 824 4233 Migne.
930 4179 957 4232 9.
975 4164 1021 4230 τῆς
1032 4164 1077 4215 τοῦ
1090 4159 1257 4234 κολάζοντος]

59 4235 212 4300 κολάζοντος
223 4237 279 4290 ταῖς
290 4233 381 4288 τούτου
395 4235 428 4288 Β.
552 4251 593 4288 10.
611 4237 626 4287 ό
684 4254 771 4301 ρωπος
783 4233 819 4288 εῖς
830 4234 876 4287 τόν
888 4233 986 4301 κόσμον
998 4233 1104 4286 inverso
1118 4231 1211 4286 ordine
1224 4232 1257 4286 B.

62 4321 104 4358 11.
123 4303 164 4358 καῖ
176 4314 345 4375 assumptum
357 4322 389 4358 ex
403 4304 435 4358 B.
536 4304 577 4359 16.
596 4304 624 4358 ἐν
636 4304 714 4374 σαρκὶ
725 4304 768 4357 διὰ
779 4307 856 4356 τοῦτο
868 4303 973 4357 inverso
985 4302 1078 4357 ordine
1092 4302 1124 4356 B.
1172 4302 1259 4427 ‹latfi-

57 4377 168 4445 χόμενος
182 4373 213 4428 Β.
227 4375 367 4445 ἐρχόμενος
379 4374 430 4429 Ed.
705 4390 747 4428 21.
764 4378 811 4428 τοῦ
823 4373 958 4445 ἀνθρώπου
971 4372 985 4443 ή
998 4374 1104 4427 inverso
1116 4373 1210 4428 ordine
1249 4413 1257 4429 .

60 4461 103 4499 22.
121 4445 292 4515 καθαρότερος
305 4445 338 4499 Β.
477 4445 520 4499 26.
538 4441 657 4571 μήτότεέ
671 4442 770 4513 μήποτε
783 4445 816 4499 Β.
953 4445 996 4500 28.
1015 4444 1176 4514 ἐνδεδεμένος
1188 4443 1257 4499 RE·

58 4521 78 4545 “
86 4515 211 4587 alligata'’
224 4516 356 4588 Georgius
367 4516 571 4587 Trapezuntius.
584 4515 640 4570 ι’νδι
656 4515 747 4585 σμένος
760 4516 797 4571 Ι).
810 4514 862 4570 Ed.
