3038 5018
240 275 283 338 86
539 276 579 342 Β.
603 277 815 342 OYRILLI
844 276 1134 341 ALEXANDR.
1371 275 1392 337 i.
1406 287 1437 356 5.

240 436 369 544 έχοντα
393 443 451 521 καὶ
476 441 567 522 αὐτοὶ
591 442 633 524 τὸ
657 439 745 524 εἶναι
771 440 813 522 τὸ
836 449 926 549 φῶς,
948 441 1074 546 ὥσπερ
1098 442 1161 522 οὖν
1184 440 1308 541 ἀμέλει
1334 441 1393 519 καὶ
1418 440 1438 518 6

210 559 329 647 θΥίδς
347 559 435 644 εἶναι
453 566 492 644 ἐν
509 566 669 663 εἀντοῖς;
697 565 798 647 ἀλλά
815 563 937 672 χρῄζει
954 575 1018 648 τοῦ
1036 562 1252 674 φωτίζοντος
1269 564 1292 663 ἡ
1311 565 1438 661 κτίσις,

241 684 378 766 οἴκοθεν
402 688 466 767 οὐκ
493 686 630 794 ε”χονσα
656 698 774 770 τοῦτο.
827 688 921 776 Θεὸς
947 690 1019 794 ἀρα
1046 687 1137 770 κατὰ
1165 688 1280 795 φύσιν
1299 689 1319 768 6
1339 687 1437 785 Υἱὸς,

240 810 300 888 καὶ
327 807 387 889 διὰ
412 817 518 891 τοῦτο
546 818 636 918 φῶς,
665 816 714 897 ὡς
740 811 787 894 τά
814 810 935 919 φωτὸς
963 812 1112 914 δεόμενα
1139 808 1304 919 φωτίζειν
1332 809 1438 891 δννά-

149 919 153 928 ’
240 966 357 1032 μενος.
1450 953 1469 1012 5

297 1088 398 1138 κκκο.
428 1062 512 1142 Φῶς
538 1059 631 1139 κατά
657 1059 772 1166 φύσιν
799 1057 971 1164 ὑπάρχων
996 1058 1016 1137 6
1043 1056 1141 1158 Υἱὸς,
1162 1056 1186 1159 ἢ
1215 1054 1333 1162 ἕτερός
1359 1060 1439 1137 ε’στι

240 1180 339 1285 παρὰ
370 1181 438 1282 τὴν
468 1184 600 1280 κτίσιν,
629 1187 741 1283 δῆλον
773 1182 812 1263 δὲ
846 1181 901 1263 ὅτι
931 1179 1023 1262 κατά
1054 1179 1117 1260 τὸν
1147 1190 1212 1261 τοῦ
1242 1187 1320 1266 πῶς
1350 1176 1439 1260 εἶναι

240 1301 364 1407 λόγον,
398 1301 422 1405 ἢ
460 1305 623 1413 ὁμοφνὴς
656 1307 758 1411 αὐτῇ.
811 1311 840 1385 εί
875 1304 941 1405 μέν
973 1305 1037 1384 οὖν
1066 1303 1238 1406 ὁμογενής
1269 1306 1349 1383 ε’στι
1380 1305 1439 1382 καὶ

71 1427 144 1557 {2¹¹¹
151 1444 194 1480 ¹¹¹·
241 1425 442 1527 ὃμοοιίσιος,
460 1426 586 1529 μάτην,
605 1432 654 1513 ὡς
680 1429 801 1527 ἔοικεν,
820 1429 905 1529 ἡμῖν
927 1427 1142 1534 ε’πεφοίτησε
1167 1427 1286 1529 λέγων
1303 1437 1326 1474 “
1339 1424 1438 1528 Ἐγὼ

241 1559 263 1598 “
281 1556 359 1658 φῶς
382 1556 431 1636 εἷς
453 1551 518 1630 τὸν
535 1549 676 1650 κόσμον
693 1550 889 1652 ε’λήλνθα·”
918 1550 989 1656 ἔχει
1015 1548 1089 1653 γάρ
1113 1549 1137 1648 ἡ
1162 1549 1279 1632 κτίσις
1302 1548 1439 1629 οἴκοθεν
1454 1578 1491 1617 10

240 1669 283 1754 τδ
300 1679 379 1780 φῶς
397 1670 485 1754 εἶναι
503 1676 563 1754 καὶ
585 1674 687 1775 αὐτή·
718 1680 798 1782 φῶς
822 1671 860 1754 δὲ
883 1671 1005 1779 φωτὸς
1028 1673 1214 1778 ἀμέτοχον,
1232 1673 1291 1752 ἵνα
1317 1675 1439 1771 νοῆται

72 1819 118 1873 58
128 1816 169 1871 A.
209 1804 329 1903 ιφῶς·
371 1803 400 1877 εί
429 1796 467 1878 δέ
494 1799 558 1877 οὐκ
585 1797 686 1877 ἔστιν
714 1796 887 1903 ὁμοφνὴς,
915 1801 1025 1876 δεῖται
1053 1796 1091 1877 δὲ
1119 1794 1240 1904 φωτὸς
1267 1797 1290 1896 ἡ
1322 1797 1439 1880 κτίσις

75 1909 1100 1968 zoor.iv.›r“1wvt³²”2
1225 1919 1432 1951 eux

74 1985 98 2040 7·
240 1955 432 2000 ακονσασα
486 1927 534 2002 Τι
552 1955 624 2024 γαρ
648 1955 740 2026 εχεις
765 1956 786 1999 ο
808 1954 873 2000 ουκ
896 1928 1037 2018 ελαβες,
1078 1955 1278 2022 αναγκαιως
1302 1925 1370 2020 ηδη
1395 1954 1438 1999 το

240 2040 328 2124 εἶναι
358 2043 507 2147 γενητὸς
539 2047 559 2125 6
588 2042 676 2130 Υἱὸς
703 2042 944 2151 διαφεύξεται,
971 2042 1203 2151 σννεξέλκων
1230 2046 1343 2149 ἑαυτῷ
1374 2047 1439 2143 τῆς

239 2167 388 2251 κτίσεως
407 2167 448 2247 τὸ
468 2165 558 2247 ’ίδιον
576 2164 727 2269 ἀγαθόν·
757 2168 799 2247 οὐ
817 2166 891 2270 γὰρ
908 2166 931 2267 ἡ
949 2166 1066 2250 κτίσις
1083 2165 1186 2245 ἔσται
1211 2164 1303 2245 κατὰ
1325 2166 1439 2271 φύσιν
1453 2196 1490 2257 15

239 2287 282 2369 τὸ
301 2297 390 2398 φῶς,
409 2288 531 2397 φωτὸς
549 2289 587 2371 δὲ
605 2296 749 2388 μᾶλλον
768 2289 916 2390 δεομένη
935 2290 994 2370 καὶ
1010 2289 1171 2394 μέτοχος.

295 2444 395 2491 κκιο.
424 2418 470 2493 Εἰ
497 2411 598 2493 οὐδὲν
626 2416 751 2494 ἑαυτοῦ
777 2414 942 2518 μέτοχον,
966 2412 1105 2518 μετέχει
1131 2411 1169 2491 δὲ
1197 2412 1219 2511 ἡ
1246 2411 1363 2496 κτίσις
1389 2414 1439 2496 ὡς

240 2534 362 2642 φωτὸς
385 2544 450 2617 τοῦ
467 2541 569 2617 Υίοῦ·
601 2537 667 2616 οὐκ
692 2536 763 2640 ἄρα
787 2538 903 2620 κτίσις
929 2534 1047 2636 αι’τδς,
1064 2537 1148 2615 ἀλλ’
1168 2533 1249 2615 οὐδὲ
1273 2535 1296 2634 ἡ
1321 2534 1439 2619 κτίσις

239 2657 282 2739 τὸ
301 2665 391 2764 φῶς,
409 2657 498 2762 ὅπερ
514 2661 616 2739 ἐστὶν
634 2661 654 2738 6
672 2657 770 2743 Υἱός.

295 2812 396 2859 mmo.
433 2787 478 2862 Εί
506 2780 547 2862 τὸ
576 2781 739 2888 φωτίζειν
766 2779 897 2885 ἕτερον,
925 2779 1046 2886 ἕτερον
1073 2781 1115 2863 δέ
1138 2783 1218 2861 ε’στι
1244 2779 1287 2860 τὸ
1319 2781 1435 2885 φωτί·
1453 2816 1493 2855 20

205 2904 376 3010 οζεσθαι,
406 2908 455 2990 ὡς
487 2905 645 3008 ἐνεργεια
678 2908 738 2986 καὶ
766 2905 893 3004 πάθος,
923 2910 982 2986 καὶ
1014 2905 1159 3012 φωτίζει
1190 2902 1256 3004 μὲν
1286 2905 1306 2983 6
1339 2901 1438 3001 Υἱὸς,

241 3028 428 3136 φωτίζεται
450 3026 488 3108 δέ
511 3028 533 3129 ἡ
558 3029 685 3114 κτίσις·
716 3030 780 3110 οὐκ
798 3028 869 3133 ἀρα
886 3028 1018 3111 ταύτὸν
1035 3029 1123 3115 Υἱὸς
1141 3031 1200 3109 καὶ
1217 3028 1345 3126 κτίσις,
1363 3029 1438 3106 ἐπεὶ

240 3147 329 3252 μηδὲ
347 3149 390 3234 τὸ
408 3154 574 3257 ἐνεργοῦν
591 3157 643 3261 τῷ
660 3151 912 3260 ἐνεργουμένην.
1032 3177 1033 3180 ’

168 3480 174 3490 ·
210 3482 229 3544 5
302 3467 360 3534 Καὶ
386 3466 424 3536 τὸ
450 3469 523 3556 φῶο
548 3469 584 3536 ἐν
611 3474 650 3561 τῇ
678 3467 789 3561 σκοτίᾳ
816 3468 935 3556 φαίνει,
963 3469 1017 3536 καὶ
1044 3471 1063 3536 ἡ
1091 3468 1203 3536 σκοτία
1231 3469 1311 3537 αὐτὸ
1338 3468 1376 3534 οὐ

745 3612 930 3691 κατέλαβεν.
1455 3624 1494 3687 25

295 3800 519 3901 Ἀναγκαίως
537 3801 621 3900 ἡμῖν
640 3803 660 3880 6
684 3801 900 3906 σοφώτατος
919 3799 1208 3904 Εάαγγελιστὴς,
1225 3798 1291 3899 τὴν
1309 3801 1347 3878 ε’ν
1365 3805 1439 3882 τοῖς

240 3932 472 4027 προλαβοῦσι
500 3924 650 4028 θεωρέειν
677 3925 910 4006 ε’κπλατιίνειν
935 3929 993 4005 καὶ
1021 3923 1080 4004 διά
1107 3931 1179 4004 τῶν
1198 3925 1440 4027 προκειμένων

210 4049 427 4151 οίπείγεται.
486 4050 527 4128 οὐ
564 4048 636 4154 γάρ
672 4047 789 4151 δήπου
825 4057 898 4135 τοῖς
938 4049 1174 4153 ἀκροωμένοις
1216 4048 1439 4154 ἀποχρήσειν

280 4309 303 4346 ι.
321 4293 469 4364 Αεςιιιοριο
481 4294 511 4348 τὸ
523 4294 569 4347 alt.
582 4311 614 4346 ex
627 4292 670 4357 B.,
683 4296 697 4346 ὁ
710 4311 742 4349 ex
756 4295 862 4351 B.D.E.
1058 4311 1083 4349 2.
1102 4291 1165 4349 εἶναι
1177 4304 1345 4365 assumptum
1358 4313 1390 4349 ex
1404 4295 1438 4351 B.

240 4362 327 4418 αὐτοῖς
339 4363 365 4418 D
378 4381 434 4434 mg.
447 4365 528 4436 ίαντῲ
542 4362 592 4418 Ed.
606 4381 661 4433 mg.
813 4383 844 4488 ἒ
857 4364 946 4437 τοῦτο]
960 4367 990 4420 τὸ
1001 4365 1064 4419 αὐτό
1077 4365 1110 4420 Β.
1264 4367 1290 4421 8.
1309 4365 1324 4434 ἢ
1337 4383 1390 4420 om.
1405 4367 1438 4419 B.

243 4447 285 4488 12.
303 4432 331 4486 δὲ
345 4435 455 4489 ι1ι.οιιι.
467 4434 501 4488 B.
549 4431 686 4490 ἀκούσασα
697 4433 713 4502 ᾗ
726 4433 808 4505 φίσις
846 4474 853 4490 .
967 4452 1009 4506 17.
1026 4435 1137 4506 μετέχον
1150 4435 1183 4490 Β.
1298 4453 1341 4505 23.
1359 4434 1437 4506 μηδὲ]

240 4501 269 4556 δι’
280 4503 315 4573 μὴ
328 4503 361 4559 Ε.
460 4504 569 4574 28.-p.
578 4505 622 4576 87,
636 4521 661 4560 τ.
680 4503 725 4559 Ad
737 4504 863 4577 ἐπείγεται
876 4506 1014 4579 conjungit
1026 4506 1107 4565 verba
1118 4505 1154 4564 είς
1166 4505 1196 4562 τδ
1209 4505 1439 4575 δύνασθαι-θεοῦ
