3038 5018
96 290 139 354 vi.
154 312 270 378 30,31.
305 293 360 357 IN
392 294 425 357 S.
449 294 703 360 JOANNEM.
751 294 934 360 LIB.III.
980 295 1082 359 CAP.
1100 297 1140 358 V.
1233 298 1296 358 455

96 459 125 537 ἑν
144 461 184 566 τῇ
201 460 306 568 ἐρήμῳ
324 461 359 539 τὶ
381 460 493 566 μάννα
516 459 647 544 πάντες
670 465 702 540 οἱ
726 459 798 539 σῦν
816 461 921 567 αὐτῷ.
963 458 1005 540 τῦ
1029 459 1068 540 δέ
1091 459 1135 560 δὴ
1159 458 1299 558 λοιπὸν,

96 582 239 684 ἐπείπερ
263 588 311 665 είς
333 583 445 663 τόπον
463 584 546 683 ἡμῖν
570 587 714 690 είσέρχη
734 583 799 663 τὸν
819 585 950 663 ἐκείνου
973 583 1123 688 μείζονα,
1143 588 1201 664 καὶ
1223 592 1298 669 τοῖς

96 704 210 784 πάλαι
239 706 483 810 διωρισμένοις
509 708 763 788 ἐπιδιατάττειν
792 709 832 786 οῦ
866 713 1035 814 παραιτῇ,
1063 709 1177 791 ποίοις
1205 704 1298 806 ἡμᾶς

96 828 293 912 πιστώσεις
328 832 499 929 σημείοις,
528 828 551 930 ἢ
582 832 621 910 τί
647 830 814 911 δεικνύων
844 838 916 911 τῶν
950 831 1023 912 ὅσα
1055 830 1298 933 θαυμάζεσθαι

67 952 223 1054 5πρέπει
247 953 458 1056 καινοτέρων
481 955 565 1054 ἡμῖν
588 953 836 1051 παιδευμάτων
858 956 1049 1060 είστρέχεις
1074 953 1294 1057 είσηγητής;

99 1074 237 1175 ἀληθὴς
273 1077 310 1157 δέ
349 1077 408 1156 διὰ
439 1078 576 1159 τούτων
606 1081 665 1158 καὶ
698 1078 803 1163 αὐτὸς
841 1079 861 1156 ὁ
897 1087 962 1158 τοῦ
996 1083 1163 1181 Σωτῆρος
1198 1079 1299 1178 ἡμῶν

100 1200 341 1282 ἀναδείκνυται
369 1199 491 1304 λόγος·
527 1200 582 1282 ὅτι
610 1201 680 1307 γὰρ
709 1199 821 1309 ᾤοντο
848 1206 976 1306 χρῆναι
1004 1202 1128 1305 ζητεῖν,
1149 1204 1216 1306 οῦχ
1242 1203 1301 1281 ἵνα

100 1323 329 1427 θαυμάζωσιν
357 1325 476 1424 αὐτόν,
503 1326 559 1431 ἐφ’
589 1324 640 1410 οἷς
673 1325 717 1404 ἀν
744 1360 779 1404 τι
811 1323 943 1427 δράσαι
970 1331 1184 1430 θεοπρεπῶς,
1213 1326 1333 1403 ἀλλ’ὶ)

99 1450 241 1551 ἐπείπερ
264 1449 401 1555 ἔφαγον
419 1452 457 1529 ἐκ
482 1456 555 1529 τῶν
574 1449 693 1552 ἀρτων
711 1452 769 1529 καὶ
795 1447 1083 1554 ἐχορτάσθησαν,
1102 1449 1146 1557 ἐξ
1165 1445 1215 1527 ῶν
1232 1447 1301 1548 ἤδη
1345 1455 1443 1572 ῗξξῖό

50 1604 88 1644 10
102 1575 218 1680 φασὶν
262 1576 320 1652 καὶ
361 1574 582 1678 ἐλέγχονται.
640 1577 770 1677 σημεῖον
808 1570 880 1676 γάρ
922 1576 1137 1653 ἀπαιτοῦσιν
1174 1570 1299 1670 αὐτὸν,
1393 1557 1399 1569 ’
1445 1555 1451 1568 ⁸

102 1700 169 1801 οὐχ
214 1698 340 1780 ἁπλῶς
367 1694 410 1776 τὸ
456 1696 576 1801 τυχὸν,
620 1695 704 1776 ἀλλ’
750 1695 838 1799 ὅπερ
884 1699 932 1781 ῶς
978 1693 1091 1803 ᾤοντο
1134 1695 1301 1794 πεποίηκε

105 1825 280 1919 Μωυσῆς,
314 1821 376 1899 οῦκ
410 1826 457 1903 είς
487 1821 572 1919 μίαν
604 1821 748 1922 ἡμέραν,
782 1822 868 1899 ἀλλ’
903 1823 940 1899 ἐν
973 1819 1072 1902 ὅλοις
1103 1827 1176 1903 τοῖς
1208 1819 1302 1899 ἐτεσι

103 1943 377 2048 τεσσαράκοντα
405 1941 468 2023 τὸν
494 1943 538 2051 ἐξ
563 1942 749 2046 Αἰγύπτου
776 1943 868 2023 λαὸν
896 1942 1093 2048 διαθρέψας
1122 1941 1212 2022 κατά
1239 1940 1305 2041 τὴν

104 2069 246 2171 ἔρημον,
275 2065 334 2146 διά
360 2070 424 2165 τῆς
451 2075 515 2145 τοῦ
544 2066 660 2165 μάννα
692 2067 876 2172 χορηγίας.
928 2073 1114 2150 παντελῶς
1145 2065 1226 2167 γάρ,
1257 2066 1305 2146 ῶς

55 2218 91 2277 15
106 2192 279 2297 φαίνεται,
298 2197 371 2270 τῶν
387 2192 425 2269 ἐν
444 2196 489 2295 τῇ
513 2189 590 2296 θείᾳ
611 2197 737 2296 γραφῇ
754 2190 961 2292 μυστηρίων
980 2187 1108 2272 είδότες
1128 2186 1241 2287 οὐδέν,
1263 2187 1334 2266 οάο

105 2320 150 2420 τῇ
179 2313 257 2422 θείᾳ
284 2322 388 2394 τοῦτο
415 2311 647 2414 πεποιηκότος
674 2313 819 2413 δυνάμει
845 2312 912 2413 τὴν
939 2311 993 2393 ἐπ’
1022 2311 1140 2420 ἐκείνῳ
1169 2317 1306 2409 θαυμα-

106 2440 274 2541 τουργίαν
286 2439 495 2518 ἀνακεῖσθαι
508 2438 654 2541 πρέπειν
666 2437 914 2540 διελογίζοντο,
926 2435 1084 2537 ἀνοήτως
1102 2434 1139 2515 δέ
1157 2432 1306 2540 σφόδρα

106 2560 172 2662 τὴν
204 2561 391 2646 Μωυσέως
423 2561 476 2642 ἐπ’
510 2562 606 2667 αὐτῷ
638 2559 909 2666 καταστέφουσι
941 2557 1113 2665 κεφαλήν.
1166 2565 1307 2638 αἰτοῦσι

107 2693 295 2789 τοιγαροῦν
314 2683 356 2764 τῦ
382 2685 464 2763 ’ίσον
482 2685 602 2791 ἐκείνιρ
627 2682 727 2786 παρά
744 2689 910 2786 Χριστοῦ
935 2688 1077 2789 σημεῖον,
1098 2682 1197 2762 οῦδέν
1214 2682 1309 2766 ὅλως

58 2807 150 2890 αοτῦ
189 2816 309 2907 θαῦμα
344 2806 498 2891 διδόντες
533 2813 584 2914 τῷ
621 2804 712 2910 πρὸς
755 2804 889 2909 ἡμέραν
924 2808 1042 2890 αὐτοῖς
1082 2804 1309 2910 ἐπιδειχθέντι

108 2935 257 3040 σημείῳ,
287 2935 346 3011 καὶ
378 2936 407 3010 εί
439 2930 534 3031 μέγα
566 2928 676 3035 τυχὸν
705 2928 915 3032 εὑρίσκοιτο,
944 2935 1074 3035 χρῆναι
1105 2927 1143 3008 δέ
1174 2931 1232 3009 καὶ
1262 2933 1310 3012 είς

108 3056 245 3158 μακρὸν
267 3057 481 3135 ἐκτείνεσθαι
508 3054 639 3158 χρόνον
662 3057 725 3152 τῆς
751 3059 890 3159 τροφῆς
913 3052 980 3153 τὴν
1002 3054 1174 3132 ἐπίδοσιν.
1218 3055 1310 3132 οῦτω

109 3180 181 3284 γὰρ
205 3177 258 3278 ἂν,
277 3185 334 3260 καὶ
356 3177 463 3278 μόλις
488 3177 721 3278 δυσωπήσειν
740 3174 867 3260 αὐτοῦς
894 3180 942 3261 είς
968 3174 1009 3255 τῦ
1034 3173 1235 3256 κατανεύειν
1253 3177 1311 3254 καὶ

110 3303 411 3411 συμψηφίζεσθαι
445 3300 574 3383 λοιπὸν
607 3298 902 3409 ἀξιολογωτάτην
932 3295 1019 3379 εἶναι
1048 3307 1114 3377 τοῦ
1145 3301 1347 3400 Σωτῆροςι]

63 3427 177 3529 υ5την
201 3427 361 3526 δύναμιν,
382 3424 643 3529 εῦπαράδεκτύν
668 3458 706 3503 τε
734 3422 794 3502 διὰ
821 3422 947 3503 τούτου
974 3418 1040 3520 τὴν
1064 3421 1311 3501 διδασκαλίαν.

110 3553 295 3656 πρόδηλον
319 3551 382 3630 οῦν
408 3551 498 3647 ἐστι,
521 3551 580 3629 καὶ
607 3553 637 3627 εί
664 3548 714 3646 μὴ
743 3544 892 3653 σφόδρα
920 3549 1037 3650 φασὶν
1061 3547 1232 3650 ἐναργῶς,
1260 3546 1314 3624 ὅτι

112 3676 270 3775 σημείων
286 3674 352 3772 μέν
370 3676 550 3776 ἀλογοῦσι
565 3677 763 3761 παντελῶς,
782 3666 967 3775 προφάσει
986 3668 1024 3749 δέ
1042 3677 1106 3750 τοῦ
1124 3666 1314 3769 θαυμάζειν

114 3798 247 3878 ἐθέλειν
266 3795 367 3894 αὐτὰ,
386 3795 452 3898 τὴν
471 3794 674 3900 ἀκάθαρτον
691 3797 755 3894 τῆς
773 3789 934 3897 γαστρός
958 3790 1089 3893 ἡδονὴν
1111 3789 1315 3895 θεραπεύειν

114 3922 326 4023 ἐπείγονται.

153 4130 175 4165 1.
193 4113 288 4166 πάντες
299 4107 334 4162 Β.
345 4109 446 4164 πάντας
460 4107 511 4163 Ed.
620 4123 644 4162 2.
664 4106 720 4162 ἐπεὶ
732 4105 875 4177 περιμένεις
886 4105 968 4158 τόπον
980 4103 1087 4173 είσέρχη
1101 4101 1134 4156 Β.
1241 4101 1268 4155 6.
1286 4099 1316 4154 δὲ

114 4192 141 4236 et
152 4181 222 4250 ἡμῶν
234 4198 288 4235 om.
302 4178 335 4233 Β.
439 4180 465 4235 8.
483 4200 508 4232 τι
522 4176 593 4233 Β.Ι).
606 4199 645 4234 τις
658 4176 711 4232 Ed.
816 4192 858 4230 10.
876 4177 918 4229 καὶ
930 4183 1100 4244 assumptum
1112 4191 1144 4227 ex
1159 4171 1191 4226 Β.
1239 4171 1317 4225 αὐτὸν

117 4252 150 4307 Β.
161 4254 207 4307 τὸν
217 4251 320 4320 Ἰησοῦν
333 4248 385 4304 Ed.
495 4265 536 4304 11.
555 4246 692 4319 πεποίηκε]
711 4256 738 4312 -1-
754 4250 769 4301 ό
783 4245 834 4302 Ed.
848 4245 933 4300 invito
946 4245 979 4298 B.
1090 4260 1131 4297 12.
1150 4245 1203 4299 τοῖς
1214 4258 1268 4296 om.
1283 4240 1317 4296 B.

119 4337 160 4393 150
178 4323 314 4394 φαίνονται
328 4321 361 4375 Β.
445 4319 485 4375 16.
504 4322 581 4375 τοῦτο
595 4319 627 4374 Β.
640 4323 686 4374 τοῦ
700 4318 751 4374 Ed.
834 4314 877 4370 26.
898 4314 936 4369 ὅτι
949 4332 998 4387 pro
1011 4314 1069 4368 ἐστι
1083 4313 1115 4368 Β.
1199 4312 1242 4367 28.
1261 4310 1317 4366 ἐθέ-

117 4397 173 4448 λειν
185 4401 354 4463 assumptum
367 4410 399 4446 ex
415 4392 446 4447 B.
