3038 5018
87 319 118 360 v.
133 318 184 385 33.
266 301 321 365 IN
353 303 386 366 S.
411 301 665 367 JOANNEM.
711 301 877 366 LIB.II.
923 302 1024 366 CAP.
1050 301 1109 366 IX.
1221 301 1287 364 359

89 463 250 566 οὐρανοῖς
268 463 355 545 ὄντα
374 464 471 546 θεὸν
489 473 547 546 καί
568 465 723 569 Πατέρα,
742 465 832 545 κατά
856 463 1018 550 πολλοὺς
1043 467 1111 566 η”δη
1134 464 1287 568 τρόπους

90 585 133 665 τὸ
151 585 302 689 γνήσιον
319 594 382 689 τῆς
401 591 526 687 οὐσίας
545 588 884 693 ἐπιμαρτυρήσαντα
901 595 953 697 τῷ
978 591 1054 698 ἰδίῳ
1079 587 1286 690 γενιηματι,

91 707 134 789 οὐ
153 714 211 790 καί
230 711 354 792 εἰδέναι
375 713 441 812 τὴν
458 712 656 816 μαρτυρίαν
675 716 800 818 φησίν,
819 716 867 797 ὡς
887 713 971 794 ἔστιν
989 711 1124 812 ἀληθίις,
1143 711 1284 819 ἀξιοπι·

90 832 273 934 στοτάτην
291 835 402 921 ὄντως
420 839 478 917 καί
495 840 615 937 ἀληθῆ
635 839 693 915 καί
710 835 777 934 τὴν
795 839 921 916 ἑαυτοῦ
939 841 1069 944 φῆφου
1082 835 1286 918 ε’πιδεικνύς·

59 956 149 1036 5ίνα
173 959 245 1062 γάρ
269 958 319 1059 μὴ
346 960 628 1067 καταδεξάμενος
653 958 779 1063 ὥσπερ
806 960 849 1040 τὸ
877 963 995 1067 ψευδῆ
1023 958 1143 1062 λε’γειν
1164 957 1289 1039 ἑαυτὸν

90 1084 171 1183 περὶ
198 1083 334 1180 ἑαυτοῦ,
356 1083 479 1188 χώραν
505 1081 585 1163 τινά
611 1081 726 1164 πάλιν
751 1085 936 1166 κακονοίας
964 1086 1022 1163 καί
1049 1082 1289 1185 παρείσδυσιν

91 1211 164 1289 τοῖς
182 1205 398 1314 ἕτεροδοξεῖν
414 1208 623 1305 εἰθισμένοις
640 1205 825 1312 παράσχοι
844 1209 925 1287 καθ’
941 1210 1076 1304 ἑαυτοῦ,
1090 1206 1289 1307 ἀναγκαίως

91 1327 231 1414 ε’πιδούς
254 1332 307 1438 τῷ
329 1329 500 1434 πρέποντι
524 1337 582 1412 καὶ
604 1335 650 1437 τῇ
674 1331 846 1438 συνηθείᾳ
871 1329 913 1412 τὸ
932 1331 981 1430 μὴ
999 1333 1128 1435 χρῆναι
1145 1329 1289 1413 πάντως

91 1455 140 1535 ὡς
162 1454 280 1554 ἀληθῆ
304 1454 538 1535 πιστεύεσθαι
565 1455 629 1534 τὸν
646 1453 772 1534 ἑαυτὸν
790 1457 1000 1535 ἐπαινοῦντα
1026 1455 1083 1533 καί
1109 1449 1317 1557 ἀποδεχό·ο

45 1607 79 1648 10
91 1609 209 1672 μενον,
226 1578 409 1682 ἀνατρέχει
435 1578 549 1659 πάλιν
571 1581 619 1662 ὡς
645 1578 738 1663 Θεὸς
766 1580 823 1659 ἑπί
851 1576 916 1678 τὴν
940 1581 1053 1685 ἑαυτῷ
1080 1610 1285 1682 χρεωστου-

91 1697 200 1798 με’νην
219 1700 333 1806 ἀξίαν,
353 1705 411 1781 καί
437 1703 563 1781 εἰδέναι
587 1706 680 1808 φησί
706 1700 771 1800 τὴν
788 1709 853 1780 τοῦ
874 1698 1020 1804 Πατρός
1036 1702 1223 1807 μαρτυρίαν
1241 1701 1289 1783 ὡς

93 1823 181 1903 ίπτιν
199 1824 334 1922 ἀληθίις,
356 1827 546 1929 μονονουχὶ
574 1834 679 1904 τοῦτο
707 1823 898 1920 διδάσκων,
922 1822 977 1903 ότι
1001 1822 1094 1907 θεὸς
1120 1821 1170 1902 ιύν
1192 1824 1286 1922 ἀλη-

92 1947 199 2044 θινὸς,
218 1945 307 2045 οἰδα,
327 1952 454 2055 φησίυ,
474 1948 641 2046 ἐμαυτὸν,
663 1947 919 2051 κεχαρισμένον
936 1947 974 2028 δὲ
1001 1947 1102 2027 οὐδὲν
1120 1949 1140 2026 ὁ
1161 1945 1289 2050 Πατὴρ

92 2073 165 2173 ε’ρεί
188 2076 266 2175 περὶ
292 2075 390 2170 ε’μοῦ·
422 2073 493 2177 ἔχω
520 2071 593 2175 γάρ
620 2075 713 2152 οὕτω
742 2069 833 2150 κατά
861 2070 985 2175 φύσιν,
1007 2069 1131 2174 ὥσπερ
1158 2069 1202 2150 ἀν
1226 2071 1289 2150 οὐν

45 2220 79 2279 ¹5
92 2199 149 2274 καὶ
177 2194 283 2279 αὐτὸς
310 2194 448 2297 ἀληθὴς
476 2195 527 2276 ὧν
548 2198 826 2302 ἑπιφηφίσαιτο.
866 2196 994 2274 οὐκοῦν
1017 2196 1055 2273 ε’ν
1078 2194 1197 2301 ε’κείνιρ
1224 2194 1289 2292 μὲν

91 2319 386 2421 σνγκαπαβατική
420 2355 473 2403 τις
509 2320 633 2423 ὥσπερ
668 2321 874 2402 συναίνεσις
904 2316 958 2418 ἦν,
988 2320 1046 2398 καί
1085 2316 1290 2401 ὑποθετικίνς

91 2448 237 2540 μᾶλλον
254 2444 345 2547 ἤπερ
370 2442 507 2544 ἀληθὴς
533 2444 554 2523 ὁ
579 2442 700 2545 λόγος·
731 2445 769 2522 ἐν
794 2441 832 2523 δὲ
856 2447 908 2550 τῷ
933 2440 1057 2522 εἰδέναι
1081 2440 1201 2544 λε’γειν
1223 2439 1289 2540 τὴν

92 2574 156 2645 τοῦ
181 2566 327 2669 [ἰατρὸς
351 2568 548 2671 μαρτυρίαν
566 2569 696 2666 ἀληθῆ,
715 2571 779 2665 τῆς
805 2572 889 2675 Θεῷ
913 2565 1121 2670 πρεπούσης
1145 2566 1322 2672 ἀξιοπι·ἀ

92 2691 196 2771 στίας
220 2690 395 2797 ἐπίδειξις.

45 2845 80 2885 ιο
150 2814 369 2912 Σημειωτέον
396 2814 433 2894 δὲ
463 2813 586 2911 πάλιν,
615 2813 669 2893 ὅτι
703 2814 777 2893 κατ’
810 2813 900 2892 ἰδίαν
935 2809 1141 2893 ὑπόστασιν
1173 2814 1289 2897 ἀλλος

93 2936 193 3014 ἐστίυ
211 2938 231 3014 ὁ
249 2935 377 3041 Πατὴρ
396 2936 495 3040 παρά
512 2937 577 3017 τὸν
589 2936 690 3035 Υἰδν,
707 2938 765 3016 καί
782 2937 849 3040 οὐχ
864 2933 989 3040 ὥσπερ
1007 2937 1114 3043 ἕδοξί
1126 2971 1200 3016 τισι
1218 2944 1290 3017 τῶν

93 3060 312 3140 ἀπαιδεύτων
331 3067 525 3164 αἰρετικῶν,
542 3060 722 3163 νίοπάτωρ
739 3058 952 3166 εἰσφέρεται.

156 3272 268 3353 ’Υμεῑε
295 3277 522 3344 ἀπεστάλκατε
549 3277 632 3366 πρὸς
654 3277 825 3357 Ἰωάννην,
852 3276 904 3341 καί
931 3279 1159 3368 μεμαρτύρηκε
1184 3282 1224 3370 τῇ
1303 3291 1342 3349 33

619 3402 767 3494 ἀλαθείᾳ.

45 3571 79 3631 ²5
143 3545 292 3652 Ὥσπερ
325 3551 453 3652 ἀρτίως
486 3546 639 3655 αἰσχρὸν
670 3547 757 3629 εἶναι
796 3547 1097 3648 διεβεβαιούμεθα,
1131 3552 1189 3629 καί
1225 3554 1291 3650 τῆς

94 3671 251 3778 ε’σχάτης
279 3673 436 3774 εὐηθείας
463 3675 527 3754 οὐκ
554 3677 720 3776 ἀμοιρεῖν,
745 3672 788 3752 τὸ
815 3679 888 3753 τῶν
915 3672 1051 3753 οἰκείων
1074 3682 1319 3772 πλεονεκτηο

94 3797 217 3894 μάτων
235 3796 449 3897 θαυμαστὴν
468 3797 626 3901 ὁρᾶσθαί
647 3831 737 3896 τινα,
756 3798 814 3876 καὶ
839 3800 868 3875 εἰ
894 3803 1101 3899 παραιτοίτο
1125 3794 1167 3877 τδ
1192 3797 1286 3903 φεύ·

94 3925 222 4000 δεσθαι
246 3919 305 4008 διὰ
329 3918 475 4021 πολλὴν
497 3919 636 4024 ἀρετὴν,
661 3921 771 4004 οὕτως
796 3917 960 4023 ἀδελφὴν
982 3918 1107 4023 ὥσπερ
1133 3918 1203 4024 ἔχει
1231 3924 1289 3999 καὶ

95 4046 236 4147 γείτονα
260 4042 327 4143 τὴν
344 4044 496 4124 ἀτοπίαν
514 4044 643 4150 ἐκείνῳ,
662 4042 704 4123 τὸ
730 4042 780 4143 μὴ
806 4042 1039 4142 κεκλημένους
1065 4044 1123 4122 ε’πί
1148 4042 1214 4143 τὴν
1231 4045 1293 4123 ἐπί

45 4207 81 4266 30
94 4202 171 4248 τισι
195 4169 392 4271 μαρτυρίαν
415 4169 501 4248 ἰέναι
529 4165 637 4264 τινάς,
663 4167 884 4264 αὐτομόλους
909 4165 946 4244 δὲ
972 4173 1045 4249 τοῖς
1070 4164 1286 4268 δικοίῷυσιν,

95 4292 208 4395 ἤγουν
225 4298 299 4376 τοῖς
318 4295 486 4394 διερωτάν
503 4288 693 4372 ε’θέλονσιν
711 4291 982 4390 ἀναφαίνεσθαι.
1024 4288 1127 4397 δόξαι
1149 4289 1222 4393 γάρ
1244 4288 1290 4370 ἀν

134 4493 157 4529 1.
177 4473 222 4530 οὐν
233 4491 282 4544 pro
293 4473 340 4543 ἤδη
355 4471 388 4527 Β.
543 4485 568 4544 5.
587 4470 690 4545 ὥσπερ]
707 4457 802 4543 -Ι-’γδρ
816 4472 848 4527 Β.
999 4469 1026 4525 6.
1043 4469 1104 4542 περί
1117 4470 1149 4527 Β.
1161 4471 1227 4543 ὐπίρ
1241 4470 1292 4527 Ed.

99 4563 141 4600 10.
160 4543 255 4617 ἑαυτῷ]
269 4545 347 4598 αὐτοῦ
361 4543 394 4597 Β.
501 4559 545 4614 31.
563 4543 752 4616 ἀναφαίνεσθαι
766 4542 799 4598 Β.
812 4539 994 4599 ἀνααιίθςαθαι
1008 4540 1059 4599 Ed.
