3038 5018
228 289 292 352 ιιι
530 287 569 354 τι.
592 287 800 354 cmm
830 287 1117 354 ALEXANDR.
1338 287 1359 351 i.
1373 301 1426 370 15.

61 459 165 590 §3¹24
228 450 328 560 δείξῃ
352 452 528 557 Χριστὸν,
549 455 635 533 ἀλλ’
659 457 707 538 ὡς
734 452 1014 553 σνντεθεαμίνος
1039 465 1061 502 “
1074 452 1141 554 τήν
1166 451 1277 560 δόξαν
1301 453 1425 547 αὐτοῦ,

230 586 252 625 “
269 574 382 684 δόξαν
405 579 454 662 ὡς
480 583 707 680 Μονογενοΐις
732 576 833 680 παρὰ
860 576 1005 681 Πατρός
1030 577 1172 681 πλήρης
1199 575 1343 681 χάριτος
1369 577 1428 654 καὶ

230 710 253 749 “
269 701 474 800 ἀληθείας.”

62 833 161 891 Μ·
201 848 221 890 ⁸
287 829 402 905 Ποῖον
425 826 488 905 οὖν
510 824 556 904 ἀν
578 859 633 910 τις
658 822 864 932 ἐφαρμόσαι
892 825 1007 928 λόγον
1034 833 1108 910 τοῖς
1135 827 1247 909 οὕτως
1274 823 1428 926 ἀκαίρως

229 945 466 1047 είσβεβηκάσι
496 947 738 1052 διηγήμασινς
779 946 801 1051 ή
830 956 909 1035 πῶς
939 949 985 1030 άν
1016 984 1070 1034 τις
1101 950 1186 1049 ἡμῖν
1217 947 1462 1049 ἑρμηνεύσας

228 1077 371 1177 σαφῶς,
396 1077 446 1156 είς
472 1074 661 1173 ποσότητα
687 1071 820 1177 χρόνον
847 1073 976 1168 λαβὼν
1002 1073 1044 1153 τὸ
1072 1072 1294 1177 ζητούμενον,
1309 1105 1427 1150 τουτ-

228 1195 329 1275 ίστιν
345 1196 391 1277 ‘0
414 1201 522 1277 ὀπίσω
546 1233 613 1302 μιν
636 1198 808 1304 ἐρχόμενος
833 1198 1012 1305 ίμπροσθά
1032 1237 1098 1304 μιν
1122 1197 1261 1302 γε’γονες
1295 1196 1430 1277 κείσθω

228 1316 301 1423 γάρ
325 1318 369 1420 δή
395 1324 453 1401 καὶ
478 1322 776 1423 όμολογονμείιως
800 1318 844 1401 τὸ
867 1322 1018 1403 κατόπιν
1042 1321 1212 1427 ἔρχεσθαι
1239 1330 1303 1400 τοῦ
1327 1327 1427 1415 βαπ·

227 1450 356 1522 πιστοῦ
374 1442 437 1523 τὸν
458 1443 602 1548 Κύρων,
622 1443 684 1524 άτε
702 1443 746 1544 δή
765 1445 941 1548 γεγονότα
958 1451 1011 1554 τῷ
1033 1443 1152 1553 χρόνῳ
1174 1450 1226 1552 τῷ
1250 1442 1341 1523 κατά
1363 1442 1430 1542 τήν

228 1564 351 1670 σάρκα
369 1568 543 1670 δεύτερον·
568 1567 659 1649 κατὰ
677 1571 756 1648 τίνα
774 1568 910 1673 τρόπον
928 1573 987 1649 καὶ
1007 1567 1185 1676 ἔμπροσθεν
1199 1570 1306 1648 αὐτοῦ
1326 1568 1429 1669 γενή-
1446 1600 1484 1639 10

229 1722 349 1788 σεται,
371 1689 462 1771 κατὰ
480 1690 612 1797 χρόνον
631 1691 668 1772 δὲ
688 1691 879 1792 δηλονότι,
911 1702 1018 1773 καλεῖ
1037 1693 1107 1796 γὰρ
1124 1699 1173 1778 είς
1191 1700 1319 1771 τοῦτον
1338 1692 1430 1790 ἡμᾶς

197 1812 295 1895 ότάν
314 1822 397 1895 νοῦν
415 1816 437 1915 ἡ
453 1823 528 1900 τοῖς
544 1823 798 1919 προλαβοῦσιν
815 1816 1003 1919 ἀναλόγως
1026 1816 1241 1922 ὀφειλομένη
1266 1815 1367 1922 τάξις
1391 1849 1430 1894 τε

231 1940 289 2018 καὶ
304 1940 511 2020 ἀκολουθία.
551 1940 637 2020 ἀλλ’
659 1936 756 2039 οἶμαι
775 1948 882 2021 τοῦτο
904 1942 1016 2022 παντί
1031 1975 1083 2048 τιρ
1106 1941 1273 2042 γενέσθαι
1297 1938 1428 2043 σαφὲς,

230 2062 278 2145 ὡς
308 2063 372 2143 οάκ
401 2061 447 2144 ἀν
474 2062 527 2164 ε’ίη
555 2069 628 2144 τῶν
655 2062 906 2169 ἐνδεχομένων.
954 2062 1095 2168 τὸγὰρ
1126 2062 1307 2166 ὑστερίζειν
1336 2062 1431 2149 τινὸς

229 2184 322 2266 κατά
353 2186 496 2291 χρόνον,
523 2188 588 2267 οὐκ
616 2187 661 2267 ἀν
687 2222 776 2268 ποτε
804 2186 947 2293 φθάσαι
973 2187 1016 2268 τὸ
1043 2187 1250 2290 ἡγούμενον.
1305 2188 1431 2267 οὐκοῦν
1447 2212 1486 2272 15

229 2310 364 2408 ἀμαθὲς
394 2315 533 2417 κομιδή,
547 2304 623 2392 Ικαὶ
655 2318 844 2397 παντελῶς
877 2313 1062 2410 ἀπίθανον,
1092 2315 1172 2413 περὶ
1202 2310 1335 2416 χρόνον
1366 2319 1431 2390 τοῦ

231 2434 323 2515 κατὰ
360 2434 426 2535 τήν
458 2435 580 2539 σάρκα
617 2433 682 2515 τὸν
713 2435 817 2538 άγιον
848 2441 958 2516 εἰπεῖν
990 2436 1128 2517 οἴεσθαι
1146 2432 1354 2534 βαπτιστήν
1384 2435 1430 2515 ‘0

231 2561 341 2640 ίπίσιι
370 2597 437 2665 μιν
469 2560 638 2664 ἐρχόμενος
671 2557 848 2666 ἔμπροσθέν
877 2596 943 2664 μιν
973 2559 1115 2663 γε’γοιεν·
1156 2556 1363 2643 ἀκολούθως
1392 2557 1431 2638 δὲ

231 2688 378 2780 μᾶλλον
403 2687 455 2790 τῷ
479 2683 563 2783 ἡμῖν
585 2685 793 2785 προτιθέντι
818 2690 948 2790 σκοπῷ
971 2692 1133 2767 νοοῦντες
1159 2679 1256 2779 αὐτὸ,
1279 2679 1437 2761 τοιῶσδί

200 2830 310 2890 οπως
341 2809 506 2910 είρήσθαι
536 2805 793 2907 πιστεύσομεν.
846 2805 1038 2911 χαριέντως
1069 2809 1090 2887 ὁ
1118 2803 1291 2906 μακάριος
1326 2812 1426 2900 βαπ-
1448 2839 1489 2880 20

230 2930 357 3032 πιστὴν
395 2929 468 3012 ἀπὸ
503 2939 568 3011 τοῦ
600 2927 692 3010 κατά
723 2929 916 3030 συνήθειαν
947 2928 1137 3035 σχήματος
1168 2927 1336 3033 ἀναφέρει
1368 2927 1433 3009 τὸν

231 3052 355 3158 λόγον,
389 3057 445 3135 ἐπὶ
476 3052 651 3156 ποιότητα
681 3052 907 3157 πραγμάτων
937 3052 1186 3152 πνευματικήν,
1217 3056 1275 3133 καὶ
1306 3050 1433 3154 ὥσπερ

230 3176 303 3261 ἀπό
340 3214 434 3264 τινος
470 3177 602 3262 εἰκόνος
639 3184 712 3257 τῶν
749 3179 832 3258 καθ’
868 3178 959 3278 ἡμᾶς
997 3184 1046 3263 είς
1081 3176 1256 3285 ἐξήγησιν
1292 3175 1433 3281 ἔρχεται

232 3299 420 3402 νοημάτων
443 3300 791 3405 λεπτομερεστερων.

289 3430 398 3505 Φιλεῖ
410 3425 476 3525 μὲν
492 3424 565 3527 γάρ
580 3460 659 3510 πως
677 3428 730 3505 ἀεὶ
752 3424 794 3505 τὸ
819 3424 983 3527 ἡγείσθω
1001 3422 1171 3533 πεφυκὸς,
1189 3429 1262 3503 τῶν
1280 3423 1432 3503 ἕπεσθαι
1449 3458 1487 3518 ι5

233 3547 439 3649 λεγομένων
461 3545 631 3654 ὑπάρχειν
652 3547 909 3654 ε’πιδοξότερον,
928 3554 1137 3652 παραχωρεῖ
1156 3547 1195 3627 δὲ
1219 3554 1292 3631 τοῖς
1318 3548 1429 3649 ήγου-

233 3674 351 3771 μένοις
377 3671 423 3752 τά
448 3670 616 3772 ἑπόμενα·
650 3670 727 3752 οἷον
749 3674 769 3750 ὁ
793 3670 1029 3777 χαλκεντικήν
1054 3669 1264 3774 ἀκριβώσας
1287 3670 1431 3776 τέχνην,

198 3794 258 3899 ἀή
276 3794 480 3896 τεκτονικήν
498 3790 655 3900 τνχὸν,ή
676 3793 883 3902 ὑφαντικὴν,
898 3795 1037 3897 ήγεΐταί
1049 3830 1138 3891 πως,
1152 3797 1211 3875 καὶ
1229 3791 1271 3875 τό
1290 3793 1434 3895 ἀμεινον

234 3920 305 4026 ἔχει
342 3928 406 4001 τοῦ
442 3919 533 4001 κατὰ
567 3918 763 4019 μαθητείαν
796 3918 947 4001 ἕπεσθαι
982 3918 1182 4018 νοονμίνον,
1215 3921 1274 3998 καὶ
1306 3925 1354 4003 είς
1389 3917 1434 3998 τὸ

235 4046 378 4128 τελείως
407 4044 533 4124 εἰδέναι
560 4041 779 4146 βαδίζοντος·
820 4043 904 4122 ἀλλ’
931 4041 1019 4122 ὅταν
1043 4043 1063 4122 ὁ
1091 4048 1250 4126 τοιοῦτος
1276 4041 1344 4142 τήν
1367 4052 1433 4123 τοῦ
1447 4071 1490 4128 30

274 4326 298 4365 1.
317 4313 500 4383 σνντεθεμίνος
512 4313 545 4368 B.
706 4329 733 4385 5.
752 4314 810 4384 ήμῖν
821 4330 875 4368 om.
889 4313 923 4369 B.
1075 4313 1102 4368 6.
1121 4315 1216 4385 σοφῶς
1228 4313 1262 4370 Β.
1274 4315 1368 4385 σοφῶς
1381 4314 1434 4373 Ed.

236 4379 264 4435 8.
280 4380 312 4449 λι)
324 4399 378 4437 om.
393 4383 433 4447 B;
451 4401 486 4438 an
497 4383 541 4438 hic
553 4392 600 4438 aut
611 4384 659 4439 lin.
671 4401 713 4457 sq.
726 4385 824 4440 τιοιιὶο.
1007 4400 1102 4439 10-12.
1120 4385 1319 4457 ἔμπροσθεν-ἡ
1332 4403 1387 4441 om.
1401 4387 1435 4443 E.

239 4464 282 4505 ςο.
298 4449 447 4522 γενήσεται]
459 4453 582 4524 γενέσθω
595 4452 629 4508 Β.
721 4469 762 4526 15.
780 4451 856 4525 κατὰ]
873 4459 902 4518 4
917 4454 963 4508 τὸν
974 4454 1027 4510 Ed.
1039 4455 1124 4512 invito
1137 4455 1171 4511 Β.
1264 4471 1307 4512 20.
1325 4455 1436 4512 πιστοί·

237 4536 300 4589 ομιτ
311 4518 345 4574 B.
452 4523 495 4576 28.
513 4545 567 4580 πως
579 4524 621 4578 καί
632 4525 663 4579 τὸ
674 4525 776 4593 ἀμεινον
786 4525 840 4596 ίχει
851 4541 914 4579 οςις.1
922 4523 955 4580 Β.
