<?xml version="1.0" encoding="UTF-8"?>
<!DOCTYPE html PUBLIC "-//W3C//DTD XHTML 1.0 Transitional//EN"
    "http://www.w3.org/TR/xhtml1/DTD/xhtml1-transitional.dtd">
<html xmlns="http://www.w3.org/1999/xhtml" xml:lang="en" lang="en">
 <head>
  <title>
</title>
<meta http-equiv="Content-Type" content="text/html;charset=utf-8" />
  <meta name='ocr-system' content='tesseract 3.04.00' />
  <meta name='ocr-capabilities' content='ocr_page ocr_carea ocr_par ocr_line ocrx_word'/>
</head>
<body>
  <div class='ocr_page' id='page_1' title='image "./sanctipatrisnos00pusegoog_0428.png"; bbox 0 0 3038 5018; ppageno 0'>
   <div class='ocr_carea' id='block_1_1' title="bbox 71 278 1275 356">
    <p class='ocr_par' dir='ltr' id='par_1_1' title="bbox 71 278 1275 356">
     <span class='ocr_line' id='line_1_1' title="bbox 71 278 1275 356; baseline 0.002 -11"><span class='ocrx_word' id='word_1_1' title='bbox 71 278 183 356; x_wconf 78' lang='grc' dir='ltr'>τί.ι,ο.</span> <span class='ocrx_word' id='word_1_2' title='bbox 260 282 317 348; x_wconf 93' lang='lat' dir='ltr'>IN</span> <span class='ocrx_word' id='word_1_3' title='bbox 347 283 381 348; x_wconf 84' lang='lat' dir='ltr'>S.</span> <span class='ocrx_word' id='word_1_4' title='bbox 404 283 659 350; x_wconf 82' lang='lat' dir='ltr'><strong>JOANNEM.</strong></span> <span class='ocrx_word' id='word_1_5' title='bbox 705 284 799 350; x_wconf 86' lang='lat' dir='ltr'><strong>LIB.</strong></span> <span class='ocrx_word' id='word_1_6' title='bbox 823 283 891 351; x_wconf 88' lang='lat'>111.</span> <span class='ocrx_word' id='word_1_7' title='bbox 935 284 1123 350; x_wconf 84' lang='lat' dir='ltr'>cAP.1v.</span> <span class='ocrx_word' id='word_1_8' title='bbox 1212 288 1275 350; x_wconf 74' lang='lat'>415</span> 
     </span>
    </p>
   </div>
   <div class='ocr_carea' id='block_1_2' title="bbox 22 431 1436 2788">
    <p class='ocr_par' dir='ltr' id='par_1_2' title="bbox 72 431 1293 682">
     <span class='ocr_line' id='line_1_2' title="bbox 73 431 1293 553; baseline 0.005 -25"><span class='ocrx_word' id='word_1_9' title='bbox 73 444 290 552; x_wconf 87' lang='grc' dir='ltr'>κατάλογον,</span> <span class='ocrx_word' id='word_1_10' title='bbox 313 455 467 550; x_wconf 79' lang='grc' dir='ltr'>θηλειῶν</span> <span class='ocrx_word' id='word_1_11' title='bbox 491 449 529 529; x_wconf 78' lang='grc' dir='ltr'>δὲ</span> <span class='ocrx_word' id='word_1_12' title='bbox 556 456 743 535; x_wconf 76' lang='grc' dir='ltr'>παντελῶς</span> <span class='ocrx_word' id='word_1_13' title='bbox 772 453 829 530; x_wconf 81' lang='grc' dir='ltr'>καί</span> <span class='ocrx_word' id='word_1_14' title='bbox 859 450 1111 553; x_wconf 76' lang='grc' dir='ltr'>μειρακιοήδους</span> <span class='ocrx_word' id='word_1_15' title='bbox 1139 431 1293 550; x_wconf 62' lang='grc' dir='ltr'>ἡλικίαςο</span> 
     </span>
     <span class='ocr_line' id='line_1_3' title="bbox 72 570 1273 682; baseline 0.002 -31"><span class='ocrx_word' id='word_1_16' title='bbox 72 570 265 674; x_wconf 82' lang='grc' dir='ltr'>ἀλογήσας</span> <span class='ocrx_word' id='word_1_17' title='bbox 305 574 440 678; x_wconf 79' lang='grc' dir='ltr'>ὁρᾶται,</span> <span class='ocrx_word' id='word_1_18' title='bbox 478 574 701 682; x_wconf 80' lang='grc' dir='ltr'>καταγράφει</span> <span class='ocrx_word' id='word_1_19' title='bbox 740 574 778 654; x_wconf 81' lang='grc' dir='ltr'>δέ</span> <span class='ocrx_word' id='word_1_20' title='bbox 820 574 934 680; x_wconf 85' lang='grc' dir='ltr'>ὄχλον</span> <span class='ocrx_word' id='word_1_21' title='bbox 972 574 1034 655; x_wconf 83' lang='grc' dir='ltr'>τὸν</span> <span class='ocrx_word' id='word_1_22' title='bbox 1071 574 1273 676; x_wconf 78' lang='grc' dir='ltr'>ἡβήσαντα.</span> 
     </span>
    </p>

    <p class='ocr_par' dir='ltr' id='par_1_3' title="bbox 22 695 1307 928">
     <span class='ocr_line' id='line_1_4' title="bbox 22 695 1277 806; baseline 0.004 -32"><span class='ocrx_word' id='word_1_23' title='bbox 22 777 25 782; x_wconf 73' lang='grc'>,</span> <span class='ocrx_word' id='word_1_24' title='bbox 72 695 191 792; x_wconf 90' lang='grc' dir='ltr'>τίμιον</span> <span class='ocrx_word' id='word_1_25' title='bbox 224 695 297 801; x_wconf 86' lang='grc' dir='ltr'>γάρ</span> <span class='ocrx_word' id='word_1_26' title='bbox 329 702 388 778; x_wconf 81' lang='grc' dir='ltr'>καὶ</span> <span class='ocrx_word' id='word_1_27' title='bbox 420 700 458 778; x_wconf 82' lang='grc' dir='ltr'>ἐν</span> <span class='ocrx_word' id='word_1_28' title='bbox 489 699 612 806; x_wconf 77' lang='grc' dir='ltr'>βίβλῳ</span> <span class='ocrx_word' id='word_1_29' title='bbox 646 703 744 778; x_wconf 81' lang='grc' dir='ltr'>Θεοῦ</span> <span class='ocrx_word' id='word_1_30' title='bbox 778 705 853 779; x_wconf 82' lang='grc' dir='ltr'>πᾶν</span> <span class='ocrx_word' id='word_1_31' title='bbox 883 698 974 778; x_wconf 83' lang='grc' dir='ltr'>ὅσον</span> <span class='ocrx_word' id='word_1_32' title='bbox 1005 702 1184 803; x_wconf 76' lang='grc' dir='ltr'>ἀνδρῶδες</span> <span class='ocrx_word' id='word_1_33' title='bbox 1220 703 1277 779; x_wconf 80' lang='grc' dir='ltr'>καὶ</span> 
     </span>
     <span class='ocr_line' id='line_1_5' title="bbox 74 818 1307 928; baseline 0.006 -29"><span class='ocrx_word' id='word_1_34' title='bbox 74 818 246 919; x_wconf 82' lang='grc' dir='ltr'>νεανικὸν,</span> <span class='ocrx_word' id='word_1_35' title='bbox 275 823 334 902; x_wconf 80' lang='grc' dir='ltr'>καὶ</span> <span class='ocrx_word' id='word_1_36' title='bbox 368 823 409 901; x_wconf 80' lang='grc' dir='ltr'>οὗ</span> <span class='ocrx_word' id='word_1_37' title='bbox 439 820 607 925; x_wconf 74' lang='grc' dir='ltr'>νηπιάζνν</span> <span class='ocrx_word' id='word_1_38' title='bbox 636 827 685 906; x_wconf 85' lang='grc' dir='ltr'>είς</span> <span class='ocrx_word' id='word_1_39' title='bbox 718 820 899 928; x_wconf 79' lang='grc' dir='ltr'>φρόνησιν</span> <span class='ocrx_word' id='word_1_40' title='bbox 930 821 997 923; x_wconf 77' lang='grc' dir='ltr'>τήν</span> <span class='ocrx_word' id='word_1_41' title='bbox 1029 825 1083 904; x_wconf 83' lang='grc' dir='ltr'>ἐπ’</span> <span class='ocrx_word' id='word_1_42' title='bbox 1115 825 1307 924; x_wconf 68' lang='grc' dir='ltr'>ἀγαθοῖςθ</span> 
     </span>
    </p>

    <p class='ocr_par' dir='ltr' id='par_1_4' title="bbox 40 944 1282 1547">
     <span class='ocr_line' id='line_1_6' title="bbox 40 944 1276 1048; baseline 0.001 -24"><span class='ocrx_word' id='word_1_43' title='bbox 40 944 204 1034; x_wconf 71' lang='grc' dir='ltr'>εοῦκοῦν</span> <span class='ocrx_word' id='word_1_44' title='bbox 221 948 280 1025; x_wconf 78' lang='grc' dir='ltr'>καὶ</span> <span class='ocrx_word' id='word_1_45' title='bbox 298 944 492 1046; x_wconf 89' lang='grc' dir='ltr'>συνήθειαν</span> <span class='ocrx_word' id='word_1_46' title='bbox 511 945 569 1026; x_wconf 87' lang='grc' dir='ltr'>διά</span> <span class='ocrx_word' id='word_1_47' title='bbox 588 945 717 1027; x_wconf 78' lang='grc' dir='ltr'>τούτου</span> <span class='ocrx_word' id='word_1_48' title='bbox 738 947 901 1047; x_wconf 81' lang='grc' dir='ltr'>τετίμηκε</span> <span class='ocrx_word' id='word_1_49' title='bbox 928 945 1087 1048; x_wconf 80' lang='grc' dir='ltr'>νομικὴν,</span> <span class='ocrx_word' id='word_1_50' title='bbox 1107 951 1165 1027; x_wconf 84' lang='grc' dir='ltr'>καὶ</span> <span class='ocrx_word' id='word_1_51' title='bbox 1184 947 1276 1027; x_wconf 87' lang='grc' dir='ltr'>θεῶ·</span> 
     </span>
     <span class='ocr_line' id='line_1_7' title="bbox 74 1064 1280 1175; baseline 0.004 -27"><span class='ocrx_word' id='word_1_52' title='bbox 74 1064 175 1171; x_wconf 88' lang='grc' dir='ltr'>ρημά</span> <span class='ocrx_word' id='word_1_53' title='bbox 197 1103 232 1148; x_wconf 93' lang='grc' dir='ltr'>τι</span> <span class='ocrx_word' id='word_1_54' title='bbox 257 1067 370 1151; x_wconf 85' lang='grc' dir='ltr'>πάλιν</span> <span class='ocrx_word' id='word_1_55' title='bbox 387 1070 597 1151; x_wconf 82' lang='grc' dir='ltr'>διαπλάττει</span> <span class='ocrx_word' id='word_1_56' title='bbox 621 1069 871 1170; x_wconf 77' lang='grc' dir='ltr'>πνευματικόν</span> <span class='ocrx_word' id='word_1_57' title='bbox 901 1068 924 1171; x_wconf 81' lang='grc' dir='ltr'>ἢ</span> <span class='ocrx_word' id='word_1_58' title='bbox 947 1071 1020 1175; x_wconf 80' lang='grc' dir='ltr'>γὰρ</span> <span class='ocrx_word' id='word_1_59' title='bbox 1038 1073 1103 1150; x_wconf 80' lang='grc' dir='ltr'>οὐκ</span> <span class='ocrx_word' id='word_1_60' title='bbox 1121 1069 1280 1172; x_wconf 81' lang='grc' dir='ltr'>εὐλόγως</span> 
     </span>
     <span class='ocr_line' id='line_1_8' title="bbox 76 1191 1279 1297; baseline 0.003 -25"><span class='ocrx_word' id='word_1_61' title='bbox 76 1195 224 1296; x_wconf 83' lang='grc' dir='ltr'>ἐροῦμεν</span> <span class='ocrx_word' id='word_1_62' title='bbox 251 1199 300 1277; x_wconf 83' lang='grc' dir='ltr'>είς</span> <span class='ocrx_word' id='word_1_63' title='bbox 331 1192 422 1293; x_wconf 81' lang='grc' dir='ltr'>ὅλην</span> <span class='ocrx_word' id='word_1_64' title='bbox 448 1202 513 1274; x_wconf 84' lang='grc' dir='ltr'>τοῦ</span> <span class='ocrx_word' id='word_1_65' title='bbox 539 1193 770 1297; x_wconf 74' lang='grc' dir='ltr'>προκειμένου</span> <span class='ocrx_word' id='word_1_66' title='bbox 797 1192 863 1294; x_wconf 84' lang='grc' dir='ltr'>τήν</span> <span class='ocrx_word' id='word_1_67' title='bbox 892 1194 1049 1275; x_wconf 88' lang='grc' dir='ltr'>διάνοιαν</span> <span class='ocrx_word' id='word_1_68' title='bbox 1072 1191 1279 1291; x_wconf 90' lang='grc' dir='ltr'>βλέποντες,</span> 
     </span>
     <span class='ocr_line' id='line_1_9' title="bbox 78 1313 1280 1422; baseline -0.002 -25"><span class='ocrx_word' id='word_1_69' title='bbox 78 1314 134 1398; x_wconf 78' lang='grc' dir='ltr'>ὅτι</span> <span class='ocrx_word' id='word_1_70' title='bbox 160 1313 225 1397; x_wconf 78' lang='grc' dir='ltr'>τόν</span> <span class='ocrx_word' id='word_1_71' title='bbox 249 1315 314 1414; x_wconf 74' lang='grc' dir='ltr'>μέν</span> <span class='ocrx_word' id='word_1_72' title='bbox 339 1316 517 1422; x_wconf 80' lang='grc' dir='ltr'>ὑβριστήν</span> <span class='ocrx_word' id='word_1_73' title='bbox 539 1320 596 1398; x_wconf 74' lang='grc' dir='ltr'>καὶ</span> <span class='ocrx_word' id='word_1_74' title='bbox 624 1316 783 1420; x_wconf 80' lang='grc' dir='ltr'>ἀλαζόνα</span> <span class='ocrx_word' id='word_1_75' title='bbox 810 1326 883 1399; x_wconf 88' lang='grc' dir='ltr'>τῶν</span> <span class='ocrx_word' id='word_1_76' title='bbox 900 1321 1081 1400; x_wconf 85' lang='grc' dir='ltr'>Ἰουδαίων</span> <span class='ocrx_word' id='word_1_77' title='bbox 1100 1316 1202 1414; x_wconf 84' lang='grc' dir='ltr'>λαὸν,</span> <span class='ocrx_word' id='word_1_78' title='bbox 1221 1318 1280 1396; x_wconf 80' lang='grc' dir='ltr'>καὶ</span> 
     </span>
     <span class='ocr_line' id='line_1_10' title="bbox 77 1438 1282 1547; baseline 0.001 -27"><span class='ocrx_word' id='word_1_79' title='bbox 77 1438 281 1544; x_wconf 76' lang='grc' dir='ltr'>ἐκτρέπεται</span> <span class='ocrx_word' id='word_1_80' title='bbox 303 1441 445 1527; x_wconf 88' lang='grc' dir='ltr'>δικαίως</span> <span class='ocrx_word' id='word_1_81' title='bbox 474 1444 533 1522; x_wconf 78' lang='grc' dir='ltr'>καί</span> <span class='ocrx_word' id='word_1_82' title='bbox 559 1443 820 1541; x_wconf 81' lang='grc' dir='ltr'>καταλιμπάνει</span> <span class='ocrx_word' id='word_1_83' title='bbox 844 1441 1017 1546; x_wconf 79' lang='grc' dir='ltr'>Χριστός,</span> <span class='ocrx_word' id='word_1_84' title='bbox 1041 1441 1282 1547; x_wconf 87' lang='grc' dir='ltr'>προσδέχεται</span> 
     </span>
    </p>

    <p class='ocr_par' dir='ltr' id='par_1_5' title="bbox 22 1562 1429 2169">
     <span class='ocr_line' id='line_1_11' title="bbox 22 1562 1281 1674; baseline 0.004 -31"><span class='ocrx_word' id='word_1_85' title='bbox 22 1600 65 1643; x_wconf 87' lang='lat'>10</span> <span class='ocrx_word' id='word_1_86' title='bbox 78 1562 117 1644; x_wconf 81' lang='grc' dir='ltr'>δὲ</span> <span class='ocrx_word' id='word_1_87' title='bbox 141 1567 200 1644; x_wconf 87' lang='grc' dir='ltr'>καὶ</span> <span class='ocrx_word' id='word_1_88' title='bbox 224 1564 309 1645; x_wconf 88' lang='grc' dir='ltr'>λίαν</span> <span class='ocrx_word' id='word_1_89' title='bbox 328 1564 438 1666; x_wconf 86' lang='grc' dir='ltr'>ήδέως</span> <span class='ocrx_word' id='word_1_90' title='bbox 455 1564 537 1650; x_wconf 76' lang='grc' dir='ltr'>τοὺς</span> <span class='ocrx_word' id='word_1_91' title='bbox 559 1568 778 1668; x_wconf 89' lang='grc' dir='ltr'>προσιόντας</span> <span class='ocrx_word' id='word_1_92' title='bbox 800 1568 913 1674; x_wconf 76' lang='grc' dir='ltr'>αὐτῷ,</span> <span class='ocrx_word' id='word_1_93' title='bbox 933 1569 990 1647; x_wconf 80' lang='grc' dir='ltr'>καὶ</span> <span class='ocrx_word' id='word_1_94' title='bbox 1009 1574 1086 1652; x_wconf 82' lang='grc' dir='ltr'>ταῖς</span> <span class='ocrx_word' id='word_1_95' title='bbox 1104 1565 1281 1669; x_wconf 80' lang='grc' dir='ltr'>οὐρανίοις</span> 
     </span>
     <span class='ocr_line' id='line_1_12' title="bbox 78 1688 1429 1828; baseline 0.001 -61"><span class='ocrx_word' id='word_1_96' title='bbox 78 1689 298 1769; x_wconf 87' lang='grc' dir='ltr'>καταπιαίνει</span> <span class='ocrx_word' id='word_1_97' title='bbox 326 1696 488 1796; x_wconf 83' lang='grc' dir='ltr'>τροφοῖς,</span> <span class='ocrx_word' id='word_1_98' title='bbox 507 1689 616 1794; x_wconf 86' lang='grc' dir='ltr'>ἀρτον</span> <span class='ocrx_word' id='word_1_99' title='bbox 644 1688 779 1793; x_wconf 89' lang='grc' dir='ltr'>ὀρέγων</span> <span class='ocrx_word' id='word_1_100' title='bbox 807 1689 871 1770; x_wconf 84' lang='grc' dir='ltr'>τὸν</span> <span class='ocrx_word' id='word_1_101' title='bbox 900 1689 1039 1790; x_wconf 83' lang='grc' dir='ltr'>νοητὸν,</span> <span class='ocrx_word' id='word_1_102' title='bbox 1057 1689 1122 1770; x_wconf 84' lang='grc' dir='ltr'>τὸν</span> <span class='ocrx_word' id='word_1_103' title='bbox 1149 1689 1278 1792; x_wconf 90' lang='grc' dir='ltr'>στηρί-</span> <span class='ocrx_word' id='word_1_104' title='bbox 1326 1699 1429 1828; x_wconf 57' lang='grc' dir='ltr'>ξέ-οῑίῑ</span> 
     </span>
     <span class='ocr_line' id='line_1_13' title="bbox 79 1803 1367 1918; baseline 0.006 -28"><span class='ocrx_word' id='word_1_105' title='bbox 79 1809 185 1915; x_wconf 83' lang='grc' dir='ltr'>ζοντα</span> <span class='ocrx_word' id='word_1_106' title='bbox 227 1813 375 1916; x_wconf 84' lang='grc' dir='ltr'>καρδίαν</span> <span class='ocrx_word' id='word_1_107' title='bbox 415 1812 633 1918; x_wconf 83' lang='grc' dir='ltr'>ἀνθρῶπυο;</span> <span class='ocrx_word' id='word_1_108' title='bbox 683 1812 878 1918; x_wconf 78' lang='grc' dir='ltr'>ἀποτρέψει</span> <span class='ocrx_word' id='word_1_109' title='bbox 922 1813 960 1892; x_wconf 80' lang='grc' dir='ltr'>δὲ</span> <span class='ocrx_word' id='word_1_110' title='bbox 1004 1816 1067 1894; x_wconf 80' lang='grc' dir='ltr'>οὐκ</span> <span class='ocrx_word' id='word_1_111' title='bbox 1105 1813 1317 1897; x_wconf 78' lang='grc' dir='ltr'>ἐπιπόνωςᾶ</span> <span class='ocrx_word' id='word_1_112' title='bbox 1361 1803 1367 1816; x_wconf 46' lang='lat'>¹</span> 
     </span>
     <span class='ocr_line' id='line_1_14' title="bbox 79 1931 1283 2039; baseline 0.001 -25"><span class='ocrx_word' id='word_1_113' title='bbox 79 1931 218 2032; x_wconf 65' lang='grc' dir='ltr'>ωάτοῶς,</span> <span class='ocrx_word' id='word_1_114' title='bbox 236 1936 321 2014; x_wconf 88' lang='grc' dir='ltr'>ἀλλ’</span> <span class='ocrx_word' id='word_1_115' title='bbox 342 1942 476 2039; x_wconf 87' lang='grc' dir='ltr'>ίλαρῶς</span> <span class='ocrx_word' id='word_1_116' title='bbox 503 1971 543 2017; x_wconf 92' lang='grc' dir='ltr'>τε</span> <span class='ocrx_word' id='word_1_117' title='bbox 570 1942 628 2017; x_wconf 78' lang='grc' dir='ltr'>καὶ</span> <span class='ocrx_word' id='word_1_118' title='bbox 656 1936 855 2035; x_wconf 75' lang='grc' dir='ltr'>ἀνειμένως,</span> <span class='ocrx_word' id='word_1_119' title='bbox 874 1939 933 2017; x_wconf 78' lang='grc' dir='ltr'>καὶ</span> <span class='ocrx_word' id='word_1_120' title='bbox 951 1935 1040 2036; x_wconf 80' lang='grc' dir='ltr'>μετὰ</span> <span class='ocrx_word' id='word_1_121' title='bbox 1057 1944 1201 2037; x_wconf 78' lang='grc' dir='ltr'>πολλῆς</span> <span class='ocrx_word' id='word_1_122' title='bbox 1219 1943 1283 2038; x_wconf 78' lang='grc' dir='ltr'>τῆς</span> 
     </span>
     <span class='ocr_line' id='line_1_15' title="bbox 80 2058 1284 2169; baseline 0.002 -32"><span class='ocrx_word' id='word_1_123' title='bbox 80 2061 119 2137; x_wconf 84' lang='grc' dir='ltr'>ἐν</span> <span class='ocrx_word' id='word_1_124' title='bbox 137 2058 307 2167; x_wconf 74' lang='grc' dir='ltr'>εὐλαβείᾳ</span> <span class='ocrx_word' id='word_1_125' title='bbox 330 2059 502 2167; x_wconf 74' lang='grc' dir='ltr'>τέρψεως.</span> <span class='ocrx_word' id='word_1_126' title='bbox 541 2069 648 2141; x_wconf 81' lang='grc' dir='ltr'>τοῦτο</span> <span class='ocrx_word' id='word_1_127' title='bbox 673 2058 745 2164; x_wconf 79' lang='grc' dir='ltr'>γάρ</span> <span class='ocrx_word' id='word_1_128' title='bbox 763 2061 890 2160; x_wconf 82' lang='grc' dir='ltr'>ἡμΐνή</span> <span class='ocrx_word' id='word_1_129' title='bbox 914 2063 972 2142; x_wconf 78' lang='grc' dir='ltr'>ε’πί</span> <span class='ocrx_word' id='word_1_130' title='bbox 997 2066 1049 2168; x_wconf 79' lang='grc' dir='ltr'>τῷ</span> <span class='ocrx_word' id='word_1_131' title='bbox 1073 2061 1193 2169; x_wconf 81' lang='grc' dir='ltr'>χόρτῳ</span> <span class='ocrx_word' id='word_1_132' title='bbox 1212 2068 1284 2141; x_wconf 90' lang='grc' dir='ltr'>τῶν</span> 
     </span>
    </p>

    <p class='ocr_par' dir='ltr' id='par_1_6' title="bbox 27 2179 1436 2788">
     <span class='ocr_line' id='line_1_16' title="bbox 27 2179 1284 2292; baseline 0.003 -33"><span class='ocrx_word' id='word_1_133' title='bbox 27 2212 68 2273; x_wconf 85' lang='lat'>15</span> <span class='ocrx_word' id='word_1_134' title='bbox 80 2179 205 2286; x_wconf 81' lang='grc' dir='ltr'>ὄχλων</span> <span class='ocrx_word' id='word_1_135' title='bbox 221 2181 434 2268; x_wconf 85' lang='grc' dir='ltr'>κατάκλισις</span> <span class='ocrx_word' id='word_1_136' title='bbox 451 2186 628 2285; x_wconf 81' lang='grc' dir='ltr'>σημαίνει,</span> <span class='ocrx_word' id='word_1_137' title='bbox 648 2188 696 2268; x_wconf 88' lang='grc' dir='ltr'>ὡς</span> <span class='ocrx_word' id='word_1_138' title='bbox 718 2185 787 2284; x_wconf 83' lang='grc' dir='ltr'>ἤδη</span> <span class='ocrx_word' id='word_1_139' title='bbox 806 2188 863 2264; x_wconf 84' lang='grc' dir='ltr'>καὶ</span> <span class='ocrx_word' id='word_1_140' title='bbox 886 2181 1033 2287; x_wconf 89' lang='grc' dir='ltr'>πρέπειν</span> <span class='ocrx_word' id='word_1_141' title='bbox 1051 2185 1284 2292; x_wconf 68' lang='grc' dir='ltr'>ἑκάστηντῶν</span> 
     </span>
     <span class='ocr_line' id='line_1_17' title="bbox 80 2308 1285 2418; baseline -0.003 -25"><span class='ocrx_word' id='word_1_142' title='bbox 80 2312 146 2409; x_wconf 78' lang='grc' dir='ltr'>τῆς</span> <span class='ocrx_word' id='word_1_143' title='bbox 164 2308 327 2410; x_wconf 77' lang='grc' dir='ltr'>τοιαύτης</span> <span class='ocrx_word' id='word_1_144' title='bbox 350 2309 555 2418; x_wconf 77' lang='grc' dir='ltr'>ἠξιωμένων</span> <span class='ocrx_word' id='word_1_145' title='bbox 572 2308 718 2416; x_wconf 89' lang='grc' dir='ltr'>χάριτος</span> <span class='ocrx_word' id='word_1_146' title='bbox 735 2308 778 2390; x_wconf 82' lang='grc' dir='ltr'>τὸ</span> <span class='ocrx_word' id='word_1_147' title='bbox 795 2311 833 2389; x_wconf 83' lang='grc' dir='ltr'>ἐν</span> <span class='ocrx_word' id='word_1_148' title='bbox 852 2314 1017 2416; x_wconf 77' lang='grc' dir='ltr'>ψαλμοῖς</span> <span class='ocrx_word' id='word_1_149' title='bbox 1035 2311 1145 2389; x_wconf 80' lang='grc' dir='ltr'>ἐκεῖνο</span> <span class='ocrx_word' id='word_1_150' title='bbox 1166 2309 1285 2411; x_wconf 88' lang='grc' dir='ltr'>λέγειν</span> 
     </span>
     <span class='ocr_line' id='line_1_18' title="bbox 82 2433 1436 2539; baseline 0.001 -26"><span class='ocrx_word' id='word_1_151' title='bbox 82 2443 104 2481; x_wconf 86' lang='grc'><strong>“</strong></span> <span class='ocrx_word' id='word_1_152' title='bbox 125 2433 258 2537; x_wconf 75' lang='grc' dir='ltr'>Κύριος</span> <span class='ocrx_word' id='word_1_153' title='bbox 286 2435 464 2534; x_wconf 87' lang='grc' dir='ltr'>ποιμαίνει</span> <span class='ocrx_word' id='word_1_154' title='bbox 493 2470 552 2533; x_wconf 91' lang='grc' dir='ltr'>με,</span> <span class='ocrx_word' id='word_1_155' title='bbox 580 2437 638 2516; x_wconf 82' lang='grc' dir='ltr'>καὶ</span> <span class='ocrx_word' id='word_1_156' title='bbox 666 2434 768 2515; x_wconf 82' lang='grc' dir='ltr'>οὐδέν</span> <span class='ocrx_word' id='word_1_157' title='bbox 795 2469 840 2533; x_wconf 91' lang='grc' dir='ltr'>με</span> <span class='ocrx_word' id='word_1_158' title='bbox 868 2433 1067 2539; x_wconf 72' lang='grc' dir='ltr'>ὑπερήσει·</span> <span class='ocrx_word' id='word_1_159' title='bbox 1097 2440 1145 2518; x_wconf 87' lang='grc' dir='ltr'>είς</span> <span class='ocrx_word' id='word_1_160' title='bbox 1172 2433 1284 2515; x_wconf 82' lang='grc' dir='ltr'>τόπον</span> <span class='ocrx_word' id='word_1_161' title='bbox 1329 2450 1436 2500; x_wconf 72' lang='lat' dir='ltr'>Pmii.</span> 
     </span>
     <span class='ocr_line' id='line_1_19' title="bbox 81 2531 1386 2664; baseline 0.001 -27"><span class='ocrx_word' id='word_1_162' title='bbox 81 2566 105 2604; x_wconf 92' lang='lat'>“</span> <span class='ocrx_word' id='word_1_163' title='bbox 123 2555 238 2663; x_wconf 86' lang='grc' dir='ltr'>χλόης</span> <span class='ocrx_word' id='word_1_164' title='bbox 261 2562 333 2640; x_wconf 80' lang='grc' dir='ltr'>ἐκεῖ</span> <span class='ocrx_word' id='word_1_165' title='bbox 351 2592 397 2658; x_wconf 86' lang='grc' dir='ltr'>με</span> <span class='ocrx_word' id='word_1_166' title='bbox 423 2557 735 2659; x_wconf 88' lang='grc' dir='ltr'>κατεσκήνωσεν.”</span> <span class='ocrx_word' id='word_1_167' title='bbox 775 2560 813 2637; x_wconf 86' lang='grc' dir='ltr'>έν</span> <span class='ocrx_word' id='word_1_168' title='bbox 830 2563 956 2664; x_wconf 80' lang='grc' dir='ltr'>πολλή</span> <span class='ocrx_word' id='word_1_169' title='bbox 983 2557 1056 2661; x_wconf 87' lang='grc' dir='ltr'>γάρ</span> <span class='ocrx_word' id='word_1_170' title='bbox 1075 2557 1200 2664; x_wconf 86' lang='grc' dir='ltr'>τέρψει</span> <span class='ocrx_word' id='word_1_171' title='bbox 1225 2560 1283 2638; x_wconf 80' lang='grc' dir='ltr'>καὶ</span> <span class='ocrx_word' id='word_1_172' title='bbox 1333 2531 1386 2576; x_wconf 52' lang='grc' dir='ltr'>Μ’</span> 
     </span>
     <span class='ocr_line' id='line_1_20' title="bbox 81 2681 1282 2788; baseline 0 -26"><span class='ocrx_word' id='word_1_173' title='bbox 81 2687 204 2788; x_wconf 81' lang='grc' dir='ltr'>τρυφή</span> <span class='ocrx_word' id='word_1_174' title='bbox 231 2690 309 2767; x_wconf 88' lang='grc' dir='ltr'>ταῖς</span> <span class='ocrx_word' id='word_1_175' title='bbox 332 2691 396 2763; x_wconf 85' lang='grc' dir='ltr'>τοῦ</span> <span class='ocrx_word' id='word_1_176' title='bbox 424 2682 635 2783; x_wconf 84' lang='grc' dir='ltr'>Πνεάματυς</span> <span class='ocrx_word' id='word_1_177' title='bbox 662 2682 847 2787; x_wconf 88' lang='grc' dir='ltr'>χορηγίαις</span> <span class='ocrx_word' id='word_1_178' title='bbox 875 2683 894 2761; x_wconf 87' lang='grc' dir='ltr'>ὁ</span> <span class='ocrx_word' id='word_1_179' title='bbox 923 2690 995 2761; x_wconf 91' lang='grc' dir='ltr'>τῶν</span> <span class='ocrx_word' id='word_1_180' title='bbox 1023 2681 1137 2782; x_wconf 84' lang='grc' dir='ltr'>ἁγίων</span> <span class='ocrx_word' id='word_1_181' title='bbox 1164 2681 1282 2784; x_wconf 89' lang='grc' dir='ltr'>ε’κτρέ·</span> 
     </span>
    </p>
   </div>
   <div class='ocr_carea' id='block_1_3' title="bbox 31 2802 1316 2914">
    <p class='ocr_par' dir='ltr' id='par_1_7' title="bbox 31 2802 1316 2914">
     <span class='ocr_line' id='line_1_21' title="bbox 31 2802 1316 2914; baseline -0.003 -28"><span class='ocrx_word' id='word_1_182' title='bbox 31 2812 191 2913; x_wconf 76' lang='grc' dir='ltr'>τοφεται</span> <span class='ocrx_word' id='word_1_183' title='bbox 217 2815 312 2905; x_wconf 82' lang='grc' dir='ltr'>νοῦς,</span> <span class='ocrx_word' id='word_1_184' title='bbox 334 2805 425 2887; x_wconf 83' lang='grc' dir='ltr'>κατὰ</span> <span class='ocrx_word' id='word_1_185' title='bbox 449 2805 492 2888; x_wconf 82' lang='grc' dir='ltr'>τὸ</span> <span class='ocrx_word' id='word_1_186' title='bbox 518 2806 700 2910; x_wconf 77' lang='grc' dir='ltr'>εἰρημένου</span> <span class='ocrx_word' id='word_1_187' title='bbox 717 2810 755 2887; x_wconf 85' lang='grc' dir='ltr'>ἐν</span> <span class='ocrx_word' id='word_1_188' title='bbox 778 2813 830 2914; x_wconf 79' lang='grc' dir='ltr'>τῷ</span> <span class='ocrx_word' id='word_1_189' title='bbox 856 2802 994 2913; x_wconf 81' lang='grc' dir='ltr'>ᾄσματι</span> <span class='ocrx_word' id='word_1_190' title='bbox 1019 2814 1092 2886; x_wconf 89' lang='grc' dir='ltr'>τῶν</span> <span class='ocrx_word' id='word_1_191' title='bbox 1110 2804 1316 2914; x_wconf 75' lang='grc' dir='ltr'>ἀσμάτωνο</span> 
     </span>
    </p>
   </div>
   <div class='ocr_carea' id='block_1_4' title="bbox 34 2928 1459 4466">
    <p class='ocr_par' dir='ltr' id='par_1_8' title="bbox 34 2928 1459 4466">
     <span class='ocr_line' id='line_1_22' title="bbox 83 2928 1406 3053; baseline -0.001 -42"><span class='ocrx_word' id='word_1_192' title='bbox 83 2939 108 2978; x_wconf 90' lang='lat'>“</span> <span class='ocrx_word' id='word_1_193' title='bbox 126 2928 265 3033; x_wconf 88' lang='grc' dir='ltr'>Φάγετε</span> <span class='ocrx_word' id='word_1_194' title='bbox 284 2935 343 3012; x_wconf 82' lang='grc' dir='ltr'>καὶ</span> <span class='ocrx_word' id='word_1_195' title='bbox 363 2934 460 3012; x_wconf 88' lang='grc' dir='ltr'>πίετε</span> <span class='ocrx_word' id='word_1_196' title='bbox 486 2937 543 3011; x_wconf 81' lang='grc' dir='ltr'>καὶ</span> <span class='ocrx_word' id='word_1_197' title='bbox 569 2931 773 3030; x_wconf 82' lang='grc' dir='ltr'>μεθάσθητε</span> <span class='ocrx_word' id='word_1_198' title='bbox 791 2934 823 3010; x_wconf 86' lang='grc' dir='ltr'>οί</span> <span class='ocrx_word' id='word_1_199' title='bbox 842 2930 1038 3029; x_wconf 88' lang='grc' dir='ltr'>πλησίον.”</span> <span class='ocrx_word' id='word_1_200' title='bbox 1077 2936 1229 3009; x_wconf 88' lang='grc' dir='ltr'>πολλῶν</span> <span class='ocrx_word' id='word_1_201' title='bbox 1248 2929 1286 3010; x_wconf 75' lang='grc' dir='ltr'>δέ</span> <span class='ocrx_word' id='word_1_202' title='bbox 1331 2937 1406 3053; x_wconf 52' lang='lat' dir='ltr'>eff}-</span> 
     </span>
     <span class='ocr_line' id='line_1_23' title="bbox 83 3051 1284 3163; baseline -0.003 -29"><span class='ocrx_word' id='word_1_203' title='bbox 83 3052 199 3135; x_wconf 82' lang='grc' dir='ltr'>όντων</span> <span class='ocrx_word' id='word_1_204' title='bbox 221 3059 281 3135; x_wconf 82' lang='grc' dir='ltr'>καὶ</span> <span class='ocrx_word' id='word_1_205' title='bbox 305 3056 451 3163; x_wconf 76' lang='grc' dir='ltr'>ἀναμὶξ,</span> <span class='ocrx_word' id='word_1_206' title='bbox 472 3056 633 3158; x_wconf 90' lang='grc' dir='ltr'>καθάπερ</span> <span class='ocrx_word' id='word_1_207' title='bbox 656 3056 725 3156; x_wconf 81' lang='grc' dir='ltr'>ἤδη</span> <span class='ocrx_word' id='word_1_208' title='bbox 750 3051 1021 3157; x_wconf 88' lang='grc' dir='ltr'>προειρήκαμεν,</span> <span class='ocrx_word' id='word_1_209' title='bbox 1047 3058 1120 3131; x_wconf 91' lang='grc' dir='ltr'>τῶν</span> <span class='ocrx_word' id='word_1_210' title='bbox 1142 3054 1284 3131; x_wconf 84' lang='grc' dir='ltr'>ἀνακει-</span> 
     </span>
     <span class='ocr_line' id='line_1_24' title="bbox 84 3178 1290 3286; baseline 0.001 -24"><span class='ocrx_word' id='word_1_211' title='bbox 84 3182 201 3282; x_wconf 84' lang='grc' dir='ltr'>μένων</span> <span class='ocrx_word' id='word_1_212' title='bbox 234 3185 375 3286; x_wconf 87' lang='grc' dir='ltr'>ἀνδρῶν</span> <span class='ocrx_word' id='word_1_213' title='bbox 412 3182 620 3283; x_wconf 83' lang='grc' dir='ltr'>ἐπεμνήσθη</span> <span class='ocrx_word' id='word_1_214' title='bbox 653 3181 785 3281; x_wconf 89' lang='grc' dir='ltr'>μόνων,</span> <span class='ocrx_word' id='word_1_215' title='bbox 820 3178 1086 3280; x_wconf 86' lang='grc' dir='ltr'>ἀποσιωπήσας</span> <span class='ocrx_word' id='word_1_216' title='bbox 1119 3186 1290 3280; x_wconf 84' lang='grc' dir='ltr'>γυναῖκας</span> 
     </span>
     <span class='ocr_line' id='line_1_25' title="bbox 86 3301 1289 3413; baseline 0.003 -30"><span class='ocrx_word' id='word_1_217' title='bbox 86 3305 145 3384; x_wconf 78' lang='grc' dir='ltr'>καὶ</span> <span class='ocrx_word' id='word_1_218' title='bbox 173 3306 279 3387; x_wconf 87' lang='grc' dir='ltr'>τέικνα</span> <span class='ocrx_word' id='word_1_219' title='bbox 303 3308 490 3412; x_wconf 87' lang='grc' dir='ltr'>χρησίμως</span> <span class='ocrx_word' id='word_1_220' title='bbox 517 3310 569 3413; x_wconf 77' lang='grc' dir='ltr'>τῷ</span> <span class='ocrx_word' id='word_1_221' title='bbox 593 3305 807 3408; x_wconf 84' lang='grc' dir='ltr'>θεωρήματι.</span> <span class='ocrx_word' id='word_1_222' title='bbox 849 3301 1008 3384; x_wconf 83' lang='grc' dir='ltr'>διδάσκει</span> <span class='ocrx_word' id='word_1_223' title='bbox 1031 3301 1104 3405; x_wconf 80' lang='grc' dir='ltr'>γὰρ</span> <span class='ocrx_word' id='word_1_224' title='bbox 1127 3303 1218 3402; x_wconf 79' lang='grc' dir='ltr'>ἡμᾶς</span> <span class='ocrx_word' id='word_1_225' title='bbox 1241 3305 1289 3387; x_wconf 87' lang='grc' dir='ltr'>ῶς</span> 
     </span>
     <span class='ocr_line' id='line_1_26' title="bbox 34 3425 1290 3532; baseline -0.006 -18"><span class='ocrx_word' id='word_1_226' title='bbox 34 3451 74 3514; x_wconf 82' lang='lat'>²5</span> <span class='ocrx_word' id='word_1_227' title='bbox 88 3429 132 3508; x_wconf 85' lang='grc' dir='ltr'>δι’</span> <span class='ocrx_word' id='word_1_228' title='bbox 152 3430 368 3532; x_wconf 75' lang='grc' dir='ltr'>αἰνίγματος,</span> <span class='ocrx_word' id='word_1_229' title='bbox 385 3430 438 3510; x_wconf 81' lang='grc' dir='ltr'>ὅτι</span> <span class='ocrx_word' id='word_1_230' title='bbox 456 3437 530 3514; x_wconf 82' lang='grc' dir='ltr'>τοῖς</span> <span class='ocrx_word' id='word_1_231' title='bbox 548 3430 815 3532; x_wconf 82' lang='grc' dir='ltr'>ἀνδριζομένοις,</span> <span class='ocrx_word' id='word_1_232' title='bbox 829 3434 876 3512; x_wconf 85' lang='grc' dir='ltr'>είς</span> <span class='ocrx_word' id='word_1_233' title='bbox 894 3425 937 3507; x_wconf 82' lang='grc' dir='ltr'>τὸ</span> <span class='ocrx_word' id='word_1_234' title='bbox 956 3426 1094 3529; x_wconf 84' lang='grc' dir='ltr'>ἀγαθὸν</span> <span class='ocrx_word' id='word_1_235' title='bbox 1112 3425 1290 3526; x_wconf 86' lang='grc' dir='ltr'>δηλονότι,</span> 
     </span>
     <span class='ocr_line' id='line_1_27' title="bbox 86 3548 1291 3660; baseline 0 -24"><span class='ocrx_word' id='word_1_236' title='bbox 86 3555 383 3660; x_wconf 68' lang='grc' dir='ltr'>πρεπωδείττερόν</span> <span class='ocrx_word' id='word_1_237' title='bbox 410 3589 487 3638; x_wconf 88' lang='grc' dir='ltr'>πως</span> <span class='ocrx_word' id='word_1_238' title='bbox 520 3556 578 3633; x_wconf 83' lang='grc' dir='ltr'>καὶ</span> <span class='ocrx_word' id='word_1_239' title='bbox 610 3550 818 3655; x_wconf 80' lang='grc' dir='ltr'>οἶκειότερον</span> <span class='ocrx_word' id='word_1_240' title='bbox 845 3553 868 3652; x_wconf 89' lang='grc' dir='ltr'>ή</span> <span class='ocrx_word' id='word_1_241' title='bbox 900 3548 999 3654; x_wconf 78' lang='grc' dir='ltr'>παρὰ</span> <span class='ocrx_word' id='word_1_242' title='bbox 1029 3559 1094 3629; x_wconf 81' lang='grc' dir='ltr'>τοῦ</span> <span class='ocrx_word' id='word_1_243' title='bbox 1123 3556 1291 3655; x_wconf 79' lang='grc' dir='ltr'>Σωτῆρος</span> 
     </span>
     <span class='ocr_line' id='line_1_28' title="bbox 88 3675 1287 3784; baseline -0.003 -26"><span class='ocrx_word' id='word_1_244' title='bbox 88 3677 378 3784; x_wconf 88' lang='grc' dir='ltr'>χορηγηθήσεται</span> <span class='ocrx_word' id='word_1_245' title='bbox 412 3676 540 3784; x_wconf 84' lang='grc' dir='ltr'>τροφὴ,</span> <span class='ocrx_word' id='word_1_246' title='bbox 574 3679 633 3758; x_wconf 79' lang='grc' dir='ltr'>καὶ</span> <span class='ocrx_word' id='word_1_247' title='bbox 667 3678 746 3781; x_wconf 79' lang='grc' dir='ltr'>οὐχὶ</span> <span class='ocrx_word' id='word_1_248' title='bbox 777 3682 852 3761; x_wconf 85' lang='grc' dir='ltr'>τοῖς</span> <span class='ocrx_word' id='word_1_249' title='bbox 883 3675 1144 3773; x_wconf 82' lang='grc' dir='ltr'>ε’κθηλάνεσθαι</span> <span class='ocrx_word' id='word_1_250' title='bbox 1170 3680 1287 3782; x_wconf 83' lang='grc' dir='ltr'>πεφυ-</span> 
     </span>
     <span class='ocr_line' id='line_1_29' title="bbox 89 3797 1459 3910; baseline -0.009 -28"><span class='ocrx_word' id='word_1_251' title='bbox 89 3801 195 3883; x_wconf 91' lang='grc' dir='ltr'>κόσιν</span> <span class='ocrx_word' id='word_1_252' title='bbox 222 3809 271 3886; x_wconf 84' lang='grc' dir='ltr'>είς</span> <span class='ocrx_word' id='word_1_253' title='bbox 298 3803 373 3910; x_wconf 81' lang='grc' dir='ltr'>ἕξιν</span> <span class='ocrx_word' id='word_1_254' title='bbox 400 3805 463 3883; x_wconf 80' lang='grc' dir='ltr'>οὐκ</span> <span class='ocrx_word' id='word_1_255' title='bbox 491 3801 641 3904; x_wconf 78' lang='grc' dir='ltr'>ἀγαθήν,</span> <span class='ocrx_word' id='word_1_256' title='bbox 661 3801 746 3880; x_wconf 87' lang='grc' dir='ltr'>ἀλλ’</span> <span class='ocrx_word' id='word_1_257' title='bbox 767 3798 848 3881; x_wconf 74' lang='grc' dir='ltr'>οὐδὲ</span> <span class='ocrx_word' id='word_1_258' title='bbox 876 3805 949 3883; x_wconf 88' lang='grc' dir='ltr'>τοῖς</span> <span class='ocrx_word' id='word_1_259' title='bbox 977 3797 1187 3901; x_wconf 84' lang='grc' dir='ltr'>νηπιάζουσι</span> <span class='ocrx_word' id='word_1_260' title='bbox 1215 3805 1323 3882; x_wconf 77' lang='grc' dir='ltr'>ταῖςι</span> <span class='ocrx_word' id='word_1_261' title='bbox 1344 3815 1459 3874; x_wconf 79' lang='lat' dir='ltr'>282A.</span> 
     </span>
     <span class='ocr_line' id='line_1_30' title="bbox 89 3917 1290 4032; baseline -0.006 -26"><span class='ocrx_word' id='word_1_262' title='bbox 89 3930 233 4032; x_wconf 80' lang='grc' dir='ltr'>φρεσὶν,</span> <span class='ocrx_word' id='word_1_263' title='bbox 253 3929 301 4011; x_wconf 88' lang='grc' dir='ltr'>ῶς</span> <span class='ocrx_word' id='word_1_264' title='bbox 329 3924 386 4005; x_wconf 85' lang='grc' dir='ltr'>διά</span> <span class='ocrx_word' id='word_1_265' title='bbox 413 3933 520 4006; x_wconf 81' lang='grc' dir='ltr'>τοῦτο</span> <span class='ocrx_word' id='word_1_266' title='bbox 547 3922 659 4024; x_wconf 78' lang='grc' dir='ltr'>μηδέν</span> <span class='ocrx_word' id='word_1_267' title='bbox 685 3922 844 4006; x_wconf 88' lang='grc' dir='ltr'>συνιέναι</span> <span class='ocrx_word' id='word_1_268' title='bbox 873 3921 1050 4003; x_wconf 82' lang='grc' dir='ltr'>δύνασθαι</span> <span class='ocrx_word' id='word_1_269' title='bbox 1077 3925 1151 4000; x_wconf 89' lang='grc' dir='ltr'>τῶν</span> <span class='ocrx_word' id='word_1_270' title='bbox 1172 3917 1290 4022; x_wconf 84' lang='grc' dir='ltr'>ἀναγ-</span> 
     </span>
     <span class='ocr_line' id='line_1_31' title="bbox 34 4052 434 4153; baseline -0.003 -24"><span class='ocrx_word' id='word_1_271' title='bbox 34 4088 78 4146; x_wconf 78' lang='lat'>30</span> <span class='ocrx_word' id='word_1_272' title='bbox 90 4052 201 4131; x_wconf 88' lang='grc' dir='ltr'>καίων</span> <span class='ocrx_word' id='word_1_273' title='bbox 217 4055 266 4134; x_wconf 80' lang='grc' dir='ltr'>είς</span> <span class='ocrx_word' id='word_1_274' title='bbox 285 4056 434 4153; x_wconf 89' lang='grc' dir='ltr'>γνῶσιν.</span> 
     </span>
     <span class='ocr_line' id='line_1_32' title="bbox 130 4229 1295 4310; baseline -0.009 -17"><span class='ocrx_word' id='word_1_275' title='bbox 130 4256 188 4306; x_wconf 70' lang='grc'>1-4.</span> <span class='ocrx_word' id='word_1_276' title='bbox 207 4235 392 4307; x_wconf 66' lang='grc' dir='ltr'>θηλειῶν-ἐπ’</span> <span class='ocrx_word' id='word_1_277' title='bbox 406 4236 511 4307; x_wconf 71' lang='grc' dir='ltr'>ἀγαθοῖς</span> <span class='ocrx_word' id='word_1_278' title='bbox 522 4237 585 4291; x_wconf 81' lang='lat' dir='ltr'><strong>citat</strong></span> <span class='ocrx_word' id='word_1_279' title='bbox 597 4234 715 4306; x_wconf 84' lang='lat' dir='ltr'><strong>Nikeph.</strong></span> <span class='ocrx_word' id='word_1_280' title='bbox 729 4235 747 4289; x_wconf 90' lang='lat' dir='ltr'>i.</span> <span class='ocrx_word' id='word_1_281' title='bbox 764 4232 839 4299; x_wconf 87' lang='lat'>1164.</span> <span class='ocrx_word' id='word_1_282' title='bbox 1026 4246 1060 4310; x_wconf 80' lang='grc' dir='ltr'>τ.Ι</span> <span class='ocrx_word' id='word_1_283' title='bbox 1070 4229 1111 4283; x_wconf 77' lang='grc' dir='ltr'>καὶ</span> <span class='ocrx_word' id='word_1_284' title='bbox 1123 4238 1295 4299; x_wconf 77' lang='lat' dir='ltr'><strong>assumptum</strong></span> 
     </span>
     <span class='ocr_line' id='line_1_33' title="bbox 92 4299 1294 4424; baseline -0.012 -58"><span class='ocrx_word' id='word_1_285' title='bbox 92 4329 126 4366; x_wconf 84' lang='lat' dir='ltr'>ex</span> <span class='ocrx_word' id='word_1_286' title='bbox 135 4309 206 4365; x_wconf 89' lang='grc' dir='ltr'>Β.Ι).</span> <span class='ocrx_word' id='word_1_287' title='bbox 219 4308 338 4379; x_wconf 82' lang='lat' dir='ltr'><strong>Nikeph.</strong></span> <span class='ocrx_word' id='word_1_288' title='bbox 350 4308 425 4398; x_wconf 50' lang='lat' dir='ltr'>et&#39;ita</span> <span class='ocrx_word' id='word_1_289' title='bbox 437 4307 549 4379; x_wconf 83' lang='lat' dir='ltr'>conjecit</span> <span class='ocrx_word' id='word_1_290' title='bbox 562 4306 666 4396; x_wconf 60' lang='grc' dir='ltr'>Μίμας.</span> <span class='ocrx_word' id='word_1_291' title='bbox 739 4321 763 4358; x_wconf 86' lang='lat'>2.</span> <span class='ocrx_word' id='word_1_292' title='bbox 776 4304 812 4385; x_wconf 36' lang='grc' dir='ltr'>,δὲ</span> <span class='ocrx_word' id='word_1_293' title='bbox 823 4320 878 4357; x_wconf 88' lang='lat' dir='ltr'>om.</span> <span class='ocrx_word' id='word_1_294' title='bbox 888 4300 922 4356; x_wconf 89' lang='lat' dir='ltr'>B.</span> <span class='ocrx_word' id='word_1_295' title='bbox 933 4300 1014 4356; x_wconf 80' lang='lat' dir='ltr'>habet</span> <span class='ocrx_word' id='word_1_296' title='bbox 1026 4299 1091 4388; x_wconf 57' lang='grc' dir='ltr'>Βάκ.</span> <span class='ocrx_word' id='word_1_297' title='bbox 1147 4316 1196 4390; x_wconf 51' lang='grc' dir='ltr'>χς.Ι</span> <span class='ocrx_word' id='word_1_298' title='bbox 1206 4300 1294 4424; x_wconf 69' lang='grc' dir='ltr'>βίβλΒφ</span> 
     </span>
     <span class='ocr_line' id='line_1_34' title="bbox 95 4365 1295 4466; baseline -0.009 -30"><span class='ocrx_word' id='word_1_299' title='bbox 95 4382 129 4436; x_wconf 87' lang='grc' dir='ltr'>Β.</span> <span class='ocrx_word' id='word_1_300' title='bbox 143 4379 403 4449; x_wconf 61' lang='grc' dir='ltr'>ΝιΙκ.Οαῑδ.βιβλιφ</span> <span class='ocrx_word' id='word_1_301' title='bbox 416 4377 467 4433; x_wconf 85' lang='lat' dir='ltr'>Ed.</span> <span class='ocrx_word' id='word_1_302' title='bbox 574 4396 601 4443; x_wconf 78' lang='lat'>4.</span> <span class='ocrx_word' id='word_1_303' title='bbox 618 4374 677 4466; x_wconf 72' lang='grc' dir='ltr'>την]</span> <span class='ocrx_word' id='word_1_304' title='bbox 691 4376 811 4445; x_wconf 59' lang='lat' dir='ltr'>rmum)</span> <span class='ocrx_word' id='word_1_305' title='bbox 826 4373 857 4428; x_wconf 86' lang='lat' dir='ltr'>B.</span> <span class='ocrx_word' id='word_1_306' title='bbox 975 4388 1017 4427; x_wconf 90' lang='lat'>10.</span> <span class='ocrx_word' id='word_1_307' title='bbox 1035 4365 1248 4440; x_wconf 81' lang='grc' dir='ltr'>ηδεως]ετοιμως</span> <span class='ocrx_word' id='word_1_308' title='bbox 1287 4409 1295 4425; x_wconf 91' lang='grc'>.</span> 
     </span>
    </p>
   </div>
   <div class='ocr_carea' id='block_1_5' title="bbox 95 4440 1296 4594">
    <p class='ocr_par' dir='ltr' id='par_1_9' title="bbox 95 4440 1296 4594">
     <span class='ocr_line' id='line_1_35' title="bbox 98 4440 1296 4523; baseline -0.011 -15"><span class='ocrx_word' id='word_1_309' title='bbox 98 4469 139 4523; x_wconf 82' lang='lat'>13.</span> <span class='ocrx_word' id='word_1_310' title='bbox 157 4450 216 4522; x_wconf 81' lang='grc' dir='ltr'>τῆς]</span> <span class='ocrx_word' id='word_1_311' title='bbox 229 4473 298 4507; x_wconf 88' lang='grc' dir='ltr'>τινος</span> <span class='ocrx_word' id='word_1_312' title='bbox 309 4451 355 4518; x_wconf 73' lang='grc' dir='ltr'>τῆς</span> <span class='ocrx_word' id='word_1_313' title='bbox 367 4448 400 4504; x_wconf 92' lang='grc' dir='ltr'>Β.</span> <span class='ocrx_word' id='word_1_314' title='bbox 547 4461 588 4518; x_wconf 89' lang='lat'>15.</span> <span class='ocrx_word' id='word_1_315' title='bbox 606 4449 763 4515; x_wconf 86' lang='grc' dir='ltr'>κοτακλησις</span> <span class='ocrx_word' id='word_1_316' title='bbox 777 4444 814 4500; x_wconf 91' lang='lat' dir='ltr'>D.</span> <span class='ocrx_word' id='word_1_317' title='bbox 862 4444 904 4497; x_wconf 76' lang='grc' dir='ltr'>καὶ</span> <span class='ocrx_word' id='word_1_318' title='bbox 916 4460 970 4497; x_wconf 89' lang='lat' dir='ltr'>om.</span> <span class='ocrx_word' id='word_1_319' title='bbox 986 4442 1019 4496; x_wconf 86' lang='lat' dir='ltr'>B.</span> <span class='ocrx_word' id='word_1_320' title='bbox 1032 4440 1114 4504; x_wconf 70' lang='lat' dir='ltr'><strong>habet</strong></span> <span class='ocrx_word' id='word_1_321' title='bbox 1126 4440 1163 4498; x_wconf 91' lang='lat' dir='ltr'>D.</span> <span class='ocrx_word' id='word_1_322' title='bbox 1199 4440 1296 4496; x_wconf 70' lang='lat' dir='ltr'><strong>Statim</strong></span> 
     </span>
     <span class='ocr_line' id='line_1_36' title="bbox 95 4511 1007 4594; baseline -0.012 -16"><span class='ocrx_word' id='word_1_323' title='bbox 95 4523 203 4594; x_wconf 81' lang='grc' dir='ltr'>πρέπειν</span> <span class='ocrx_word' id='word_1_324' title='bbox 215 4517 286 4577; x_wconf 73' lang='lat' dir='ltr'>BD.</span> <span class='ocrx_word' id='word_1_325' title='bbox 299 4519 391 4591; x_wconf 76' lang='grc' dir='ltr'>πρέπει</span> <span class='ocrx_word' id='word_1_326' title='bbox 404 4519 455 4574; x_wconf 85' lang='lat' dir='ltr'>Ed.</span> <span class='ocrx_word' id='word_1_327' title='bbox 565 4535 607 4590; x_wconf 88' lang='lat'>19.</span> <span class='ocrx_word' id='word_1_328' title='bbox 625 4515 694 4588; x_wconf 78' lang='grc' dir='ltr'>ταῖς]</span> <span class='ocrx_word' id='word_1_329' title='bbox 711 4522 739 4580; x_wconf 92' lang='grc' dir='ltr'>-Ι-</span> <span class='ocrx_word' id='word_1_330' title='bbox 755 4516 797 4571; x_wconf 62' lang='lat' dir='ltr'>aa&amp;</span> <span class='ocrx_word' id='word_1_331' title='bbox 810 4514 862 4572; x_wconf 80' lang='lat' dir='ltr'>Ed.</span> <span class='ocrx_word' id='word_1_332' title='bbox 875 4513 959 4570; x_wconf 81' lang='lat' dir='ltr'>invito</span> <span class='ocrx_word' id='word_1_333' title='bbox 973 4511 1007 4568; x_wconf 86' lang='lat' dir='ltr'>B.</span> 
     </span>
    </p>
   </div>
   <div class='ocr_carea' id='block_1_6' title="bbox 0 0 1536 5018">
    <p class='ocr_par' dir='ltr' id='par_1_10' title="bbox 0 0 1536 5018">
     <span class='ocr_line' id='line_1_37' title="bbox 0 0 1536 5018; baseline 0 0"><span class='ocrx_word' id='word_1_334' title='bbox 0 0 1536 5018; x_wconf 95' lang='lat' dir='ltr'> </span> 
     </span>
    </p>
   </div>
  </div>
 </body>
</html>
