3038 5018
223 238 267 301 58
494 295 496 298 .
528 238 566 302 B.
589 236 799 302 OYRILLI
829 233 1117 301 ALEXANDR.
1356 225 1378 290 i.
1393 243 1421 291 α.

222 401 266 481 δι’
285 399 445 486 ἐναντίας
469 400 655 505 ὁρίζονται,
674 402 717 482 δι’
737 401 779 481 οὗ
805 399 897 481 κατὰ
920 399 987 501 τὴν
1010 399 1129 480 αὐτῶν
1146 387 1424 488 ἀκαλλεστάτην

223 520 405 625 ὑπόνοιαν,
431 524 497 626 τὴν
524 533 589 606 τοῦ
618 523 764 630 Πατρός
790 524 973 625 βούλησιν
1000 524 1021 603 ό
1047 522 1136 606 Υῖδς
1165 514 1422 600 ἐκδιδάσκεται·

223 649 310 727 ἀλλ’
332 646 426 750 ὅσην
448 648 520 755 ἐχει
543 650 682 753 μωρίαν
705 650 824 734 αι’ντοῖς
849 648 892 729 τὸ
916 650 974 729 ἐπὶ
996 644 1111 755 τοότιρ
1135 641 1264 747 δόγμα,
1283 644 1424 742 θεωρεῖν

224 772 429 874 ἀναγκαῖον.
487 775 655 872 ἐννοῆσαι
693 771 731 853 δέ
768 775 919 851 τοιῶσδε
958 767 1136 874 προσήκει
1171 765 1234 847 τὸν
1271 767 1328 844 ἐπὶ
1372 768 1424 868 τῷ

224 892 410 997 πράγματι
443 892 636 998 λογισμόν.
686 894 729 976 τὸ
759 893 879 999 πατὴρ
910 893 1035 992 ὄνομα,
1063 895 1111 977 ὡς
1138 888 1230 995 πρὸς
1256 887 1320 968 τόν
1347 885 1454 976 νῖὸν5

197 1015 327 1096 θοόδέν
344 1018 415 1122 ἐχει
433 1016 475 1098 τό
492 1017 618 1117 με’σον,
636 1023 685 1103 ὡς
703 1019 747 1126 ἐξ
762 1015 921 1121 ἀνάγκης
939 1023 1134 1114 εῖσβαῖνον.
1172 1014 1211 1094 τί
1225 1011 1297 1116 γάρ
1320 1010 1422 1090 ἔσται

223 1139 338 1239 με’σον
363 1140 500 1245 πατρὸς
529 1140 621 1245 πρὸς
649 1139 734 1240 νῖδν,
762 1139 786 1241 ἧ
816 1142 861 1221 αὖ
890 1139 1004 1222 πάλιν
1033 1145 1108 1220 νῖοῦ
1136 1136 1228 1242 πρὸς
1259 1134 1418 1236 πατέρα,

224 1264 311 1343 ἀλλ’
331 1264 427 1368 εἴπερ
446 1262 539 1345 κατὰ
560 1264 626 1366 τὴν
644 1266 784 1346 ἐκείνων
802 1264 959 1364 ἀμαθίαν
977 1259 1172 1369 διατειχίζει
1195 1268 1259 1341 τοῖν
1277 1256 1424 1361 Πατρός

224 1383 288 1467 τδν
309 1386 400 1467 Υῖδν
426 1396 691 1487 μεσολαβοῦσα
718 1386 898 1488 βούλησις
926 1390 983 1467 καὶ
1012 1385 1122 1489 λόγος
1149 1383 1354 1480 ἐνδιάθετος,
1382 1379 1424 1462 δν

224 1510 283 1590 καὶ
314 1509 445 1611 ταύτης
477 1508 568 1590 εἶναι’
602 1517 719 1616 φασιν
750 1510 1010 1615 ἑρμηνευτικὸν,
1045 1511 1109 1590 οὐκ
1146 1509 1192 1590 ἐτ’
1226 1505 1272 1587 ἂν
1308 1512 1423 1586 νοοῖτο
1441 1544 1478 1584 ιο

223 1631 343 1737 πατὴρ
362 1633 458 1719 ὅλως
477 1635 497 1713 ό
520 1631 660 1737 Πατὴρ,
680 1635 767 1714 ἀλλ’
786 1633 868 1715 οὐδὲ
892 1635 965 1720 νῖὸς
990 1637 1010 1715 ὁ
1030 1633 1128 1730 Υῖδς,
1146 1631 1243 1736 εἴπερ
1265 1633 1304 1710 ἐν
1322 1631 1424 1714 ἰδίαις

224 1757 456 1838 ὑποστάσεσι
485 1764 627 1838 κεῖσθαι
660 1757 839 1859 ναήσομεν
867 1759 933 1860 τήν
960 1793 1000 1839 τε
1026 1755 1208 1857 βούλησιν
1234 1762 1299 1834 τοῦ
1326 1758 1423 1833 Θεοῦ

58 1898 102 1953 80
115 1896 153 1952 A·
196 1883 283 1961 ικαὶ
314 1879 378 1962 τὸν
410 1881 544 1982 ταύτην
576 1881 847 1987 διερμηνεύοντα
878 1881 1002 1985 λόγον.
1057 1887 1087 1963 εί
1120 1879 1158 1961 δέ
1189 1877 1424 1961 ἀνυπόστατα
1452 1952 1455 1957 ,

224 2004 392 2104 δώσομεν
410 2003 582 2111 ὑπάρχειν
600 2003 701 2104 αὐτὰ,
720 2004 865 2106 άμέσως
892 2006 963 2110 ἄρα
990 2009 1048 2088 καὶ
1075 2010 1265 2111 προσεχῶς
1293 1998 1424 2086 όὙῖός

223 2129 324 2209 ἐστιν
342 2130 380 2208 ἐν
398 2134 449 2236 τῷ
466 2134 549 2237 Θεηῖ
568 2132 627 2209 καὶ
647 2131 780 2234 Πατρί·
809 2136 876 2211 ποῖ
890 2127 935 2230 δι)
954 2130 1025 2233 ἄρα
1043 2128 1171 2210 λοιπὸν
1190 2130 1211 2208 ό
1228 2123 1424 2209 ἐνδιάθετος
1442 2163 1477 2222 15

223 2251 382 2356 χωρήσει
401 2250 522 2356 λόγος,
541 2251 564 2353 ἢ
581 2258 686 2334 ποῖον
703 2252 775 2360 ἕξει
796 2252 951 2354 τόπονὴ
975 2253 1171 2356 βούλησις,
1191 2251 1293 2353 ε’τέρα
1320 2283 1422 2329 νοου-

223 2376 313 2476 με’νη
330 2375 429 2479 παρὰ
449 2372 513 2456 τόν
531 2373 645 2475 Υῖόν,

503 2664 605 2731 Ἀλλο
627 2668 676 2732 διδ
697 2670 749 2749 τῆς
771 2669 813 2738 εἰς
834 2669 946 2734 ἄτοπον
967 2669 1140 2752 ἀπαγωγῆς.

280 2847 503 2947 Ὀροοόσιον
527 2843 615 2927 εἶναι
643 2848 859 2948 πιστεύομεν
885 2847 953 2950 τὴν
979 2851 1087 2952 ἁγίαν
1113 2852 1173 2929 καὶ
1199 2881 1424 2952 προσκυνου-

225 2970 335 3073 μένην
347 2969 498 3076 Τριάδα,
512 2969 579 3051 κᾶν
597 2970 620 3071 ἡ
636 2977 710 3052 τῶν
723 2977 907 3076 αἱρετικῶν
924 2974 1034 3072 μανία
1051 2971 1102 3073 μὴ
1119 2972 1307 3074 βούληται·
1336 2973 1422 3051 ἀλλ’
1440 3013 1478 3053 20

193 3092 324 3195 δοῖμαι
350 3092 548 3198 προσήκειν
575 3097 632 3175 ἐπὶ
664 3101 737 3176 τῶν
764 3097 968 3195 όμοονσίων
995 3097 1261 3202 παραδέχεσθαι
1293 3098 1352 3177 καὶ
1380 3095 1424 3176 τὸ

225 3217 404 3319 ἀλλήλοις
432 3216 522 3297 αι’ντθι
547 3217 639 3298 κατὰ
661 3217 783 3299 πάντα
805 3221 1061 3322 προσεοικέναι,
1083 3218 1175 3302 κατά
1198 3254 1241 3323 γε
1264 3220 1328 3301 τὸν
1350 3227 1425 3300 τῶν

226 3346 392 3449 φυσικῶν
429 3340 629 3439 ἰδιωμάτων
666 3341 790 3446 λόγον.
850 3343 945 3448 εἴπερ
981 3345 1043 3426 οὖν
1081 3342 1173 3425 κατὰ
1215 3342 1280 3444 τὴν
1315 3350 1424 3425 τινοῖν

226 3465 404 3562 ἀβουλίαν
430 3462 619 3570 ἐνιπτάρχει
648 3471 700 3573 τῷ
727 3471 811 3575 Θεηῖ
840 3471 899 3549 καὶ
927 3470 1046 3572 Πατρῖ
1079 3466 1190 3572 λόγος
1221 3500 1274 3552 τις
1306 3467 1424 3571 ἕτερος

225 3586 423 3674 ἐνδιάθετος
449 3587 549 3691 παρὰ
576 3586 640 3668 τὸν
666 3590 766 3689 Υῖὸν,
795 3591 866 3698 ἕξει
892 3588 1036 3678 πάντως
1063 3596 1120 3673 καὶ
1148 3593 1169 3672 ό
1195 3590 1283 3676 Υἱὸς
1310 3588 1424 3694 λόγον
1439 3627 1477 3687 ²5

225 3708 424 3792 ἐνδιάθετον
448 3713 486 3790 ἐν
504 3715 628 3820 ἑαντηῖ,
647 3715 695 3798 ὡς
717 3712 820 3794 εἰκὼν
838 3715 947 3796 αι’ντοῦ
971 3717 1030 3796 καὶ
1054 3715 1336 3818 ἀπαράλλακτος
1358 3719 1424 3814 τῆς

59 3857 181 3922 Heb.i.3.
226 3832 464 3920 ὑποστάσεως
497 3834 694 3940 χαρακτὴρ,
724 3836 817 3918 καθά
854 3837 1063 3943 γε’γραπται·
1110 3839 1181 3946 ἕξει
1218 3838 1258 3919 δὲ
1295 3840 1424 3939 ὁμοίως

226 3959 322 4064 αι’πῷ
349 3962 408 4038 καὶ
435 3957 477 4038 τὸ
501 3964 650 4057 Πνεῦμα
677 3960 719 4040 τὸ
740 3959 884 4064 Ἀγιον,
911 3960 1004 4042 κατὰ
1030 3959 1097 4063 τὴν
1124 3963 1210 4063 ἴσην
1236 3969 1309 4042 τῶν
1337 3996 1422 4062 νοη-

197 4078 349 4180 αμάτων
366 4083 577 4184 ἀναλογίαν.
614 4081 761 4186 γε’γονεν
783 4087 846 4165 οὖν
870 4086 954 4187 ἡμῖν
974 4086 996 4186 ἡ
1019 4084 1133 4190 Τριάς
1157 4088 1195 4166 ἐν
1216 4089 1347 4194 διπλῷ,
1365 4087 1425 4167 καὶ

265 4341 305 4380 10.
323 4326 546 4400 νοοῖτο-Πατὴρ]
560 4328 628 4386 ὅλως
639 4332 724 4384 νοοῖτο
735 4330 819 4401 πατήρ
834 4331 865 4385 Β.
1075 4350 1117 4401 14.
1135 4333 1245 4421 ὑπάρχει
1256 4332 1376 4402 διἰσομεν
1389 4333 1422 4390 Β.

224 4394 312 4464 μεάως
324 4396 357 4451 Β.
452 4413 492 4468 15.
510 4403 546 4474 τῷ
559 4411 729 4473 assumptum
740 4419 773 4456 ex
786 4400 819 4456 Β.
910 4416 953 4474 27.
970 4403 1101 4474 χαρακτὴρ
1113 4413 1175 4476 post
1185 4425 1329 4475 γεγραπται
1341 4412 1375 4459 tr.
1390 4404 1422 4461 B.

226 4466 291 4520 καθὰ
305 4465 337 4520 Β.
349 4466 431 4525 καθὼς
444 4467 495 4522 Ed.
