3038 5018
64 461 129 511 Gen.
141 461 176 511 ix.

65 526 91 576 6.

65 727 133 781 229
143 726 185 782 A.

61 3808 173 3873 αμα.

64 3887 102 3938 15.

232 287 298 351 838
537 286 576 351 Β.
600 285 808 351 CYRILLI
838 284 1127 351 ALEXANDR,
1183 299 1187 305 ·
1333 302 1364 343 v.
1379 298 1430 364 23.

235 457 330 533 θεοῦ
363 454 422 532 καί
452 454 508 557 ἐφ’
538 452 639 553 ἡμῶν
670 454 786 532 αὐτῶν
818 451 1016 556 εὑρήσομεν
1046 463 1067 497 “
1085 451 1134 530 'O
1163 447 1233 552 γὰρ
1265 442 1430 550 ἐκχέων,”

235 579 362 683 φησίν,
391 587 411 624 “
430 574 518 675 αἷμα
546 577 737 679 ἀνθρώπου
765 578 843 655 ἀντὶ
874 585 937 656 τοῦ
965 577 1112 672 αἵματος
1140 575 1249 654 αὐτοῦ
1275 568 1428 675 ἐκχυθή·

205 709 257 781 α“
275 734 389 804 σεται,
414 700 469 780 ότι
496 700 663 781 ε’νέἰκόνι
690 706 785 781 Θεοῦ
813 702 967 798 ε’ποίησα
993 699 1057 779 τόν
1082 697 1306 800 ἅνθρωπον.”
1346 696 1434 800 ὁρᾷς

235 824 309 921 οὐν,
327 827 453 931 φησὶν,
472 824 540 924 ἤδη
560 823 618 927 διὰ
636 822 774 922 τούτου,
793 829 850 905 καὶ
868 823 969 921 μάλα
988 831 1130 930 σαφῶς,
1145 821 1199 902 ότι
1218 826 1281 920 τῆς
1299 817 1433 902 εἰκόνος

234 948 474 1048 ἀδικουμένης,
508 950 566 1028 καί
598 950 677 1053 οὐχὶ
709 948 853 1034 πάντως
889 953 953 1047 τῆς
991 950 1087 1033 θείας
1123 949 1231 1026 αὐτοῦ
1267 944 1468 1051 φύσεως,5

233 1075 445 1175 ἀγανακτεῖν
476 1070 583 1152 οἴεται
616 1079 688 1153 δεῖν
719 1075 739 1153 ὁ
773 1072 866 1158 Θεὸς
897 1078 955 1152 καί
989 1071 1141 1176 Πατήρ;
1183 1072 1309 1151 οὐκοῦν
1339 1066 1433 1148 κατὰ

233 1204 361 1275 τοῦτον
379 1195 530 1276 νοείσθω
548 1230 586 1276 τε
605 1202 664 1277 καί
683 1198 941 1302 ε’σχηματίσθω
959 1196 1023 1277 τὸν
1041 1195 1176 1299 τρόπον
1188 1193 1230 1275 τὸ
1248 1194 1433 1295 εἰρημένον

232 1320 331 1420 παρὰ
349 1325 515 1423 Χριστοῦ
532 1321 578 1401 ‘0
597 1319 644 1426 μῖι
663 1320 765 1427 τιμῦν
783 1323 834 1402 τίν
852 1321 923 1401 mv
941 1319 1020 1401 οὐδὲ
1038 1321 1090 1400 τίι
1110 1318 1250 1428 Πατέρα
1267 1325 1367 1427 τιμᾷ.

284 1438 368 1547 'Ap’
383 1445 447 1524 οὐν
464 1446 535 1554 ἔξω
552 1446 707 1525 κείσεται
725 1447 805 1544 μεθ’
823 1445 923 1544 ἡμεῦν
941 1448 1004 1544 τῆς
1021 1451 1085 1524 τοῦ
1103 1441 1249 1544 Πατρός
1266 1442 1392 1526 οὐσίας
1411 1440 1433 1519 ό

199 1572 222 1638 b
237 1567 471 1669 Μονογενής;
500 1575 578 1652 πῶς
596 1569 659 1647 οῦν
675 1567 725 1648 ἔτι
744 1566 835 1648 κατὰ
852 1568 966 1677 φύσιν
980 1566 1072 1651 θεός
1090 1570 1200 1663 ε’στιν,
1218 1565 1316 1668 εἰπερ
1334 1564 1432 1647 ὅλως
1451 1592 1492 1648 1'0‘

231 1691 410 1797 ε’ξιόλισθε
440 1701 513 1773 τῶν
542 1697 605 1792 τῆς
636 1691 804 1793 θεότητος
836 1693 939 1796 όρων,
968 1695 1007 1771 ἐν
1034 1693 1105 1798 ἰδίᾳ
1135 1693 1202 1771 τινί
1234 1690 1343 1794 φύσει
1371 1691 1433 1767 καὶ

231 1816 367 1923 ἑτεροίρ
395 1819 562 1916 κείμενος,
587 1816 609 1918 ἢ
638 1819 675 1897 ε’ν
700 1815 792 1922 ᾗπέρ
819 1821 919 1898 ἐστιν
944 1819 965 1897 ό
991 1816 1146 1919 Πατήρ;
1178 1818 1367 1913 ἀδικοῦμεν
1392 1814 1434 1894 δέ

231 1940 323 2020 κατὰ
350 1940 392 2020 τὸ
419 1941 520 2040 εἰκός,
548 1948 598 2025 εἰς
624 1941 685 2021 ἕνα
713 1941 879 2042 θεότητος
910 1940 1184 2044 ἀναβιβάζοντες
1215 1938 1338 2040 λόγον,
1366 1943 1433 2038 τῆς

231 2063 336 2166 ἁγίας
364 2063 520 2169 Τριόδος
546 2064 613 2165 τὴν
640 2066 826 2172 σύνταξιν.
864 2067 932 2145 ἔδει
960 2065 1033 2168 γὰρ
1060 2066 1128 2145 ἔδει
1156 2063 1285 2143 λοιπὸν
1311 2097 1432 2164 προσ-

231 2196 347 2269 κυνεῖν
371 2188 436 2287 μέν
457 2191 550 2289 ἡμᾶς
575 2194 623 2272 ὡς
649 2188 745 2270 θεὸν
761 2188 825 2270 τὸν
844 2191 1000 2293 Πατέρα,
1020 2188 1131 2296 δόξαν
1149 2187 1192 2266 δέ
1212 2222 1293 2268 τινα
1315 2185 1432 2268 πόλιν
1450 2219 1489 2280 15

232 2313 324 2393 ἰδίαν
342 2312 530 2413 ἀπονέμειν
547 2320 599 2422 τῷ
617 2318 695 2422 Υῖῷ
721 2318 780 2394 καὶ
803 2319 855 2422 τῷ
879 2312 1072 2414 Πνεύματι,
1091 2316 1139 2397 ὡς
1164 2317 1213 2396 εἰς
1237 2311 1434 2415 διαφόρους

233 2438 513 2541 κατασχίζοντας
542 2437 680 2544 φῦσεις,
704 2441 761 2518 καί
786 2438 874 2518 ἰδιον
896 2435 1039 2546 ἑκάστῳ
1064 2434 1129 2517 τόν
1154 2443 1218 2516 τοῦ
1244 2441 1323 2519 πῶς
1349 2436 1432 2515 ε’στι

203 2557 447 2663 οδιορίᾷιντας
465 2560 593 2662 λόγον·
623 2562 707 2640 ἀλλ’
727 2560 789 2641 ἕνα
807 2561 903 2643 θεὸν
922 2562 1004 2660 ἡμῖν
1024 2566 1060 2641 αἰ
1078 2568 1167 2641 θεῖαι
1185 2557 1433 2661 πρεσβεύσων

232 2686 381 2788 γραφαὶ,
404 2681 467 2763 τὸν
485 2683 576 2764 Υίὸν
599 2690 651 2791 τῷ
678 2687 796 2787 Πατρί
825 2689 881 2764 καί
909 2683 950 2766 τῖι
977 2691 1126 2783 Πνεῦμα
1153 2681 1432 2779 συντόττονσαι,

231 2807 279 2890 ὡς
298 2805 356 2885 διοί
374 2810 438 2907 τῆς
456 2808 652 2892 οὐσιούδους
670 2811 728 2888 καί
751 2807 1035 2910 ἀπαραλλάκτου
1059 2807 1283 2906 ταυτότητος,
1300 2812 1349 2891 εἰς
1367 2807 1432 2885 ἕνα
1448 2846 1491 2888 20

230 2927 396 3031 θεότητος
423 2929 687 3040 ἀναφερομένης
716 2930 828 3035 λόγον
849 2937 913 3032 τῆς
938 2934 1042 3036 ἁγίας
1066 2929 1231 3036 Τριάδος.
1270 2932 1333 3010 οὐκ
1358 2928 1433 3032 ἀρα

229 3058 309 3137 ε’στί
333 3061 397 3156 τῆς
421 3065 486 3137 τοῦ
510 3055 751 3159 γεννήσαντος
778 3057 925 3163 φύσεως
947 3057 1140 3160 ἀλλότριος
1158 3055 1179 3135 ό
1200 3053 1429 3155 Μονογενὴς,

229 3181 315 3259 ἀλλ’
334 3181 410 3260 οὐδ’
437 3177 483 3260 ἀν
506 3180 601 3264 ὅλως
619 3179 708 3265 Υἱὸς
734 3179 905 3285 ὐπάρχων
930 3188 1044 3260 νοοῖτο
1072 3179 1164 3259 κατά
1191 3178 1374 3278 ἀλήθειαν,
1400 3183 1430 3257 εἰ

229 3302 280 3403 μὴ
307 3307 345 3383 ἐκ
373 3308 436 3402 τῆς
464 3313 529 3384 τοῦ
556 3302 719 3388 τεκόντος
747 3303 955 3411 ἐξέλαμψεν
983 3305 1119 3389 οὐσίας·
1161 3310 1317 3386 τοιοῦτος
1344 3300 1430 3404 γὰρ,

230 3432 289 3505 καὶ
307 3429 374 3532 οὐχ
392 3426 509 3530 ἕτερος
527 3430 565 3507 ἐν
582 3434 697 3508 πᾶσιν
715 3431 736 3508 ό
755 3432 819 3527 τῆς
837 3430 993 3528 ἀληθοῦς
1014 3426 1174 3530 υἰότητος
1199 3426 1280 3531 ὅρος
1305 3461 1343 3506 τε
1369 3429 1429 3506 καί
1446 3460 1490 3522 ²5

229 3551 374 3654 τρόπος·
404 3556 495 3631 Υἰοῦ
514 3548 551 3629 δὲ
573 3552 638 3631 οὐκ
654 3549 768 3643 ὄντος,
789 3551 1129 3656 συναναιρεθήσεται
1147 3549 1290 3634 πάντως
1309 3552 1367 3629 καὶ
1386 3549 1429 3630 τὸ

195 3670 317 3754 δείνοιι
337 3674 484 3777 Πατέρα
501 3673 685 3755 τὸνθεόν.
716 3682 793 3760 πῶς
812 3677 874 3756 οῦν
892 3675 1086 3776 ἀληθεύσει
1105 3675 1223 3778 λέγων
1240 3677 1260 3754 ό
1281 3679 1431 3758 Παῦλος

228 3800 309 3903 περί
328 3801 437 3880 αὐτοῦ
455 3811 477 3846 “
491 3798 565 3906 Ἐξ
580 3799 623 3879 οῦ
640 3805 746 3879 πᾶσα
764 3799 896 3903 πατριδι
915 3801 953 3879 ἕν
971 3835 1009 3880 τε
1032 3801 1170 3906 οὐρανῷ
1194 3800 1253 3878 καί
1276 3800 1335 3878 ε’πί
1360 3803 1431 3900 γῆς

229 3935 250 3971 “
270 3921 477 4025 ὀνομάζεται
489 3922 522 4020 ;”
552 3927 582 4002 εἰ
609 3921 680 4025 γὰρ
706 3920 756 4023 μὴ
784 3924 992 4024 γεγέννηκεν
1010 3924 1055 4031 ἐξ
1074 3924 1200 4003 ἑαυτοῦ
1223 3928 1431 4023 θεοπρεποῦς

228 4046 292 4126 τόν
314 4046 415 4142 Υἰίιν,
442 4053 520 4131 πῶς
548 4048 586 4126 ε’ν
612 4047 710 4154 αὐτῷ
736 4050 802 4146 τῆς
827 4046 1051 4152 πατρότητος
1079 4048 1101 4148 ἦ
1129 4043 1223 4152 ἀρχὴ
1253 4045 1431 4145 διήκουσα
1447 4081 1490 4139 30

228 4170 319 4251 κατοί
337 4173 489 4269 μίμησιν
507 4171 568 4250 ε’πί
583 4204 621 4249 τε
641 4170 723 4254 τούς
742 4169 846 4254 ὄντας
865 4173 903 4250 ἐν
920 4173 1059 4279 οὐρανῷ
1077 4176 1135 4251 καί
1157 4173 1215 4252 ε’πί
1239 4176 1303 4271 τῆς
1329 4174 1426 4271 γῆςς

232 4420 237 4427 -
263 4410 288 4458 4.
308 4393 356 4460 ἤδη
368 4392 410 4445 διὰ
423 4394 498 4445 τοῦτο
510 4392 594 4460 φησιν
607 4389 640 4445 Β.
722 4406 762 4444 10.
781 4389 855 4444 ε’στιν
867 4393 932 4447 θεός
944 4391 1049 4446 inverso
1060 4390 1153 4446 ordine
1167 4391 1199 4445 Β.
1281 4404 1322 4444 ΙΙ.
1340 4390 1431 4445 τοίνυν

227 4478 337 4529 prowm
352 4461 383 4514 B.
501 4477 541 4528 14.
560 4461 653 4515 λοιπὸν
663 4461 716 4514 ἔδει
727 4461 833 4514 inverso
846 4460 939 4516 ordine
953 4461 985 4516 B.
1103 4476 1144 4528 15.
1163 4463 1208 4517 τὸν
1219 4460 1260 4516 ’καὶ
1272 4459 1378 4531 Πατέρα
1392 4461 1429 4519 Β.

289 4532 470 4601 διασχίζοντας
485 4531 515 4585 Β.
623 4547 666 4585 20.
685 4533 725 4585 καί
738 4548 792 4586 om.
806 4529 839 4585 B.
1307 4546 1312 4552 ·
