3038 5018
260 288 281 328 x
694 267 1025 333 PRAEFATIO.

261 447 323 512 Sed
330 469 356 529 p
368 447 422 512 vix
437 449 605 533 quiequam
619 449 659 511 ab
675 448 750 514 RF.
762 448 878 513 distare
889 448 990 526 video,
1001 454 1095 532 atque
1110 448 1148 512 ab
1164 447 1272 512 eodem
1288 447 1459 531 archetypo

260 551 385 616 videtur
398 551 575 637 descriptus
588 574 664 617 esse.
710 552 783 616 Vid.
799 558 876 618 tom.
892 551 936 617 iii.
960 574 990 636 p.
1012 571 1082 637 132.

302 731 352 796 De
372 730 571 816 fragmentis,
586 753 666 816 quae
687 755 834 819 magnam
856 732 977 797 faciunt
998 732 1089 797 Tomi
1107 731 1142 794 iii
1165 736 1297 816 partem,
1312 729 1402 814 plura
1424 729 1458 793 in

258 831 394 899 Praefat.
411 834 450 898 ad
465 835 553 900 Tem.
568 836 604 899 iii
618 836 730 901 dicam.

302 934 425 1015 Restat,
441 944 478 1002 ut
492 939 722 1004 humanitatem
737 939 964 1024 Delegaterum
984 937 1064 1025 preli
1079 935 1258 1003 Academici
1278 957 1457 1021 agnoscam,

257 1039 417 1124 fatearque
438 1047 595 1126 quantum
616 1043 665 1107 ed.
685 1043 855 1127 Migniana
878 1065 952 1106 usus
974 1043 1034 1106 sim
1055 1041 1096 1106 ad
1117 1039 1402 1124 interpunctionem
1425 1046 1458 1103 et

257 1140 393 1207 minores
425 1145 651 1229 ejusdemmodi
683 1168 797 1211 curas:
834 1146 914 1210 hane
943 1145 1044 1230 ipsam
1074 1143 1304 1208 Praefationem
1332 1141 1457 1227 puriore

257 1242 444 1325 Latinitate,
468 1270 563 1333 quam
586 1249 653 1334 ipse
676 1249 799 1334 assequi
825 1248 1005 1332 potuissem,
1030 1247 1161 1312 donavit
1184 1246 1233 1311 vir
1255 1246 1458 1310 Reverendus

256 1347 310 1414 W.
327 1349 371 1413 H.
389 1350 526 1429 Simeox,
542 1352 646 1431 AM„
663 1352 799 1436 Collegii
815 1352 957 1436 Reginae
973 1351 1091 1417 Senius.

300 1536 369 1601 Deo
391 1537 525 1623 denique
545 1540 585 1604 0.
602 1539 651 1605 Μ.
667 1539 820 1625 plurimas
841 1539 961 1624 gratias
982 1539 1092 1619 haben,
1107 1539 1162 1624 qui
1182 1538 1262 1601 mihi
1282 1537 1381 1602 vitam
1401 1557 1457 1621 per

255 1637 388 1721 longum
404 1645 497 1724 atque
513 1643 646 1706 arduum
662 1665 740 1727 opus
755 1643 931 1708 indulserit.

452 1941 474 1989 0
482 1940 537 1990 XO
545 1941 571 1990 N
580 1941 593 1989 1
602 1941 624 1996 I.

256 2024 304 2072 Die
316 2023 380 2072 Maii
392 2038 430 2089 ²9·
443 2024 518 2072 Anno
528 2023 622 2072 christi
634 2034 820 2074 motionum.
