3038 5018
102 276 213 365 iiigo.
310 279 366 344 IN
397 281 431 347 S.
455 281 709 347 JOANNEM.
756 280 851 346 LIB.
874 279 922 346 11.
967 280 1070 344 cAP.
1093 278 1123 345 1.
1237 280 1304 346 237

103 442 295 530 ἑστιῶντος
317 449 563 550 ἐπακροᾶσθαι
589 452 723 555 φωνῆς.
766 448 836 553 ἔχω
855 448 921 547 μέν
939 449 1002 528 οὖν
1017 449 1087 549 ἤδη
1103 446 1145 527 τὸ
1163 446 1299 528 ποθού-

76 662 79 673 Ι
102 601 211 664 μενον
228 568 310 671 ἐγὼ,
327 574 386 650 καὶ
403 569 640 676 πεπλήρωται’
654 605 715 670 μοι
733 572 775 651 τὸ
794 573 1028 671 σπούδασμα·
1058 570 1212 678 έκῆρυξα
1229 568 1335 674 γᾶρᾱ

103 692 146 770 ού
164 692 286 791 μόνον,
316 696 366 779 ὡς
394 695 471 802 ἥξει
499 697 520 775 6
549 693 722 800 Χριστὸς,
750 693 836 774 ἀλλ’
867 694 935 796 ἤδη
967 698 1026 777 καὶ
1054 692 1217 798 παρόντα
1242 728 1302 774 τε-

95 808 242 916 θέαμαι,
270 821 329 899 καὶ
357 817 468 919 αὐτὴν
495 821 533 898 έν
558 823 650 900 ὠσὶν
677 818 904 922 εἶσοικίφνμαι
932 819 999 920 τὴν
1027 817 1165 926 φωνήν.
1204 819 1302 918 ύμεΐς

69 937 208 1035 5δέ,.ιδ
234 943 444 1048 σοφώτατοι
472 932 639 1043 μαθηταί,
664 941 731 1043 τὴν
754 941 1020 1050 νυμφευομέιην
1043 939 1303 1044 άνθρωπότητα

103 1070 156 1172 τῷ
174 1070 328 1174 Χριστῷ
345 1064 437 1169 πρὸς
454 1064 563 1146 αὐτὸν
581 1072 709 1146 ἰοῦσαν
727 1069 889 1170 ὁρῶντες,
908 1070 966 1147 καὶ
990 1071 1039 1150 είς
1062 1064 1303 1163 πνευματικὴν

102 1191 372 1285 άναβαίνουσαν
403 1189 597 1290 οίκειάτητα
629 1188 687 1270 διδ
719 1197 783 1270 τοῦ
816 1191 920 1293 ἁγίου
951 1190 1205 1287 βαπτίσματος
1236 1187 1303 1284 τὴν

103 1312 396 1414 ἀποκεκομμένην
427 1316 486 1394 καὶ
519 1314 818 1417 δραπετεύσασαν
845 1318 909 1413 τῆς
942 1317 991 1396 εἶς
1023 1310 1131 1393 αὐτὸν
1158 1310 1302 1414 ἀγάπης

104 1437 364 1535 καταθεώμενοι
392 1437 517 1543 φύσιν,
544 1435 595 1537 μὴ
623 1435 815 1543 ἀσχάλετε,
843 1440 968 1544 φησὶν,
997 1434 1051 1516 ὅτι
1078 1433 1128 1536 μὴ
1156 1441 1302 1534 μᾶλλον

49 1593 89 1633 ιο
104 1560 181 1656 ἐμοὶ
207 1560 343 1663 πρέπει,
366 1561 582 1666 προστρέχει
610 1560 648 1640 δέ
677 1561 760 1640 λίαν
785 1563 937 1645 εὐπετῶς
965 1565 1016 1667 τῷ
1043 1559 1136 1640 κατὰ
1162 1568 1333 1659 πνεῦμαο
1380 1663 1385 1671 ἱ

105 1684 257 1791 νυμφίῳ·
287 1692 394 1765 τοῦτο
411 1683 481 1787 γάρ
500 1682 545 1783 ἦν
563 1686 674 1770 ὅντως
699 1684 888 1765 δίκαιάντε
913 1687 971 1765 καὶ
991 1682 1300 1788 πρεπωδέστερον.

104 1808 125 1886 6
153 1805 225 1910 γάρ
255 1808 337 1906 ἔχων
363 1806 418 1902 τλν
446 1807 572 1915 νύμφην
601 1809 741 1916 νυμφίος
769 1811 852 1889 ἐστί·
886 1808 1061 1905 τουτέστι,
1085 1805 1136 1906 μὴ
1163 1809 1202 1886 ἐν
1226 1807 1304 1906 έμοὶ

104 1931 235 2034 ζητεῖτε
252 1939 317 2013 τοῦ
333 1935 488 2040 νυμφίου
505 1932 570 2013 τὸν
587 1933 786 2039 στέφανον,
808 1934 871 2012 οὐκ
888 1934 966 2031 ε’μοὶ
987 1931 1124 2038 χορεύει
1146 1929 1266 2031 λέγων
1283 1930 1304 2011 6

104 2055 265 2161 μελφδός
284 2066 306 2102 “
318 2053 515 2155 Ἄκουσον,
535 2053 701 2160 θύγατερ,
719 2058 777 2136 καὶ
795 2055 846 2135 ίδε
865 2061 923 2135 καὶ
942 2062 1065 2136 κλῖνον
1083 2054 1125 2134 τὸ
1144 2055 1204 2138 οὖς
1222 2072 1303 2152 σου,
1350 2072 1393 2122 Pu·
1403 2070 1463 2123 xliv·

52 2202 90 2262 ¹5
107 2189 128 2225 “
147 2180 205 2256 καὶ
223 2179 397 2260 ἐπιλάθου
415 2189 479 2260 τοῦ
495 2189 587 2259 λαοῦ
604 2215 675 2259 σου
694 2182 752 2258 καὶ
771 2187 835 2259 τοῦ
853 2178 952 2259 οίκου
976 2186 1041 2258 τοῦ
1062 2175 1199 2280 πατρός
1221 2211 1302 2275 σου,
1352 2151 1390 2196 n’
1401 2151 1440 2186 η’

106 2311 127 2347 “
147 2299 201 2380 ὅτι
226 2303 450 2402 έπεθύμησεν
471 2305 491 2383 6
516 2301 692 2399 βασιλεὺς
719 2311 783 2383 τοῦ
810 2301 968 2387 κάλλους
995 2302 1102 2381 σου·”
1137 2300 1218 2382 οὐδὲ
1238 2298 1303 2381 τὸν

105 2422 190 2521 ἐμὸν
208 2425 365 2529 ζητοῦσα
383 2426 584 2526 θάλαμονὴ
604 2427 727 2531 νύμφη
745 2428 862 2533 φησίν
876 2437 897 2472 “
909 2422 1157 2528 Ἀπάγγειλόν
1174 2459 1245 2525 μοι,
1259 2422 1302 2504 δν
1349 2451 1474 2516 ωιτη.

104 2559 127 2594 “
144 2547 378 2650 ἠγάπησενὴ
406 2547 510 2657 ψυχή
538 2586 618 2648 μου,
643 2558 714 2630 ποῦ
741 2551 946 2648 ποιμαίνεις,
969 2558 1041 2630 ποῦ
1069 2548 1237 2652 κοιτάζεις
1264 2551 1330 2628 ε’νο
1356 2571 1421 2626 160
1431 2569 1473 2626 A.

104 2683 127 2718 ‘⁴
147 2674 391 2780 μεσημβρίᾳ·”
421 2673 492 2778 ἔχει
510 2672 573 2754 τὸν
591 2674 635 2781 ἐξ
651 2675 802 2776 ούρανοῦ
824 2676 990 2779 νυμφίον·
1022 2671 1093 2775 ἐγὼ
1118 2674 1156 2752 δέ
1180 2671 1301 2772 ἡσθή-

53 2827 91 2866 20
104 2831 216 2895 σομαι
244 2802 302 2876 καὶ
330 2796 397 2896 τὴν
418 2797 538 2905 δούλη)
560 2798 771 2901 πρέπουσαν
790 2797 1026 2898 ἀναπηδήσας
1051 2795 1166 2898 τιμὴν,
1191 2801 1229 2878 έν
1251 2800 1304 2904 τῷ

103 2925 168 3020 τῆς
186 2923 311 3028 φιλίας
329 2921 480 3020 ὀνόματί
494 2957 532 3002 τε
553 2926 610 3001 καὶ
627 2920 824 3026 πράγματι.

160 3045 240 3143 Τὴν
270 3045 335 3143 μέν
368 3046 431 3124 οὖν
462 3052 535 3125 τῶν
566 3047 806 3148 προκειμένων
839 3045 1006 3142 διάνοιαν,
1036 3041 1134 3142 οἶμαι
1167 3043 1211 3141 δὴ
1245 3043 1303 3120 καὶ

103 3167 206 3265 μάλα
236 3168 525 3273 διερμηνεύεσθαι
558 3176 690 3253 καλῶς·
734 3169 935 3272 ἀρκούντως
964 3167 1002 3247 δὲ
1030 3169 1099 3268 ἤδη
1128 3167 1210 3266 περὶ
1239 3172 1304 3245 τοῦ
1323 3222 1329 3228 -
1347 3175 1430 3301 {3¹3³

103 3300 342 3390 πνευματικοῦ
370 3290 562 3398 διειληφὼς
590 3291 719 3395 γάμου,
746 3293 789 3374 τὸ
817 3293 970 3399 γράφειν
998 3291 1048 3371 ἔτι
1079 3293 1174 3395 περὶ.
1194 3290 1304 3370 αύτοῦ

49 3438 91 3499 ²5
104 3415 276 3522 φορτικὸν
294 3416 486 3519 ἡγούμεθα.

1315 3539 1337 3604 b

295 3698 444 3766 Ἐκεῖνον
472 3696 521 3766 δεῖ
548 3701 711 3782 αὐξάνειν,
737 3702 795 3777 ἐμὲ
823 3699 858 3767 δὲ
885 3701 1110 3767 ἐλαττοῦσθαι.
1318 3725 1357 3783 30

162 3878 226 3960 Ὡς
250 3877 306 3956 ε’πὶ
331 3884 468 3979 μικροῖς
492 3877 542 3956 ε”τι
569 3878 851 3977 θορυβουμένους
869 3876 1007 3979 ε’λέγχει
1026 3871 1108 3957 τοὺς
1125 3869 1303 3972 μαθητὰς,

105 4002 167 4079 καὶ
194 3997 360 4104 πρόαρον
383 3997 447 4098 μέν
470 4001 525 4106 ἐφ’
551 3997 603 4084 οἷς
631 4000 764 4100 ἥκιστα
793 4002 886 4104 χρῆν
912 3997 1167 4096 ὑπομείναντας
1194 3996 1306 4084 σκάν-

144 4234 170 4288 3.
189 4221 385 4289 &assumptum
398 4237 430 4274 ex
445 4219 478 4274 B.
600 4219 626 4273 6.
645 4219 694 4291 εἰς]
711 4225 738 4282 4
754 4218 801 4287 τὴν
813 4216 865 4272 Ed.
877 4217 961 4271 invito
974 4216 1007 4271 B.
1131 4234 1157 4287 9.
1175 4216 1307 4287 ἀσχιὶλετε

108 4288 143 4343 Β.
155 4288 306 4358 θοχάλλετε
318 4289 369 4344 Ed.
544 4307 585 4345 10.
603 4290 695 4360 πρέπει
707 4299 877 4358 assumptum
889 4306 922 4341 ex
936 4286 969 4341 Β.
1145 4288 1185 4341 18.
1203 4286 1306 4356 ποιμαί-

107 4381 160 4415 νιις
172 4369 198 4412 et
210 4360 334 4425 κοιτάζεις
345 4361 414 4415 inter
425 4378 453 4415 se
467 4363 617 4431 transponit
629 4359 680 4414 Ed.
691 4358 767 4426 (106)
777 4359 861 4412 invito
875 4358 908 4413 B.
922 4356 1063 4428 [ποιμένας
1074 4382 1096 4400 =
1106 4355 1307 4486 ποιμαίνειςέἒ

107 4446 153 4499 23.
172 4428 384 4498 διηρμηνεύεσθαι
397 4431 430 4487 Β.
519 4448 562 4497 24.
581 4432 747 4501 διειληφότος
760 4428 792 4483 Β.
884 4445 926 4498 25.
944 4427 1073 4499 ἡγούμεθα
1088 4428 1120 4483 Β.
1132 4428 1242 4499 ἡγοῦμαι

109 4515 154 4570 27.
173 4501 210 4554 ἔτι
226 4499 257 4555 Β.
270 4501 317 4570 ἤδη
332 4499 383 4556 Ed.
525 4503 567 4556 28.
586 4505 705 4570 προορῶν
717 4499 750 4556 Β.
799 4499 968 4569 ὑπομείναντα
982 4498 1014 4553 Β.
