3038 5018
68 290 165 356 vii.8.
249 293 305 356 IN
337 292 369 357 S.
394 291 650 358 JOANNEM.
696 291 791 358 LIB.
815 293 875 358 IV.
923 294 1024 358 CAP.
1042 294 1084 357 V.
1203 295 1266 359 587

68 455 151 534 λίαν
173 457 193 535 5
221 457 278 537 διὰ
304 465 376 538 τῶν
398 458 559 563 ε’λέγχων
583 458 795 560 ἀβουλήτως
819 458 1168 561 παιδαγωγούμενος,
1187 458 1267 536 τότε

68 583 123 658 δεῖ
152 579 295 667 πάντως
327 581 375 663 τά
407 586 446 663 ἐκ
483 583 612 682 μίσους
649 584 878 689 ἀναφύεσθαι
915 582 1019 663 κακαί.
1071 580 1129 660 διὰ
1161 580 1268 660 τοῦτό

69 710 184 809 φησιν
218 708 237 786 5
272 705 400 810 Σωτὴρ
433 708 560 789 ἑαυτὸν
589 714 778 807 μισεῖσθαι
809 705 909 809 παρὰ
941 715 1005 787 τοῦ
1037 705 1189 803 κόσμου,
1219 709 1267 789 ὡς

68 829 168 908 ούπω
201 838 328 934 χωρεῖν
356 831 545 938 ἰσχύοντος
577 831 643 931 τὴν
674 833 749 931 μετ’
779 830 1005 938 ἐπιπλήξεων
1037 831 1264 932 παραίνεσιν,

35 950 155 1031 5ύταν
183 957 241 1033 καί
268 962 374 1035 τοῦτο
402 954 570 1061 προσήκῃ
599 956 769 1057 γενέσθαι
798 954 856 1036 διά
883 955 925 1035 τὸ
952 955 1145 1059 χρήσιμον.
1186 962 1297 1038 νοῦςε

68 1074 140 1178 γὰρ
167 1080 225 1157 ἐπὶ
253 1085 330 1162 ταῖς
358 1085 406 1164 είς
432 1077 475 1160 τῖι
504 1086 648 1185 φαῦλον
673 1081 816 1178 ἡδοναῖς
843 1079 1133 1182 τυραννούμενος,
1157 1091 1267 1183 χαλε·

67 1201 183 1281 παίνει
209 1202 251 1302 δὴ
276 1202 421 1287 πάντως
445 1202 509 1284 τὸν
528 1204 582 1284 ὅτι
604 1203 785 1306 προσήκοι
808 1211 1013 1310 σωφρονεῖν
1031 1205 1268 1283 ἀναπείθοντα

68 1324 191 1426 λόγον.
231 1335 343 1406 ταῦτα
367 1328 410 1407 δε
428 1331 585 1435 φησιν
570 1363 590 1408 ο
616 1327 808 1431 Σωτὴρ’
770 1364 834 1409 ουκ
858 1326 1056 1434 ἀποφήσας
1080 1335 1268 1412 παντελῶς

68 1448 134 1547 τὴν
160 1452 199 1530 ἐν
226 1458 299 1535 τοῖς
326 1453 592 1555 Ιερασολύμοις
619 1454 832 1551 ἀποδημίαν,
861 1451 942 1533 ούδέ
974 1450 1065 1555 πρὸς
1097 1451 1269 1602 ἐλέγχους

19 1607 55 1647 ιο
69 1575 266 1677 ἀπειρηκὼς
293 1572 376 1659 τοὺς
403 1610 503 1678 οιπερ
528 1573 572 1655 ἂν
595 1576 780 1682 φαίνοιντο
808 1582 882 1659 τοῖς
904 1575 1166 1728 ἁμαρτάνουσι
1174 1574 1267 1722 χρή·

69 1730 180 1794 σιμοί,
207 1697 333 1776 ἀλλΗ
316 1733 353 1778 εν
378 1706 490 1807 καιρῷ
518 1707 570 1808 τῷ
597 1701 714 1779 δεύντι
743 1705 833 1803 δρᾶν
861 1703 920 1780 καὶ
946 1709 1054 1780 τοῦτο
1080 1698 1171 1799 μετὰ
1198 1706 1270 1779 τῶν

70 1821 196 1900 ἀλλων
228 1824 484 1923 διανοούμενος.
534 1827 754 1925 σημειωτέον
788 1822 825 1905 55
858 1824 913 1904 ὅτι
945 1827 1004 1903 καὶ
1036 1831 1110 1908 τοῖς
1142 1825 1270 1904 ἑαυτοῦ

69 1953 245 2046 μαθηταῖς
271 1948 432 2028 τοιοῦτόν
460 1983 495 2028 τι
523 1949 630 2053 φησί.
680 1949 1002 2050 παραμυθούμενος
1029 1947 1113 2050 γὰρ,
1142 1953 1200 2028 καί
1227 1949 1270 2027 ού

70 2072 219 2175 σφόδρα
236 2079 310 2154 τοῖς
334 2070 655 2171 ἐπισυμβήσεσθαι
680 2070 886 2170 με’λλουσιν
903 2073 1153 2226 ἐπασχάλλειν
1172 2070 1300 2149 διδά-ιι
1324 2089 1438 2144 401A.

20 2217 56 2277 ¹5
70 2228 182 2286 σκων,
204 2195 291 2275 ὅταν
314 2195 422 2277 αύτὸν
444 2203 490 2302 τῇ
516 2196 701 2301 οἰκουμένῃ
727 2195 942 2298 κηρύττωσι,
960 2230 1019 2274 και
1045 2196 1183 2297 μυρίοις
1210 2194 1269 2274 διὰ

1313 2316 1386 2366 Infra

68 2327 175 2398 τοῦτο
211 2323 456 2424 περιπίπτωσι
491 2326 705 2423 πειρασμοῖς
745 2331 766 2367 “
784 2318 887 2400 Εί
866 2353 938 2420 ητε,
971 2323 1148 2425 φησὶν,’
1130 2354 1168 2397 εκ
1205 2327 1269 2399 τοῦ
1332 2397 1407 2447 515

71 2442 261 2541 “κόσμαυ,
290 2445 310 2522 5
339 2444 475 2541 κόσμος
503 2441 547 2522 ἀν
574 2443 617 2522 τὸ
644 2443 734 2523 ’ίδιον
761 2445 890 2549 ἐφίλει
926 2442 1045 2543 ἐπειδὴ
1073 2441 1156 2522 55
1140 2477 1178 2523 εκ
1206 2452 1269 2524 τοῦ

71 2577 92 2614 “
112 2565 252 2665 κόσμου
270 2569 333 2648 ούκ
351 2567 443 2666 ἐστὲ,
463 2566 522 2648 διὰ
540 2575 646 2647 τοῦτο
663 2575 766 2666 μισεῖ
781 2569 870 2665 ὑμᾶς
890 2568 910 2645 5
929 2565 1101 2666 κύσμος.”
1131 2566 1272 2665 κόσμον

70 2693 108 2770 ἐν
134 2691 274 2778 τούτοις
303 2695 345 2772 ού
372 2691 438 2792 τήν
466 2690 648 2794 ὁρωμένην
676 2693 795 2770 κτίσιν
822 2694 1030 2790 ἀποκαλεῖν,
1058 2698 1205 2790 μᾶλλον
1232 2689 1270 2772 55

19 2843 58 2883 20
72 2813 153 2899 τούς
181 2823 410 2966 φρονοῦντας
427 2813 473 2895 τὰ
498 2821 536 2894 ἐν
558 2813 699 2922 κύσμερ
730 2813 783 2899 οἷς
808 2814 852 2913 δή
878 2819 936 2896 καὶ
959 2817 1082 2895 λίαν
1067 2849 1087 2893 ο
1084 2812 1176 2965 μὲν
1197 2821 1270 2895 τῶν

71 2938 163 3018 ’ίσων
190 2943 254 3019 ούκ
281 2936 446 3041 ἐραστὴς,
474 2939 637 3040 σκληρὸς
664 2943 722 3018 καί
750 2940 958 3041 προσάντης
986 2943 1045 3019 καί
1074 2941 1112 3019 ἐν
1140 2942 1270 3044 ἐχθροῦ

71 3098 166 3148 τινος
192 3062 293 3170 τάξει
320 3062 544 3166 λελόγισται
576 3060 756 3164 συγγενής
785 3062 822 3141 δέ
852 3067 908 3142 καὶ
937 3065 1091 3162 φίλος
1076 3098 1096 3142 ο
1124 3070 1303 3144 συνεθε-ί)

71 3189 195 3289 λητὴς,
217 3190 276 3267 καί
302 3193 347 3293 τῇ
372 3194 437 3268 τοῦ
460 3188 543 3282 βίον
568 3187 755 3287 ταυτότητι
779 3186 871 3290 πρὸς
896 3189 1109 3289 ίσατροπίαν
1130 3184 1197 3286 τὴν
1215 3185 1268 3268 ἐπ’

72 3318 236 3417 αίσχροῖς
264 3311 573 3419 συσφιγγόμενος.

17 3541 179 3622 25Ὑμεῖο
206 3545 345 3624 ἀνάβητε
375 3541 421 3610 ele
448 3544 508 3610 τείν
536 3543 653 3633 ἓορτιίν
681 3545 810 3609 ταύτην·
848 3544 914 3619 ὲτώ
940 3546 999 3609 οὐκ
1026 3545 1194 3623 ἀναβαίνω
1221 3541 1300 3610 εἰοὸ

123 3670 181 3736 τείν
207 3670 325 3760 ἑορτείν
352 3673 481 3752 ταύτην,
505 3672 556 3737 ὅτι
582 3672 601 3734 ὁ
626 3669 705 3746 ἐμὸς
732 3671 844 3758 καιρὸς
871 3671 965 3737 οὔπω
992 3673 1218 3759 πεπλήρωται.

128 3832 357 3938 Ἀποφάσκει
375 3832 440 3933 μίν
459 3833 528 3934 ἤδη
546 3838 677 3937 σαφῶς
703 3831 745 3912 τὸ
767 3835 969 3926 βούλεσθαι
994 3842 1068 3918 τοῖς
1085 3834 1269 3916 Ἰουδαίοις

73 3955 319 4059 συνεορτάζειν
338 3959 358 4035 5
379 3957 523 4059 Κύρως,
541 3957 653 4059 ἤγουν
673 3955 756 4037 ίέναι
785 3956 875 4036 κατὰ
897 3954 1037 4054 ταύτάν,
1058 3960 1106 4040 ὡς
1124 3991 1263 4056 συμμε·
1281 3995 1299 4037 ο

111 4192 135 4229 2.
155 4174 405 4247 δεῖ-ἀναφύεσθαι]
420 4176 652 4247 δεῖ-ἀναφίεσθαι
666 4178 701 4231 D.
714 4178 745 4246 δή
761 4186 787 4230 et
787 4177 981 4302 ἀναφύεται
963 4186 992 4229 ut
1006 4194 1073 4230 ναῖς.
1086 4177 1211 4231 lectiones
1225 4194 1270 4229 ex·

74 4247 148 4300 hibet
161 4245 212 4299 Ed.
226 4264 280 4315 mg.
389 4261 412 4319 7.
431 4269 451 4301 π
450 4249 496 4317 δς
450 4267 558 4319 pro
570 4249 660 4302 τδνΒ
708 4247 837 4317 προσήκοι
896 4246 1022 4317 προσήκει
1036 4247 1087 4302 Ed
1196 4248 1221 4300 8.
1242 4245 1272 4299 δι’

74 4336 127 4371 om.
144 4317 174 4370 Β.
247 4335 272 4389 9.
292 4317 465 4385 ε’τιδημίονΒ
479 4337 571 4389 mg.
548 4319 598 4372 Ed
612 4336 667 4388 mg.
680 4318 752 4372 haud
766 4322 834 4373 male
847 4329 877 4373 ut
888 4319 1002 4372 wdetur
1078 4334 1118 4371 ιο.
1137 4318 1271 4408 φαίνοιντο

75 4389 107 4442 Β.
122 4388 262 4458 φαίνωνται
277 4387 327 4442 Ed.
464 4405 504 4455 15.
524 4390 565 4444 διὰ
579 4410 655 4443 τουτο
668 4399 836 4460 assumptum
850 4390 930 4445 exB.
1063 4405 1104 4442 20.
1123 4410 1155 4441 τα
1168 4406 1221 4441 om
1238 4387 1270 4442 Β

76 4476 117 4513 22.
138 4459 343 4528 συνθελητὴςΒ.
440 4477 482 4527 24.
501 4460 727 4532 σφιγγόμενοςΒ.
831 4478 872 4533 ²5·
892 4482 986 4530 ταυτην
998 4469 1166 4531 assumptum
1180 4459 1270 4524 exB„

75 4530 121 4584 sed
135 4530 169 4584 cf.
183 4547 263 4600 supra
276 4546 324 4600 271
338 4548 362 4585 a.
953 4573 957 4581 .

634 4635 724 4695 41‘2
