3038 5018
240 277 303 339 160
543 276 580 340 B.
605 276 813 340 CYRILLI
843 276 1133 342 ALEXANDR.
1278 274 1299 340 i.
1316 294 1365 359 19,
1383 290 1434 338 20.

238 438 362 541 καιρὸν
387 444 523 537 οίκεῖον,
551 444 599 523 ῶς
627 439 671 518 ἀν
697 445 858 542 εἰρῆσθαι
887 445 984 545 δοκῇ,
1010 442 1134 520 ὁποῖον
1159 436 1249 518 εἷναί
1273 445 1366 543 φημι
1394 435 1436 517 τὸ

239 563 295 642 ε’πῖ
328 563 516 647 Μωυσέως
544 572 564 608 “
583 563 774 663 Εῖσένεγκε
806 562 872 662 τὴν
899 562 1001 666 χεῖρά
1028 597 1099 642 σου
1128 568 1177 646 είς
1208 560 1271 640 τὸν
1299 560 1437 640 κόλπον

241 697 263 732 “
278 687 384 765 σου.”
427 682 588 785 ἀδικήσει
621 685 659 765 δὲ
692 687 786 770 ὅλως
816 686 879 765 τὸν
907 685 1019 788 λόγον
1047 685 1150 767 οὐδὲν
1177 687 1219 767 τὸ
1247 689 1284 764 ἐν
1312 685 1437 791 κόλπῳ

240 815 419 888 τεθεῖσθαι
441 816 505 887 τοῦ
522 807 692 910 Ἀβραάμ
711 808 775 888 τὸν
794 808 958 913 Λάζαρον
978 815 1098 901 εἰπεῖν,
1118 808 1376 911 συναγορεάσει
1399 805 1438 884 δὲ

205 944 228 1011 d
240 938 385 1030 μᾶλλον
409 932 515 1038 αὐτῷ,
542 934 600 1010 καὶ
627 939 701 1017 τοῖς
729 933 906 1035 ἡμετέροις
934 939 1187 1036 συνδραμεῖται
1216 929 1432 1034 θεωρήμασι.
1454 958 1473 1018 5

240 1052 351 1154 μόνον
383 1053 455 1157 γὰρ
486 1055 565 1160 οὐχὶ
598 1053 705 1134 τοῦτό
738 1060 854 1161 φησιν
886 1056 908 1155 ἡ
947 1056 1023 1136 θεία
1055 1053 1192 1161 γραφή·
1237 1051 1384 1136 τεθνεῶς
1417 1056 1438 1132 ὁ

241 1175 404 1278 Λάζαρος
422 1182 478 1256 καὶ
497 1175 564 1276 τὴν
581 1177 672 1275 μετὰ
688 1177 858 1275 σώματος
876 1179 1087 1264 καταλύσας
1105 1178 1207 1282 ζωὴν,
1226 1183 1274 1262 εἰς
1300 1175 1439 1256 κόλπον

240 1299 412 1403 Ἀβραὰμ
431 1301 625 1405 ἀπηνέχθη,
638 1304 716 1379 ἀντὶ
735 1310 799 1380 τοῦ
817 1303 855 1380 έν
874 1307 960 1387 υἱοῖς
977 1301 1149 1403 Ἀβραάμ
1167 1301 1437 1380 κατατέτακται·

241 1424 378 1526 πατέρα
406 1421 478 1525 γάρ
503 1430 656 1505 πολλῶν
679 1426 791 1504 ἐθνῶν
815 1423 952 1504 τέθεικά
977 1459 1022 1503 σε
1047 1423 1137 1526 πρὸς
1164 1423 1271 1503 αὐτὸν
1292 1427 1312 1503 ὁ
1335 1425 1439 1518 Θεὸς,

72 1547 168 1674 53⁵·
242 1549 334 1626 οὕτω
360 1546 401 1625 δέ
421 1580 492 1626 που
518 1546 717 1650 γέγραπται
744 1551 822 1651 περὶ
847 1549 955 1627 αὐτοῦ
973 1547 1095 1628 “”Ότι
1122 1549 1267 1651 πατέρα
1286 1554 1441 1627 πολλῶν
1457 1584 1500 1625 10

242 1674 353 1750 ἐθνῶν
371 1669 508 1750 τέθεικά
527 1671 604 1750 σε.”

194 2018 229 2080 19
247 1998 304 2065 Καὶ
335 2001 416 2064 αὕτιι
447 1997 534 2065 ἐστίν
566 1998 585 2063 ἡ
618 1996 778 2086 μαρτυρία
809 2003 866 2063 τοῦ
893 1998 1059 2079 Ἰωάννου,
1091 2001 1146 2066 ὅτε
1182 1998 1378 2066 ἀπέστειλαν
1409 1996 1441 2062 οἰ

213 2155 230 2196 0
290 2120 443 2190 Ἰουδαῖοι
467 2125 503 2194 ἑξ
523 2125 765 2214 Ἰεροσολύμων
789 2119 886 2212 ἱερεῖς
912 2126 965 2189 καί
990 2124 1123 2190 λευίταα
1149 2124 1201 2189 ἵνα
1228 2123 1439 2213 ἐρωτήσωσιν

192 2272 230 2314 20
296 2249 394 2316 αὐτόν
426 2249 472 2313 Σὺ
508 2248 556 2315 Tic
592 2243 641 2330 εἷ,
682 2248 734 2313 καὶ
765 2249 959 2324 ὡμολότιισε
990 2248 1042 2314 καί
1074 2249 1132 2314 οὐκ
1168 2249 1343 2337 ιἰρνιίσατο·
1390 2246 1441 2313 καὶ

294 2376 506 2452 ὠμολότιιοεν
533 2378 582 2444 ὅτι
609 2373 676 2449 &ab
702 2374 760 2440 οὐκ
788 2371 849 2450 εἰμὶ
876 2375 895 2440 ὁ
922 2375 1066 2462 Χριστός.
1462 2397 1501 2454 15

300 2562 489 2662 Μέμνηται
507 2568 579 2641 τῶν
596 2564 722 2641 ἑαυτοῦ
741 2563 864 2662 λόγων
882 2563 902 2640 ὁ
921 2560 1208 2663 Εὖαγγελιστὴς,
1227 2563 1285 2640 καῖ
1302 2560 1444 2641 πλατά-

242 2721 345 2790 τερον
366 2688 451 2785 ἡμῖν
474 2686 678 2793 ἐξηγεῖσθαι
704 2685 908 2788 σπουδάζει,
928 2691 1048 2769 καλῶς
1071 2719 1114 2787 γε
1138 2682 1286 2792 σφόδρα
1311 2690 1440 2782 ποιῶν,

243 2809 335 2913 ἅπερ
354 2812 422 2910 ἤδη
442 2808 589 2915 φθάσας
609 2811 656 2892 ὡς
675 2811 712 2887 ε’ν
727 2811 912 2916 κεφαλαίῳ
930 2809 1220 2907 συνειλημμεῖιως
1238 2806 1443 2907 καταμεμά-

75 2940 162 3062 {ng
174 3009 197 3065 7·
245 2962 360 3012 νυκεν·
391 2931 499 3013 εῖπῶν
517 2929 590 3035 γάρ
609 2942 631 2978 “
644 2931 812 3033 Ἐγένετο
835 2930 1023 3034 ἅνθρωπος
1046 2930 1317 3031 ἀπεσταλμένος
1341 2929 1444 3035 παρά

75 3086 140 3141 108
151 3085 191 3140 Δ
214 3067 266 3139 α“
285 3063 390 3155 Θεοῦ,
403 3056 516 3157 ὄνομα
535 3058 631 3164 αὐτῷ
648 3054 825 3154 Ἰωάννης·
855 3055 957 3140 οὗτος
974 3053 1086 3155 ἦλθεν
1099 3060 1146 3138 είς
1164 3056 1370 3157 μαρτυρίαν,
1384 3054 1444 3133 ἵνα
1457 3090 1500 3131 20

244 3190 267 3227 “
285 3179 501 3286 μαρτυρήσῃ
523 3184 604 3286 περὶ
628 3189 692 3259 τοῦ
718 3176 868 3284 φωτδς,”
888 3179 1088 3280 ἀναγκαίως
1113 3178 1269 3284 εἰσφέρει
1297 3181 1355 3258 καὶ
1379 3182 1444 3277 τῆς

242 3305 326 3404 παρ’
347 3305 455 3383 αὐτοῦ
474 3302 664 3405 γενομένης
683 3304 878 3407 μαρτυρίας
897 3300 960 3380 τὸν
977 3301 1121 3403 τρόπον·
1152 3303 1200 3381 ’ὅτε
1219 3300 1300 3404 γάρ,
1315 3305 1444 3406 φησὶν,
1514 3388 1515 3391 ¹

245 3436 271 3506 οἱ
290 3431 362 3504 τῶν
373 3428 576 3505 Ἰουδαικῶν
591 3425 785 3527 ταγμάτων
799 3424 890 3505 κατὰ
910 3423 1018 3522 νόμον
1031 3428 1230 3526 καθηγηταί
1249 3427 1330 3531 πρὶς
1349 3426 1445 3505 αὐτὶι

243 3547 521 3628 ἀπεστάλκασιν
540 3554 628 3655 ἱερεῖς
651 3556 710 3628 καὶ
732 3553 885 3645 Λευίτας,
900 3548 1147 3627 ἀναπυθέσθαι
1162 3548 1444 3654 προστάξαντες,

243 3673 281 3751 τί
295 3668 341 3750 ἀν
360 3671 461 3773 λέγοι
479 3674 558 3774 περὶ
578 3674 714 3769 ἑαυτοῦ,
726 3669 807 3751 τότε
825 3670 868 3770 δὴ
888 3673 946 3750 καὶ
962 3669 1064 3768 μάλα
1083 3679 1215 3775 σαφῶς
1234 3675 1444 3775 ὡμολόγησε,
1460 3713 1501 3772 ²5

242 3801 369 3877 πᾶσαν
387 3796 601 3878 ἀποσπάσας
626 3793 713 3874 αἰδῶ
736 3792 795 3874 διά
822 3793 889 3892 τὴν
906 3793 1089 3893 ἀλήθειαν·
1122 3796 1192 3899 ἔφη
1215 3795 1287 3898 γάρ
1310 3798 1356 3875 ’ίτι
1376 3797 1446 3898 ἐγῶ

280 4031 306 4078 4.
324 4015 371 4064 τοῦ
382 4009 501 4080 Ἀβραὰμ
513 4009 631 4065 τίθεσθαι
646 4009 678 4064 Β.
722 4008 889 4080 συναγορεάει
903 4009 936 4063 B.
973 4028 1034 4133 mg.
1052 4010 1103 4080 γὰρ
1117 4009 1149 4062 B.
1163 4010 1191 4063 δὲ
1205 4008 1256 4065 Ed.
1301 4009 1402 4064 τέθεικά
1413 4032 1449 4066 σε

243 4083 308 4151 πρδς
322 4081 354 4135 Β.
366 4081 479 4136 τέθεικεν
491 4079 542 4134 Ed.
608 4099 648 4135 11.
661 4078 761 4134 τέθεικά
774 4078 819 4151 σε]
833 4079 985 4134 τίθεικενα’
1020 4082 1139 4136 νδθεός
1154 4079 1185 4134 Β.
1250 4096 1343 4147 12-14.
1357 4080 1450 4136 Verba

246 4152 297 4206 SS.
311 4152 464 4221 Scripturae
476 4168 531 4205 non
549 4151 626 4221 plene
641 4149 767 4204 exhibent
780 4149 867 4204 Codd.
881 4149 926 4221 qui
943 4167 991 4220 pro
1008 4150 1051 4204 ὅτε
1067 4147 1389 4220 ἀπέστειλαν-ἠρνήσατο
1405 4153 1450 4206 καὶ

245 4222 367 4305 scripum
379 4222 426 4279 ἕως
438 4225 484 4276 τοῦ
496 4222 506 4289 (
516 4245 539 4264 =
556 4238 643 4312 uffque
654 4220 710 4290 ad),
723 4220 829 4311 initimp
842 4220 975 4291 finemque
987 4220 1131 4310 verbqrum
1141 4221 1342 4312 ρτοροιὶιοταια
1356 4223 1448 4304 polum

245 4293 409 4348 exhlbentes.
514 4307 555 4359 15.
575 4294 740 4362 ωμολόγηκεν
754 4290 788 4344 D.
802 4292 965 4361 ωμολθγηται
978 4291 1010 4345 Ε.
1058 4292 1109 4362 εγδ
1121 4312 1167 4346 ουκ
1178 4313 1230 4361 ειμι
1241 4291 1293 4346 hoc
1305 4291 1398 4346 ordme
1412 4291 1449 4348 B.

245 4364 326 4417 οὖκεῖ
345 4365 418 4434 ὶέγὼ
432 4363 503 4417 ΒΕ.
518 4362 568 4416 Ed.
629 4363 670 4417 18.
690 4361 897 4430 συνειλημμένος
910 4360 980 4416 DE.
994 4361 1193 4431 συνειλημμένος
1206 4361 1257 4416 Ed.
1316 4378 1358 4416 20.
1377 4363 1406 4416 a’
1435 4367 1449 4381 ⁸

245 4451 298 4488 om.
339 4474 345 4487 .
448 4449 491 4487 υ.
510 4433 646 4504 γενομένης
658 4429 718 4502 παρ’
730 4431 809 4485 αὖτοῦ
821 4432 927 4486 inverso
939 4430 1031 4486 ordine
1046 4432 1077 4485 Β.
1179 4435 1304 4487 hecar&
1315 4385 1450 4502 νόμωνἬῖ

245 4517 289 4575 25.
308 4505 463 4574 ὡμολόγησε
477 4502 509 4556 Β.
524 4503 627 4574 Migne.
641 4503 791 4573 ὡμολόγηκε
804 4500 855 4557 Ed.
964 4502 1009 4556 τό.
1027 4501 1179 4560 ὑποπτιίσας
1224 4503 1294 4574 igne.
