3038 5018
227 287 291 352 ⁷12
527 285 566 349 Β.
591 284 801 350 CYRILLI
832 285 1118 350 ALEXANDR.
1300 282 1432 346 viii.12.

226 444 317 528 εἶναί
342 455 460 557 φαμεν
481 448 545 529 τὸν
568 449 637 555 όλῃ
664 456 710 554 τῇ
738 449 918 558 φύσειτί)
947 449 1074 550 νοητόν
1097 450 1231 530 ε’νιέντα
1261 455 1357 556 φῶς,
1380 448 1433 527 καὶ

226 569 352 676 ῶσπερ
388 572 468 652 τινὰ
506 574 715 676 σπέρματος
752 573 962 673 καταβολὴν
995 576 1104 654 παντὶ
1135 578 1187 682 τῷ
1223 570 1433 678 κεκλημένῳ

192 695 318 798 οπρὸς
335 695 476 799 γένεσιν
493 696 559 796 τὴν
577 697 757 805 ἀνθρώπῳ
775 697 985 801 πρέπουσαν
1004 699 1239 799 εὐσπείροντα
1263 694 1430 790 σύνεσιν,

59 828 168 961 gumi·
228 820 320 899 κατὰ
344 819 386 900 τὸ
412 821 594 924 εἰρημένον
610 825 691 923 περὶ
716 823 824 901 αὐτοῦ
843 832 864 869 “
877 818 956 902 Ἦν
973 820 1015 901 τὸ
1039 827 1118 928 φῶς
1135 819 1178 899 τὸ
1198 819 1392 920 ἀληθινὸν,
1414 816 1433 897 ὃ

228 953 250 990 “
268 942 411 1051 φωτίζει
428 942 547 1025 πάντα
565 945 756 1046 ἄνθρωπον
773 944 964 1051 ἐρχόμενον
982 951 1031 1029 είς
1048 942 1113 1025 τόν
1130 941 1304 1044 κόσμον.”
1335 939 1459 1040 πλὴν5

228 1063 331 1166 οἶμαί
345 1102 381 1148 τι
398 1073 450 1176 τῶ
469 1068 570 1175 λόγῳ
587 1068 702 1149 πάλιν
719 1071 1036 1174 έγκατακεχῶσθαι
1053 1067 1193 1172 πικρόν.
1236 1074 1266 1148 εὶ
1287 1066 1363 1170 γάρ
1384 1064 1432 1164 μή

227 1228 262 1273 τι
286 1201 447 1274 τοιοῦτον
471 1196 585 1274 ῶδίνει
611 1193 653 1273 τὸ
678 1195 870 1296 εἰρημένον,
889 1196 957 1275 ἔδει
976 1193 1087 1294 μόνον
1108 1199 1217 1273 εἰπεῖν
1236 1192 1341 1293 Ἐγώ
1366 1195 1431 1288 εἰμι

227 1316 269 1396 τό
301 1324 391 1423 φῶς.
442 1315 561 1416 ἐπειδὴ
592 1315 630 1396 δέ
662 1320 717 1396 τῶ
749 1319 877 1423 κόσμον
904 1317 1167 1422 προστέθεικεν,
1195 1312 1294 1413 οἶμαι
1325 1314 1371 1414 δή
1398 1348 1431 1392 τι

227 1449 388 1520 τοιοῦτον
410 1437 518 1519 αὐτὸν
543 1442 811 1521 ὑπαινίττεσθαι
840 1445 898 1520 καὶ
927 1449 990 1521 νῶν
1007 1440 1153 1521 ἐθέλειν.
1199 1435 1245 1537 ἦν
1269 1436 1430 1539 μὲνγὰρ

60 1562 102 1612 Pa
112 1560 181 1613 lxxv.

63 1641 85 1677 2,
229 1565 267 1642 ἐν
293 1563 386 1669 μόνῃ
413 1569 459 1669 τῇ
485 1565 640 1670 Ἰουδαίᾳ
668 1564 833 1666 γνωστὸς
861 1567 882 1643 ό
910 1563 1012 1661 Θεὸς,
1036 1567 1095 1644 καὶ
1123 1566 1160 1643 έν
1186 1560 1286 1669 μόνῳ
1316 1560 1355 1641 δὲ
1381 1570 1431 1667 τῷ
1444 1594 1473 1633 ιο

199 1686 383 1791 οἸσραὴλ
408 1687 501 1789 μέγα
527 1686 568 1766 τὸ
594 1686 707 1787 ὄνομα
733 1690 850 1786 αὐτοῦ,
869 1686 985 1784 βαθὺς
1011 1687 1048 1767 δέ
1072 1686 1197 1791 ῶσπερ
1223 1685 1291 1785 τὴν
1310 1686 1430 1788 ἑτέρον

229 1809 377 1890 ἅπασαν
396 1814 466 1912 γῆν
488 1812 718 1912 κατεπίμπλη
744 1809 886 1909 σκότος,
907 1809 1047 1895 οὐδενὸς
1072 1818 1145 1890 τῶν
1168 1814 1205 1890 έν
1225 1815 1277 1917 τῷ
1305 1808 1430 1917 κόσμῳ

228 1933 270 2015 τὸ
297 1933 391 2014 θεῖόν
414 1968 452 2013 τε
478 1937 536 2013 καὶ
562 1933 726 2037 οὐράνιον
748 1935 891 2040 ἔχοντος
918 1942 1007 2043 φῶς,
1024 1933 1123 2035 πλὴν
1146 1934 1200 2015 ὅτι
1228 1932 1343 2033 μόνου
1369 1942 1431 2012 τοῦ

228 2056 396 2163 Ἰσραήλ.
437 2059 521 2138 ἀλλ’
542 2057 667 2163 ὥσπερ
692 2059 734 2138 τὸ
760 2058 924 2160 τηνικάδε
949 2058 1095 2140 πάντων
1113 2061 1203 2156 ὁμοῦ
1228 2063 1303 2136 τῶν
1322 2059 1432 2137 ε’θνῶν

229 2189 302 2262 τῶν
327 2185 366 2263 έν
392 2187 481 2290 τῶδε
509 2177 561 2289 τῷ
589 2180 717 2291 κόσμῳ
745 2187 808 2284 τῆς
838 2184 1056 2286 θεογνωσίας
1084 2180 1349 2291 ἐξῳκισμένον,
1376 2183 1432 2260 καί
1446 2210 1475 2267 15

62 2308 141 2389 ΜΞ·
243 2306 260 2335 ”
389 2309 398 2333 ’
439 2308 487 2386 ’δ’
533 2310 600 2385 rw*
626 2304 727 2413 τάξει
752 2342 803 2387 κει
831 2305 918 2387 ένων
949 2318 970 2355 “
989 2308 1033 2387 Ἐ
1059 2305 1144 2386 εν’θ
1185 2305 1275 2388 λαὸς
1298 2310 1357 2383 Κυ
1380 2305 1433 2383 ίου

62 2389 179 2442 um·
232 2341 508 2414 ωσπευενιιι
591 2343 601 2386 t
803 2342 830 2406 ν
918 2368 928 2404 ,
1035 2342 1166 2409 νου
1356 2339 1379 2406 ν

234 2440 255 2477 “
271 2433 368 2534 μερὶς
387 2431 506 2528 αὑτοῦ,
520 2429 719 2535 σχοίνισμα
739 2432 979 2533 κληρονομίας
997 2433 1106 2510 αὐτοῦ
1124 2428 1309 2531 Ἰσραήλ·”
1341 2430 1433 2508 οὕτω

229 2553 344 2636 πόλιν
362 2556 418 2660 ἐφ’
439 2554 528 2634 όλον
545 2554 609 2634 τὸν
632 2553 771 2653 κόσμον
794 2564 857 2635 τοῦ
881 2565 1009 2656 νοητοῦ
1035 2552 1284 2653 μετοισθέντος
1313 2555 1431 2654 ἡλίου,

231 2682 289 2758 καὶ
317 2675 521 2781 ἀπάραντος
548 2677 613 2776 μέν
634 2686 707 2759 τῶν
731 2681 775 2788 ἐξ
796 2679 952 2784 Ἰσραὴλ
979 2687 1044 2759 τοῦ
1071 2679 1203 2787 φωτὸς,
1224 2677 1435 2783 μεθορμιζο-

230 2800 338 2900 μένου
363 2800 402 2881 δὲ
427 2800 527 2906 παρὰ
550 2807 624 2887 τοῖς
649 2801 799 2899 ἔθνεσιν,
818 2803 889 2911 ἔξω
906 2811 979 2884 τῶν
997 2804 1095 2884 όλων
1112 2806 1133 2883 ό
1151 2801 1307 2904 Ἰσραὴλ
1333 2802 1433 2904 ηὑρί-
1448 2835 1477 2876 τι

63 2926 162 3059 ξ’·λῑ·
197 2939 350 3005 ἀσκετο·
395 2937 416 2974 “
434 2923 723 3022 Ὺπομεινάντων
758 2927 830 3032 γὰρ
869 2929 987 3008 αὐτῶν
1024 2933 1102 3034 φῶς
1139 2926 1276 3028 ἐγένετο
1315 2927 1435 3007 αὐτοῖς

231 3059 253 3097 “
272 3048 414 3148 σκότος,
439 3048 531 3129 κατὰ
558 3048 600 3129 τὸ
628 3051 888 3154 γεγραμμένον,
911 3050 1092 3152 μείναντες
1120 3048 1233 3152 αὐγὴν
1257 3051 1295 3128 έν
1321 3050 1435 3155 ἀωρίῳ

232 3184 253 3221 “
271 3173 575 3277 περιεπάτησαν.”
605 3175 647 3254 οὐ
674 3174 792 3276 μάτην
819 3177 883 3256 οὖν
910 3177 980 3280 ἄρα
1009 3179 1125 3283 φησὶν
1154 3175 1174 3253 ὁ
1203 3168 1335 3276 Σωτὴρ
1361 3178 1436 3256 τοῖς

232 3299 444 3399 Φαρισαίοις
461 3305 690 3401 προσλαλῶν
702 3298 798 3402 Ἐγῶ
816 3308 884 3405 εἰμι
903 3300 939 3381 τλ
960 3301 1034 3407 φῶς
1052 3301 1108 3380 τοῦ
1129 3299 1269 3403 κόσμον·
1295 3301 1440 3378 ἀπειλεῖ

231 3421 303 3527 γὰρ
322 3424 460 3528 εὐφυῶς
479 3427 526 3507 ῶς
545 3422 843 3523 ἀπαναστῆσεται
860 3422 925 3523 μὲν
943 3431 1006 3502 τοῦ
1019 3421 1185 3525 Ἰσραὴλ,
1201 3422 1435 3521 μετακομίσει
1448 3444 1477 3504 ²5

232 3544 270 3625 δὲ
305 3543 372 3639 τὴν
403 3542 508 3650 χάριν
540 3547 596 3652 ἐφ’
631 3546 719 3626 όλον
750 3547 819 3647 ἤδη
850 3546 915 3627 τὸν
946 3545 1095 3646 κόσμον,
1129 3549 1187 3627 καί
1219 3544 1434 3653 ἐφαπλεόσει

232 3666 363 3750 λοιπόν
385 3670 514 3773 ἕτεροις
541 3668 608 3768 τὴν
630 3674 693 3770 τῆς
722 3673 942 3774 θεογνωσίας
969 3673 1120 3751 ἀκτῖνα

296 3793 553 3897 Ἐπιτηρητέον
589 3793 629 3876 δέ
665 3794 771 3893 ὅπως,
803 3797 917 3876 καίτοι
952 3794 1052 3900 παρὰ
1087 3801 1161 3878 τοῖς
1197 3793 1435 3897 ἀκροωμένοις

232 4100 258 4156 ⁶.
268 4028 1434 4183 {02'22550032'5312‘ffflffmf‘qafflsssvff‘xffff·mffissksssslffsssspffsoflfssxfflss

232 4173 344 4226 κοπτὸν
357 4181 387 4225 ut
399 4190 425 4226 v.
437 4174 456 4226 l.
469 4191 518 4243 pro
529 4174 622 4243 πικρόν
634 4172 679 4228 dat
692 4173 764 4229 Aub.
777 4175 805 4228 in
818 4191 900 4243 mg.e
937 4183 972 4227 at.
984 4183 1015 4228 ut
1028 4173 1082 4228 vid.
1159 4174 1194 4242 μὴ
1206 4173 1257 4244 γὰρ
1269 4189 1379 4226 mverso
1391 4191 1433 4227 οι·-

253 4243 295 4296 ine
307 4261 330 4296 a.
442 4259 483 4298 η.
502 4244 664 4314 κοτεπίμπλη
678 4244 710 4298 Β.
724 4241 888 4314 κατεπίμπλο
901 4243 952 4298 Ed.
965 4244 1092 4298 ἐκάλυπτε
1105 4243 1170 4297 Nik.
1241 4246 1251 4258 ⁹
1266 4260 1323 4297 om.
1339 4243 1373 4299 Β.
1387 4243 1434 4298 Ht.

235 4313 276 4367 16.
296 4312 402 4383 ε’γενὴθη
416 4315 524 4368 correxi.
538 4313 659 4385 ἐγεννήθη
673 4314 725 4371 Ed.
858 4316 900 4370 18.
918 4314 1099 4384 μετοισθέντος
1113 4313 1145 4368 Β.
1159 4313 1217 4367 Cat.
1262 4315 1311 4369 κτλ
1323 4336 1434 4383 μετοικι-

233 4383 341 4440 σθέντος
353 4402 376 4438 a.
410 4407 453 4438 ετο
474 4385 562 4441 θέντος
575 4384 625 4440 Ht.
638 4386 689 4441 Ed.
844 4403 887 4440 22.
906 4386 984 4456 αὐτὴν
998 4386 1030 4441 Β.
1046 4386 1096 4441 fit.
1109 4385 1143 4440 cs.
1156 4384 1243 4454 (198.)
1255 4385 1435 4439 emendavite

233 4453 292 4508 Cat.
307 4464 337 4508 ut
349 4456 375 4508 vi
397 4408 488 4509 ,ΑθίιΙ
626 4473 668 4528 ²3·
687 4454 788 4527 Σωτὴρ]
802 4457 916 4526 Χριστὸς
927 4474 952 4511 a.
1088 4469 1131 4527 25.
1150 4453 1364 4523 ἀπονοστήσασι
1379 4456 1434 4510 n...

232 4525 439 4593 έπονοστήσετοι
454 4527 501 4581 Ht.
515 4526 566 4581 Ed.
