3038 5018
91 315 187 387 v.35.
288 302 346 367 IN
378 304 410 368 S.
435 305 690 370 JOANNEM.
737 306 922 371 LIB.III.
969 306 1116 371 CARI.
1224 306 1288 370 369

139 463 233 546 Ὅτε
262 469 381 549 τοίνυν
407 468 454 548 τὰ
483 475 563 575 περὶ
595 475 659 571 τῆς
688 472 790 574 ἁγίας
820 476 956 573 σκηνῆς
978 472 1154 552 ’διετύπου
1178 469 1287 566 Θεὸς,

90 589 181 687 μετὰ
208 591 363 691 τὴντῶν
386 595 545 674 αύλαίων
569 603 641 675 τῶν
666 597 750 676 δέκα
777 595 1056 701 συμπλήρωσιν,
1075 594 1174 700 λέγει
1199 593 1291 697 πρὸς

92 712 155 794 τὸν
193 715 404 823 ἱεροφάντην
437 720 601 800 Μωυσέα
634 730 656 768 “
677 723 750 800 Καὶ
788 720 838 802 σὺ
874 720 966 802 σύντ
1015 754 1057 800 ον
1093 727 1167 804 τοῖς
1205 723 1290 802 υἱοῖς
1335 737 1416 816 Em}-

92 852 115 890 “
132 844 298 948 Ἰσραήλ,
325 849 383 925 καὶ
415 845 632 943 λαβέτωσαὶν
659 883 720 928 σοι
753 846 876 929 ἐ’λαιον
905 847 949 955 ἐξ
977 848 1106 928 ἐλαίων
1134 848 1291 951 ἄτρυγον
1335 816 1460 920 Χὶἱὶἱίθῶ

61 977 117 1040 5“
134 965 291 1073 καθαρὸν
309 969 525 1069 κεκομμένον
542 977 589 1054 εἱς
608 976 687 1078 φῶς
706 980 850 1063 καῦσαι,
870 973 927 1052 ἵνα
950 971 1089 1071 καίηται
1113 973 1134 1050 ὁ
1159 970 1291 1076 λύχνος

93 1101 116 1138 “
134 1090 193 1172 διὰ
212 1091 346 1178 παντὸς
368 1096 406 1173 ἐν
423 1098 469 1199 τῇ
491 1099 610 1201 σκηνῇ
635 1103 700 1175 τοῦ
724 1096 929 1199 μαρτυρίου,
947 1094 1080 1203 ἔξωθεν
1097 1102 1160 1175 τοῦ
1179 1128 1290 1174 κατα-

95 1225 117 1262 “
134 1214 364 1316 πετάσματας
382 1226 447 1298 τοῦ
467 1220 524 1299 ἐπὶ
541 1224 605 1319 τῆς
629 1218 809 1321 διαθήκης
840 1219 965 1300 καύσει
984 1219 1093 1300 αὐτὸν
1111 1221 1131 1299 ὁ
1148 1218 1293 1322 Ἀαρὼν

94 1350 118 1388 “
136 1342 194 1421 καὶ
217 1345 250 1421 οἱ
273 1345 339 1421 υἱοὶ
357 1343 465 1422 αὐτοῦ
488 1342 560 1424 ἀπὸ
585 1345 739 1448 ἑσπέρας
764 1345 828 1428 ἕως
853 1344 947 1448 πρωὶ
969 1345 1128 1424 ἐναντίον
1148 1345 1325 1447 Κυρίου,ἱ)

96 1474 118 1513 “
136 1462 287 1565 νόμιμον
318 1464 459 1547 αἱῶνιον
496 1472 544 1552 είς
581 1466 645 1552 τὰς
678 1467 801 1570 γενεὰς
840 1471 939 1568 ὑμῶν
969 1466 1069 1572 παρὰ
1105 1474 1177 1547 τῶν
1210 1471 1295 1548 υἱῶν

46 1617 84 1658 10
96 1599 118 1636 “
136 1588 304 1694 Ἰσραήλ.
335 1594 394 1670 καὶ
413 1591 462 1672 σι)
479 1592 719 1696 προσαγάγου
736 1592 827 1695 πρὸς
845 1593 999 1674 σεαυτὸν
1016 1592 1133 1672 τόντε
1150 1591 1295 1695 Ἀαρὼν

96 1722 120 1760 “
139 1712 202 1793 τὸν
220 1712 380 1820 ἀδελφόν
393 1749 464 1795 σου
482 1719 541 1796 καὶ
558 1715 640 1801 τούς
660 1715 754 1801 υἱούς
772 1710 880 1796 αὐτοῦ
899 1719 938 1798 ἐκ
955 1723 1028 1796 τῶν
1042 1721 1126 1796 υἱῶν
1142 1713 1296 1818 Ἰσραήλ

97 1847 120 1884 “
136 1838 322 1940 ἱερατεύειν
345 1840 437 1938 μοι.”
477 1839 519 1920 τὸ
546 1840 611 1937 μέν
637 1843 700 1921 οὖν
719 1847 813 1921 θεῖον
835 1840 960 1943 λόγιον
984 1843 1022 1920 ἐν
1047 1841 1184 1923 τούτοις
1212 1840 1297 1940 ήμίν

97 1960 251 2054 ἑστάτω,
271 1962 451 2066 χωρητέον
476 1961 516 2044 δέ
543 1964 610 2063 ἤδη
638 1966 728 2067 πρὸς
756 1963 823 2064 τήν
844 1963 1076 2068 ἐνδεχομένην
1094 1960 1297 2068 σαφήνειαν

98 2087 218 2166 αὐτοῦ·
249 2084 291 2166 τὸ
310 2084 433 2168 ’ἔλαιον
451 2085 493 2169 τὸ
519 2087 675 2193 ἅτρυγόν
693 2122 731 2168 τε
759 2092 815 2169 καὶ
845 2087 1012 2191 καθαρὸν,
1032 2089 1140 2167 ἔοικεν
1159 2089 1294 2185 ὑποδηε

48 2234 86 2294 15
99 2219 188 2291 λοῦν
205 2207 272 2310 τήν
291 2210 548 2316 καθαρωτάτην
570 2216 629 2292 καὶ
652 2211 839 2293 ἀθόλωτον
857 2221 922 2293 τοῦ
939 2213 1067 2314 Ἀγίου
1088 2213 1297 2309 Πνεύματος

100 2335 226 2441 φύσιν,
249 2336 325 2436 ήτις
348 2337 386 2415 ἐν
412 2336 497 2436 ἡμῖν
523 2336 645 2417 ἐλαίου
673 2338 773 2437 δίκην
795 2335 1033 2443 ἀπερινοήτως
1060 2335 1327 2440 εἱστρέχονσαο

99 2460 293 2567 ἀποτρέψει
323 2465 380 2540 καὶ
410 2460 552 2566 συνέχει
582 2465 639 2541 καὶ
669 2460 768 2569 αὔξει
799 2459 864 2542 τὸν
894 2464 931 2540 ἐν
960 2466 1065 2569 ψυχῇ
1095 2457 1297 2563 φωτισμὸν,

100 2583 260 2687 καθάπερ
291 2585 329 2663 ἐν
362 2582 485 2694 λύχνῳ
519 2587 687 2684 κείμενον.
727 2588 819 2665 οὕτω
852 2584 890 2665 δέ
922 2588 981 2665 καὶ
1013 2584 1077 2664 τὸν
1099 2580 1300 2663 θεσπέσιον

100 2706 307 2807 βαπτιστήν
328 2711 391 2807 τῆς
418 2709 497 2813 περὶ
524 2718 588 2789 τοῦ
608 2715 775 2814 Σωτῆρος
802 2711 903 2809 ἡμῶν
929 2710 1123 2813 μαρτυρίας
1150 2704 1192 2787 τὸ
1221 2713 1300 2812 φῶς

48 2862 88 2902 20
100 2830 288 2938 ἐκλάμψαι
305 2832 531 2931 πιστεύομεν,
546 2836 613 2939 οὐχ
630 2834 798 2936 ἑτέρωθεν
816 2833 883 2934 τὴν
900 2842 964 2914 τοῦ
983 2834 1158 2913 δύνασθαι
1177 2839 1300 2940 φωτα-

101 2963 233 3058 γωγεῖν
256 2954 496 3056 κομισάμενον
518 2956 719 3059 δύναμιν,ή
745 2956 803 3038 διὰ
831 2966 894 3038 τοῦ
921 2957 1042 3036 ἐλαίου
1069 2964 1133 3036 τοῦ
1161 2963 1300 3055 νοητοῦ,

101 3084 261 3165 δυνατῶς
289 3114 327 3159 τε
357 3084 415 3159 καὶ
445 3083 647 3180 ἐπιτηδείας
676 3081 819 3187 έχοντος
848 3087 896 3167 εἱς
924 3080 966 3161 τὸ
994 3086 1073 3188 φῶς
1101 3087 1233 3160 καῦσαι
1258 3076 1300 3159 τὸ

101 3210 197 3285 θεῖον
224 3205 262 3284 ἐν
289 3203 383 3304 ἡμῖν,
411 3202 431 3284 δ
464 3202 507 3305 δή
537 3211 595 3286 καὶ
627 3204 732 3290 αὐτὸς
765 3210 813 3291 ῶς
842 3207 880 3285 ἐν
907 3205 1088 3308 αἰνίγματι
1122 3206 1142 3284 ὁ
1172 3201 1301 3305 Σωτὴρ

102 3330 325 3433 κατεμήνυσε
351 3332 470 3435 λέγων
488 3343 510 3380 “
527 3337 609 3434 Πῦρ
631 3329 746 3432 ἦλθον
770 3337 898 3427 βαλεῖν
915 3332 972 3410 ἐπὶ
996 3328 1063 3429 τὴν
1080 3331 1161 3431 γῆν,
1180 3332 1238 3408 καὶ
1266 3330 1305 3410 τί
1314 3338 1335 3403 d
1347 3338 1442 3469 ξῆῐιχ

47 3476 87 3536 ²5
102 3467 125 3503 “
143 3455 239 3538 θέλω
272 3463 302 3538 εί
333 3458 401 3558 ἤδη
434 3454 579 3561 ἀνήφθη
592 3455 626 3553 ;”
656 3455 779 3552 λύχνος
813 3456 876 3535 οὖν
908 3458 957 3540 ῶς
988 3457 1026 3536 ἐν
1058 3452 1160 3561 τύπῳ
1188 3451 1301 3534 πάλιν
1385 3440 1391 3454 ’

102 3590 118 3662 ἱ
140 3579 314 3687 καιὶμειις
335 3588 395 3663 καὶ
413 3585 538 3687 φαίνων
556 3576 614 3660 διὰ
635 3577 770 3663 παντὸς
795 3582 833 3658 ἐν
855 3585 899 3687 τῇ
927 3583 1045 3684 σκηνῇ
1069 3586 1133 3657 τοῦ
1160 3611 1299 3680 μαρτυ-

100 3706 219 3810 ρίουὸ
241 3702 413 3808 μακοίριος
432 3701 477 3803 ἦν
494 3701 712 3803 βαπτιστής·
744 3705 802 3783 καὶ
827 3700 869 3782 τὸ
894 3701 960 3801 μὲν
976 3704 1014 3781 ἐν
1032 3708 1077 3806 τῇ
1098 3707 1215 3804 σκηνή
1238 3707 1302 3781 τοῦ

101 3830 297 3933 μαρτυρίου
323 3828 462 3935 φαίνειν
480 3827 598 3925 αὐτὸν,
617 3829 784 3928 σημαίνει
808 3828 866 3907 καὶ
890 3832 1020 3922 καλῶς,
1040 3824 1094 3905 ὅτι
1119 3822 1240 3907 δεκτὸς
1264 3826 1302 3903 ε’ν

102 3956 310 4056 ἐκκλησίαις
329 3954 349 4032 ὁ
368 3953 451 4055 παρ’
472 3951 581 4031 αὐτοῦ
599 3948 799 4057 φωτισμὸς,
819 3953 876 4030 καὶ
895 3952 959 4031 οὐκ
977 3948 1047 4056 ἐξω
1066 3949 1220 4027 κείσεται
1238 3951 1302 4047 τῆς

120 4207 166 4284 ἰ.
184 4196 235 4246 τῶν
247 4191 321 4262 priua
333 4198 502 4280 unump’tum
514 4206 546 4276 εξ
561 4187 593 4244 Β.
624 4187 720 4245 Statim
732 4187 830 4276 οὗλίωή
842 4186 878 4240 D.
952 4186 1012 4278 ⁷2⁸·
1026 4187 1174 4256 Assumpta
1186 4186 1200 4238 ὁ
1212 4202 1244 4237 ex
1259 4182 1302 4274 IJ„

103 4262 259 4402 {2353}
369 4275 410 4331 ¹⁷·
429 4255 1304 4451 “zssffiss‘afflffmffia3323‘50113522053‘32&⁰³:22

103 4405 232 4487 αζνίγμοτι
245 4403 298 4459 Ed.
336 4402 432 4485 Sqatim
445 4400 603 4484 κατεμήνυσε
617 4401 650 4454 Β.
663 4398 798 4470 κατεμήνυε
813 4398 836 4452 E
858 4438 864 4450 .
996 4411 1103 4522 ἀφ-χι..
1111 4409 1173 4468 370,
1181 4413 1207 4466 3.
1228 4394 1303 4483 Ηιος

104 4481 168 4530 enat
180 4474 354 4545 Nnkephorus
365 4491 394 4527 ιο
407 4471 508 4554 §latona
519 4490 537 4527 ι,
551 4470 612 4542 863,
621 4469 682 4537 864.
763 4484 819 4551 ,²5·
836 4466 955 4542 πιῦυνό]
968 4471 1049 4524 παλαι
1089 4468 1127 4524 ιὶι.
1208 4479 1251 4541 27.
1270 4486 1301 4537 τη

103 4554 273 4616 assumptum
285 4562 317 4599 ex
333 4543 365 4599 B.
379 4543 445 4599 N1k.
553 4542 595 4598 28.
614 4543 655 4595 καὶ
667 4558 721 4594 om.
734 4540 799 4595 N1k.

147 4651 218 4698 τοι.
235 4651 256 4699 ι.
678 4648 697 4715 3
715 4647 733 4694 υ
