3038 5018
64 307 162 394 vii.9‚
178 331 225 375 10.
260 312 317 376 IN
348 311 381 376 S.
406 310 661 377 JOANNEM.
708 310 802 375 ΙιΙΒ.
828 311 889 375 IV.
935 309 1036 374 CAP.
1054 310 1095 373 V.
1199 309 1260 372 591

63 473 174 576 στέρα
205 478 385 581 φαίνηται,
409 479 522 559 καίτοι
550 477 634 557 λίαν
656 477 867 560 ἀπαίδευτος
895 477 988 555 οὖσα
1013 482 1086 554 τῶν
1107 476 1219 553 ε’θνῶν
1241 507 1264 571 η

61 598 215 699 πληθὺς,
237 600 294 681 διὰ
321 601 388 702 τὴν
412 602 463 682 ἔτι
491 599 719 706 συνέχουσαν
742 598 899 700 πλάνην.
944 599 1112 700 σημαίνει
1140 596 1178 676 δὲ
1206 592 1265 675 διά

62 721 190 803 τούτου
216 728 274 805 καὶ
298 723 365 824 τὴν
382 732 430 809 είς
455 724 547 805 αὐτά
572 727 711 804 δικαίαν
729 724 927 825 ἀγάπησιν,
947 727 1006 804 καὶ
1030 722 1095 822 τὴν
1113 724 1171 801 ἐπὶ
1190 726 1265 802 τοῖς

63 846 107 951 ἐξ
122 847 278 951 Ἰσραὴλ
304 847 556 950 εῦλογωτάτην
573 849 779 952 ἀπέχθειαν.
817 854 895 933 πῶς
922 846 993 951 γάρ
1020 849 1085 927 οῦκ
1112 845 1264 945 ἔμελλεν

31 972 125 1059 5“ό
149 971 269 1051 πάντα
293 972 484 1073 γινώσκων
505 975 592 1075 πρὶν
614 973 789 1073 γενέσεως
815 973 961 1068 αῦτῶν,”
980 973 1074 1052 οὕτω
1099 967 1261 1068 διατεθή·
1308 950 1417 1078 {3⁸4²-

63 1101 209 1192 σεσθαι,
228 1098 277 1180 ὡς
302 1094 447 1198 ἀγάπης
472 1094 540 1194 μὲν
557 1095 626 1196 ἤδη
651 1100 715 1196 τῆς
741 1098 837 1179 θείας
861 1097 987 1203 ἀξιοῦν
1004 1094 1071 1196 τὴν
1087 1095 1132 1200 ἐξ
1151 1093 1297 1172 ε’θνῶνᾶ

64 1216 299 1318 Ἐκκλησίαν,
329 1219 553 1320 καλουμένην
581 1222 694 1304 οὕτως
725 1221 878 1304 εὐπετῶς
911 1222 968 1300 ε’πὶ
999 1225 1051 1325 τῷ
1081 1216 1263 1298 πιστεύειν

66 1343 174 1448 αὐτῷ,
196 1343 431 1422 ἀποσείεσθαι
459 1342 497 1423 δὲ
519 1343 650 1423 λοιπὸν
675 1345 733 1423 καί
758 1341 1099 1442 καταμυσάττεσθαι
1122 1341 1263 1425 δικαίως

65 1467 113 1549 ὡς
141 1466 333 1567 ἀγνώμονα
359 1465 425 1566 τὴν
450 1468 701 1570 Ἰερουσαλήμ·
732 1467 771 1551 ὅς
799 1502 840 1569 γε
868 1471 926 1547 καὶ
954 1465 1026 1569 πρὸ
1054 1467 1171 1545 αὐτῶν
1198 1467 1262 1563 τῆς

12 1627 51 1668 ιο
64 1591 250 1689 ἐπιδημίας
275 1598 348 1670 τῶν
366 1591 517 1696 χρόνων,
535 1595 753 1692 ἐπιθυμῆσαι
775 1591 841 1691 μέν
858 1592 1000 1694 λέγεται
1022 1599 1086 1671 τοῦ
1103 1589 1263 1674 κάλλους
1307 1577 1349 1692 f}
1361 1577 1422 1626 ὼ·

64 1714 183 1811 αὐτῆς,
202 1714 294 1794 κατὰ
316 1714 383 1815 τὴν
401 1724 467 1795 τοῦ
489 1715 703 1822 ψάλλοντος
728 1717 974 1823 ἀναφώνησιν,
991 1712 1129 1817 πόρνην
1148 1712 1263 1793 δὲκαὶ

65 1841 269 1940 μοιχαλίδα,
293 1843 351 1919 καί
378 1841 416 1918 τί
440 1839 512 1941 γάρ
541 1841 621 1944 οῦχὶ
649 1845 722 1919 τῶν
744 1840 924 1936 τοιούτων,
947 1837 1014 1938 τὴν
1035 1834 1264 1939 σκληροτρά-

65 1970 182 2063 χηλον
199 1959 442 2065 Ἰερουσαλὴμ
461 1963 656 2062 ἀπεκάλεις
686 1963 908 2068 σαφεστατα
926 1970 1016 2064 γοῦν
1035 1960 1093 2041 διὰ
1115 1957 1182 2060 μέν
1200 1966 1265 2039 τοῦ

64 2083 255 2190 προφήτου
284 2091 399 2191 φησὶν
426 2086 595 2191 Ἱεζεκιὴλ
621 2087 713 2190 πρὸς
740 2085 853 2187 αὑτήν
874 2096 896 2134 “
913 2085 987 2167 Διά
1015 2094 1120 2166 τοῦτο
1147 2082 1263 2186 πόρνη
1276 2125 1293 2168 ο
1307 2075 1387 2154 Μ’

65 2217 87 2255 α
114 2208 133 2238 u
1308 2157 1359 2192 m.
1372 2153 1413 2205 35.

14 2233 52 2289 15
105 2243 209 2289 ακουε
241 2210 353 2313 λόγον
385 2210 553 2314 Κυρίου·”
598 2210 656 2290 διὰ
687 2210 725 2291 δέ
758 2215 823 2310 τῆς
851 2211 1023 2313 Ἱερεμίου
1056 2213 1181 2317 φωνῆς
1214 2212 1265 2292 ὡς

65 2336 259 2437 μοιχαλίδα
288 2342 509 2415 καταιτιᾶται
536 2341 636 2431 βοῦν
663 2334 718 2414 ότι
746 2345 768 2382 “
789 2332 921 2419 Καθὼς
951 2340 1071 2417 ἀθετεῖ
1096 2331 1265 2436 γυνὴ,είς
1310 2326 1383 2444 ξοῑξῑ·
1396 2327 1433 2380 ¹¹2

67 2465 89 2502 “
107 2453 171 2535 τὸν
190 2456 347 2539 συνόντα
368 2460 472 2565 αῦτῇ,
493 2461 607 2544 οὕτως
631 2458 807 2560 ἠθέτησεν
826 2465 873 2542 είς
899 2457 960 2558 ε’μέ
983 2456 1077 2545 οἶκος
1095 2456 1264 2563 Ἰσραὴλ,

67 2588 89 2626 “
107 2580 205 2681 λέγει
227 2582 389 2684 Κύριος.”
429 2587 478 2666 ὡς
501 2584 564 2663 οὖν
583 2584 652 2684 ἤδη
678 2581 770 2663 κατὰ
794 2580 1005 2684 πρόγνωσιν
1023 2582 1089 2683 τὴν
1107 2585 1146 2663 ε’κ
1170 2617 1265 2686 προ·

65 2705 213 2804 μηθείας
240 2711 471 2808 θεοπρεποῦς,
499 2710 564 2806 τῆς
592 2704 659 2805 μὲν
686 2705 731 2812 ἐξ
757 2710 870 2786 ἐθνῶν
895 2708 1120 2807 Ἐκκλησίας
1146 2741 1267 2809 περια-

12 2856 53 2895 20
67 2827 206 2929 θρήσας
231 2827 273 2908 τὸ
298 2829 449 2927 κάλλος,
467 2834 531 2930 τῆς
557 2829 595 2909 δέ
619 2837 692 2910 τῶν
709 2833 893 2910 Ἰουδαίων
911 2834 1129 2933 συναγωγῆς
1146 2831 1213 2932 την
1230 2833 1268 2910 ε’ν

67 2949 269 3056 φαυλότητι
296 2953 440 3056 τρόπων
458 2953 693 3058 αἰσχρότητα,
711 2951 778 3052 τὴν
800 2953 866 3053 μὲν
888 2953 957 3054 ἤδη
984 2959 1182 3060 προαγαπᾷ
1209 2958 1267 3034 καὶ

65 3077 368 3180 προεισοικίζεται,
387 3076 552 3180 καθάπερ
570 3075 650 3158 τινά
669 3077 814 3183 νύμφην
832 3079 890 3157 ε’πὶ
913 3083 1057 3185 παστῷ,
1076 3081 1134 3157 ἐπὶ
1159 3077 1197 3157 δέ
1222 3083 1297 3182 τῇο
1316 3092 1434 3150 404Δ

65 3199 166 3308 ἑτέρᾳ
197 3200 518 3307 προαπεχθάνεται,
547 3199 589 3283 τῦ
619 3203 762 3286 τελείως
793 3200 942 3308 ἑκατέρη
973 3202 1267 3307 χρεωστούμενον

65 3331 177 3434 καιρῷ
196 3325 359 3426 τηρήσας
377 3333 428 3434 τῷ
447 3325 570 3407 δέοντι.
599 3328 679 3406 οὔτε
698 3323 770 3428 γάρ
788 3325 955 3430 πρόωρον
968 3333 1041 3410 τοῖς
1054 3325 1098 3432 ἐξ
1113 3324 1267 3429 Ἰσραὴλ

13 3470 52 3530 25
67 3448 276 3552 ὁλοκλήρως
302 3447 426 3551 ἐπάγει
451 3449 517 3549 τὴν
536 3446 701 3547 κόλασιν,
719 3453 799 3530 οὔτε
821 3450 894 3550 μὴν
912 3452 1123 3554 ὁλοσχερῶς
1141 3449 1267 3531 ἑαυτὸν

66 3578 111 3677 τῇ
131 3575 313 3680 Γαλιλαίᾳ
331 3572 509 3677 χαρίζεται
526 3571 599 3677 πρὸ
617 3580 682 3652 τοῦ
700 3576 881 3676 σωτηρίου
900 3582 1073 3677 σταυροῦ·
1095 3574 1176 3656 τότε
1194 3572 1265 3677 γὰρ

65 3695 111 3795 ἦν
144 3707 249 3777 τοῦτο
282 3702 423 3800 δρῶντα
455 3698 597 3781 δικαίως
628 3696 682 3778 ἐπ’
715 3697 879 3799 εὐλόγοις
917 3698 1043 3783 αίτίαις
1079 3703 1143 3798 τῆς
1174 3696 1265 3800 πρὸς

66 3819 215 3904 ἐκείνους
251 3821 396 3922 ἀγάπης
433 3826 648 3929 ἀποφοιτᾶν.
702 3821 849 3924 εἰρηκώς
883 3830 1084 3924 τοιγαροῦν,
1117 3825 1166 3903 ὡς
1199 3822 1264 3901 οὐκ

65 3943 287 4043 ἀναβήσεται
322 3944 414 4046 πρός
449 3945 583 4046 ταύτην
614 3944 681 4045 τὴν
713 3941 851 4047 ἑορτὴν,
887 3949 945 4024 καὶ
982 3952 1054 4026 τοῖς
1091 3946 1297 4052 ἀδελφοῖςδ

10 4103 50 4161 30
64 4064 267 4173 ε’πιτρέφος,
286 4074 315 4148 εί
333 4068 497 4167 θελητδν,
517 4071 614 4166 ἱέναι,
632 4068 753 4168 μόνος·
783 4075 947 4171 παρεῖναι
973 4065 1044 4170 γάρ
1070 4070 1169 4148 οὕτω
1188 4073 1258 4148 διε·

67 4287 127 4395 Edl.
146 4269 267 4363 φαίνηται
281 4269 314 4324 B.
327 4270 430 4395 γὲνηὸοι
444 4271 495 4326 Ed.
608 4289 633 4356 3.
653 4272 717 4395 αδῦηδ
731 4272 762 4361 β.
777 4270 859 4394 αῦηδιχ
867 4269 922 4394 Ιφῖἀὲ
974 4269 1151 4394 ἀγόπηόσινὲ.
1162 4271 1265 4395 ’ἀγάπηζν

68 4341 647 4500 2......⁷.;..,3⁰·⁰.3.{...·...s..¹..³·ss?⁰¹'”
676 4341 772 4412 “¹ss⁹³
785 4365 839 4482 Ἲς.
857 4358 1264 4483 ,ἱ,·,,ι,ὶ.,ῗᾰῖιῖῐ,,,ῑ

68 4500 110 4548 24.
129 4505 207 4554 κοιρῳ
220 4482 347 4555 τηρησος]
361 4485 402 4538 καὶ
413 4484 578 4552 προτηρησος
594 4483 624 4536 Β.
710 4495 752 4553 27.
772 4483 885 4551 δρῶντος
900 4482 931 4536 Β.
1020 4482 1063 4536 28.
1081 4481 1218 4551 ε’πιφοιτάν
1231 4483 1264 4537 Β.

67 4570 111 4623 3ο.
130 4557 215 4622 μόνος
234 4557 350 4623 παρεῖναι
362 4566 501 4625 assumpta
514 4573 546 4609 ex
561 4554 593 4608 Β.
647 4552 731 4625 οὔπω]
749 4560 776 4616 -1-
791 4555 837 4608 τὸν
849 4552 943 4608 οἰκεῖον
955 4552 1007 4608 Ed.
1020 4552 1103 4607 invito
1117 4552 1148 4607 B.
