3038 5018
236 293 301 357 580
538 291 578 360 B.
601 289 809 359 OYRILLI
839 288 1127 358 ALEXANDR.
1340 286 1400 354 vii.
1417 306 1445 352 1.

237 453 437 537 διωκόντων
465 456 683 557 ἀνοσιότητα
709 457 877 558 γενέσθω
905 454 1081 559 Χριστὸν,
1106 458 1379 561 μεταφοιτῆσαι
1407 451 1447 532 δὲ

236 578 336 682 παρὰ
352 587 427 663 τοῖς
447 582 667 671 Γαλιλαίοις,
686 587 765 663 πῶς
783 582 847 659 οὐκ
866 579 945 660 ἔστι
963 578 1156 684 διαρρήδην
1173 582 1358 660 ἐπιδοῦναι
1376 573 1448 674 τὴν

237 701 367 782 οἰκείαν
385 702 512 808 φυχῆν
529 709 578 788 εῖτ
595 710 717 808 χεῖρας
731 705 870 807 ἐχθρῶν
888 705 1021 801 αὐτῆς,
1050 699 1163 807 ἐχθρά
1188 700 1261 804 γὰρ
1285 698 1335 779 τά
1357 699 1447 797 ἔθνη

208 828 415 927 θΧριστοῦ,
444 825 536 905 κατά
565 859 607 928 γε
636 822 679 905 τὸ
708 822 891 904 δουλεύειν
917 821 1035 932 ἑτέρῳ,
1062 827 1121 904 καὶ
1152 830 1372 927 προσκυνεῖν
1400 824 1448 927 τῇ

239 949 353 1028 κτίσει
370 946 471 1051 παρά
488 945 553 1028 τόν
570 950 756 1046 κτίσαντα,
776 945 836 1027 διὰ
852 944 895 1026 τό
913 945 1023 1046 μήπω
1041 945 1108 1047 τὴν
1125 952 1174 1031 εἰς
1195 945 1307 1026 αῦτδν
1324 976 1479 1049 παρα-5

239 1070 416 1178 δέξασθαι
443 1073 579 1152 πίστιν.
627 1071 685 1150 καὶ
717 1078 824 1151 τοῦτο
853 1075 986 1175 σαφῶς
1017 1069 1154 1176 διδάξει
1185 1069 1306 1172 λέγων
1335 1068 1450 1154 αῦτότ

239 1203 262 1242 “
281 1195 330 1274 ‘O
348 1193 400 1295 μὴ
418 1191 470 1274 ῶν
486 1195 562 1294 μετ’
581 1196 668 1290 ἐμοῦ
689 1190 767 1273 κατ’
786 1196 873 1290 ἐμοῦ
898 1194 1032 1272 ἐστιν.”
1070 1190 1157 1272 ἀλλ’
1176 1190 1273 1292 οἶμαι
1300 1190 1347 1292 δὴ
1374 1198 1450 1276 πᾶς

238 1350 294 1403 τις
311 1319 385 1419 ἐρεῖ
396 1316 470 1420 πρὸ
489 1321 553 1417 τῆς
571 1320 730 1417 ἀληθοῦς
751 1315 972 1417 θεογνωσίατ
996 1319 1054 1395 καὶ
1080 1317 1237 1400 πίστεως
1261 1316 1328 1396 οῦκ
1356 1311 1450 1394 εἶναι

237 1439 284 1520 τά
311 1440 396 1542 ἐθνη
423 1438 514 1540 μετὰ
538 1444 713 1542 Χριστοῦ·
750 1436 796 1538 ἦν
822 1439 885 1518 οῦν
908 1437 979 1540 ἀρα
1006 1439 1083 1518 κατ’
1102 1439 1222 1534 αὐτοῦ,
1248 1437 1309 1517 καὶ
1336 1439 1450 1542 ἐντῇ

238 1569 312 1643 τῶν
329 1565 468 1668 ἐχθρῶν
480 1560 581 1669 τάξει
599 1560 659 1641 διὰ
675 1570 780 1642 τοῦτο
798 1563 950 1661 κείμενα·
971 1562 1064 1641 οὕτω
1082 1560 1120 1641 δέ
1138 1560 1285 1667 ἔχοντος
1302 1560 1450 1661 τούτου,
1466 1599 1503 1642 ιο

239 1690 298 1766 καὶ
319 1693 451 1792 σαφῶς
473 1688 745 1790 διεγνωσμένου,
763 1686 925 1786 τοσαύτη
945 1718 998 1769 τις
1016 1683 1117 1787 παρά
1133 1691 1209 1769 τοῖς·
1226 1682 1271 1790 ἐξ
1285 1680 1451 1787 Ἰσραὴλ

70 1832 187 1892 89ολ
210 1849 228 1889 ι
239 1807 448 1912 μυσαρότητ
475 1807 712 1899 ἐπολιτεύετο,
741 1812 790 1893 ῶς
822 1810 862 1888 ἐν
888 1809 997 1915 μοίρᾳ
1023 1812 1165 1888 κείσθω
1192 1813 1237 1912 τῇ
1266 1808 1447 1906 ἀμείνονι,

239 1928 283 2013 τῦ
300 1934 383 2035 παρ’
404 1935 544 2037 ἐχθροῖς
561 1932 715 2032 ὁρᾶσθαι
738 1936 931 2038 φυσῶντα,
949 1933 1010 2012 καὶ
1027 1932 1109 2029 μεθ’
1128 1928 1179 2011 ῶν
1196 1931 1332 2032 ἥκιστα
1351 1933 1451 2035 χρῆν

239 2056 340 2156 ἥδιον
356 2062 538 2136 ποιεῖσθαι
559 2053 624 2139 τὰς
648 2052 843 2157 διατριβὰς,
862 2051 886 2155 ἦ
905 2053 994 2158 ἵνπερ
1012 2051 1057 2154 ἦν
1075 2059 1222 2153 μᾶλλον
1238 2049 1452 2133 ἀκόλουθόν

239 2212 278 2259 τε
298 2182 356 2259 καὶ
372 2175 667 2281 πρατωδέοτερον
683 2175 784 2282 παρὰ
802 2185 876 2262 τοῖς
893 2177 1090 2280 συγγενέσι
1108 2175 1202 2256 κατὰ
1218 2174 1286 2277 τὴν
1302 2176 1448 2279 σάρκα·
1469 2207 1505 2266 15

240 2304 299 2381 καὶ
332 2301 422 2381 ὅσον
449 2308 497 2385 εἰς
529 2309 636 2381 τοῦτο
668 2304 725 2380 καὶ
758 2304 905 2404 ἀγαπῶν
933 2302 1157 2406 ὀφείλουσα.
1208 2298 1453 2401 εὐλογώτατα

240 2424 359 2504 τοίνυν
381 2428 439 2506 ἐπὶ
465 2424 512 2503 τὰ
536 2425 620 2524 ἐθνη
645 2424 801 2524 μεθίστη
823 2420 997 2526 Χριστός,
1021 2425 1080 2503 καὶ
1104 2422 1147 2504 δι’
1171 2424 1281 2503 αὐτοῦ
1305 2422 1453 2526 τρόπον

241 2546 321 2628 τινὰ
352 2557 417 2628 τοῦ
448 2547 662 2651 πράγματος
694 2546 763 2648 ἤδη
795 2547 924 2650 λέγων,
957 2551 1016 2646 ῶς,
1048 2553 1079 2628 εί
1111 2544 1163 2648 μὴ
1200 2553 1266 2628 τοῦ
1302 2547 1454 2629 διώκειν

240 2670 479 2774 ἀπόσχοιντο,
511 2674 569 2750 καὶ
598 2669 795 2773 παραλύειν
821 2677 900 2756 ταῖς
930 2671 1113 2756 ἀπονοίαιτ
1144 2668 1209 2752 τὸν
1236 2671 1449 2772 εὐεργέτην,

206 2791 452 2894 οόλοκλὴρωε
481 2790 607 2873 ἑαυτὸν
633 2800 706 2876 τοῖς
736 2792 870 2899 ἔξωθεν
896 2802 1078 2899 χαριεῖται,
1105 2798 1164 2875 καὶ
1193 2796 1249 2875 ἐπὶ
1279 2791 1329 2871 τά
1361 2795 1453 2895 ἔθνη
1467 2830 1506 2872 20

240 2916 462 3016 μεταστῆσει
490 2916 664 3019 Χριστόν.
707 2915 833 3019 ῶσπερ
860 2917 898 2997 δέ
925 2916 1031 2998 τοῦτό
1059 2923 1180 3023 φαμεν
1207 2918 1454 3023 ῦπεμφαάιειν

240 3039 350 3121 αὐτὸν
367 3040 427 3121 διά
450 3043 552 3120 τοῦδε
577 3048 643 3119 τοῦ
666 3039 888 3142 πράγματος,
907 3043 1002 3121 οὕτω
1023 3039 1136 3121 πάλιν
1158 3036 1363 3143 εὑρήσομεν
1385 3041 1454 3119 καὶ

242 3163 301 3244 διὰ
332 3163 522 3270 σχήματος
555 3162 787 3269 ἀρχαιοτέρου
816 3161 882 3263 τὴν
911 3166 951 3243 ἐκ
982 3167 1046 3264 τῆς
1073 3158 1316 3268 Ἰερουσαλὴμ
1346 3166 1450 3244 ἀπο·

241 3287 380 3391 δρομὴν
407 3288 665 3389 ἀπειλήσαντα.

292 3413 385 3492 Ὅτε
403 3412 522 3491 τοίνυν
540 3409 622 3494 τοῦς
640 3415 722 3514 περὶ
741 3417 814 3490 τῶν
835 3417 973 3490 θυσιῶν
990 3410 1168 3514 διωρίζετο
1188 3410 1328 3509 νόμους,
1348 3409 1453 3490 καθά
1467 3448 1506 3509 ²5

243 3537 303 3615 καὶ
327 3538 365 3614 ἐν
386 3540 438 3642 τῷ
463 3536 599 3642 βιβλίιρ
626 3533 825 3637 γέγραπται
850 3540 901 3642 τῶ
919 3539 1102 3642 Λευιτικῶ,
1119 3533 1450 3636 προδιατιπτῶσας,

212 3692 217 3702 ·
244 3662 292 3742 ῶτ
316 3661 355 3739 ἐν
371 3657 477 3738 εἰκόνι
496 3663 671 3760 Χριστοῦ,
688 3655 944 3759 προσάγεσθαι
961 3656 1105 3762 μόσχον
1122 3663 1172 3742 είς
1188 3654 1231 3735 τό
1249 3659 1367 3758 δῶρον
1388 3662 1453 3737 καὶ

244 3780 481 3879 όλοκαύτωμα
505 3786 557 3887 τῶ
576 3782 709 3886 Κυρίῳ·
738 3784 797 3859 καὶ
820 3778 935 3861 πόλιν
953 3781 1078 3882 ε’τέρως
1104 3777 1212 3859 αὐτόν
1229 3778 1453 3884 σχηματίζει

75 3902 115 4017 ff]
127 3914 164 3958 ¹⁰·
212 3905 362 4008 ολέγων
389 3916 411 3951 “
430 3902 521 3983 Ἐἀν
549 3903 587 3983 δέ
614 3901 686 3983 ἀπὸ
715 3910 788 3982 τῶν
814 3902 1011 4004 προβάτων
1037 3901 1080 3982 τῦ
1108 3907 1225 4005 δῶρον
1251 3903 1363 3981 αὐτοῦ
1395 3909 1453 4010 τῷ

243 4039 265 4075 “
286 4029 418 4134 Κυρίιρ,
433 4025 506 4107 ἀπό
523 4061 561 4106 τε
580 4033 653 4105 τῶν
672 4028 791 4129 ἀρνῶν
808 4028 867 4105 καὶ
885 4033 958 4106 τῶν
974 4027 1108 4131 ἐρίφων
1124 4032 1175 4111 είς·
1192 4024 1451 4126 όλοκαύτωμα,
1463 4064 1504 4122 3ο

75 3658 137 3707 [ιον.
150 3659 166 3706 i.

76 3736 88 3771 τ
101 3740 156 3789 sqq.

280 4255 304 4292 α.
323 4239 397 4324 ἔσται
412 4238 444 4291 Β.
550 4307 557 4324 ί
585 4255 622 4324 .9‘
642 4234 687 4289 οῦν
698 4246 868 4306 assumptum
880 4252 912 4289 ex
927 4234 1000 4327 B5D.
1039 4304 1051 4322 Ι
1157 4250 1198 4289 12.
1215 4237 1402 4323 μυσαρότητρς
1416 4235 1451 4289 Β.

245 4308 512 4433 ἐξ’δφὶἓδηίίιτέιῶοιάδ.
545 4330 621 4431 W!
626 4306 812 4445 ξωπῶῶαδέῦειν
822 4303 1218 4447 εῶῶζκηῶΐνφύιρωπῶρῗλοίω
1229 4305 1452 4445 οιιλόιδομὶθπαωράἐ

301 4448 433 4575 §.ammuh
448 4518 481 4574 Β.
507 4465 549 4502 22.
568 4447 600 4515 δη
612 4465 662 4518 pro
675 4448 717 4501 διὰ
732 4448 768 4502 Ι).
871 4460 914 4517 27.
932 4444 976 4518 τὸ]
989 4468 1018 4501 τε
1031 4446 1065 4503 Β.
1157 4447 1201 4502 28.
1217 4444 1260 4501 καὶ
1271 4457 1451 4518 mumpm
