3038 5018
93 298 203 368 vi.26.
266 301 323 366 IN
354 300 667 367 S.JOANNEM.
715 300 809 365 LIB.
834 300 901 364 111.
946 300 1048 365 OAP.
1072 300 1133 367 IV.
1228 303 1293 368 ⁴13⁷

92 463 159 544 οὐκ
186 464 467 568 ἀπαρατηρήτως
497 469 556 546 καὶ
583 474 689 545 τοῦτο
720 464 1016 568 προστεθεικότος
1048 474 1112 547 τοῦ
1143 466 1291 570 εὐαγγε-

93 595 238 669 λιστοῦ·
267 586 343 670 εἶτα
365 588 625 696 περιτυχόντες,
650 596 821 694 χρηστοῖς
846 587 1050 669 κολακεύειν
1075 592 1294 695 ἐπιχειροῦσι

92 708 228 814 λόγοις,
249 713 456 814 ἐπιπλήττει
483 713 522 795 δέ
548 715 667 797 αὐτοῖς
691 715 713 792 ὁ
740 710 913 816 Χριστός,
931 712 1054 816 ζέοντα
1080 717 1139 794 καὶ
1167 712 1295 817 δριμύν

92 832 288 938 ἐπαγαγὸν
307 834 371 918 τὸν
396 834 562 942 ἔλεγχον,
582 837 642 917 ’ίνα
664 835 778 918 πόλιν
803 839 912 916 έκεῖνο
938 836 1215 936 διενθνμῶμεθα,
1237 835 1293 917 ότι

59 956 184 1058 spen}
206 958 249 1039 τὸ
265 960 458 1066 ἀφικέσθαι
483 959 547 1040 τὸν
568 960 702 1062 Κύριον
720 963 768 1044 ῶς
792 959 885 1058 ἡμᾶς
909 959 953 1066 ἐξ
976 961 1145 1064 οὐρανῶν,
1164 966 1321 1041 elxam-0

39 1084 43 1089 ’
92 1079 184 1182 τύτη
209 1082 338 1163 λοιπὸν
360 1085 418 1164 καὶ
444 1082 635 1190 ἀνωφελὴς
659 1083 860 1188 ἀνθρώποις
887 1084 910 1182 ἡ
936 1090 1009 1163 τῶν
1036 1086 1183 1185 ἀγαθῶν
1210 1087 1288 1165 ἐπι·

91 1201 253 1305 ζήτησις,
274 1208 333 1286 καὶ
354 1205 396 1286 τὸ
420 1209 629 1288 ἀκολουθεῖν
648 1204 784 1287 ἐθέλειν
801 1208 898 1315 αύτῷ
916 1205 1039 1309 καιρὸν
1056 1209 1120 1287 ούκ
1138 1206 1293 1313 ἔχειτὸν

90 1327 285 1429 πρέποντα.
322 1328 423 1409 ἀλλὰ
446 1328 512 1410 κᾶν
529 1330 717 1433 προσίωσί
738 1364 839 1428 τινες,
856 1331 1166 1433 προσηνεστάτας
1184 1328 1292 1412 αὐτὸν

91 1452 386 1561 καταμολθύξειυ
404 1451 556 1551 οίόμενοι
575 1453 708 1555 λόγοις,
723 1453 838 1533 ούκέτι
856 1458 1006 1562 χρηστῷ
1024 1453 1292 1561 περιτεύξονται

40 1611 80 1655 ιο
92 1577 152 1654 καί
166 1572 271 1684 πρύιρ
290 1580 342 1684 τῷ
360 1575 526 1680 κρίνοντι,
544 1575 629 1654 ἀλλ’
649 1578 842 1684 ἐλεγκτικῷ
865 1611 902 1657 τε
920 1578 978 1657 καὶ
997 1582 1194 1686 πληκτικῷ·
1225 1574 1292 1683 τήν

91 1695 166 1802 γαρ
194 1705 267 1778 τῶν
296 1700 542 1805 ἐλεγχομένων
570 1701 736 1797 θωπείαν,
765 1703 823 1780 καὶ
854 1698 1023 1780 αὑτὸνδὲ
1048 1698 1112 1782 τόν
1138 1699 1292 1806 ’ἔλεγχον

90 1822 130 1927 έν
157 1829 231 1907 τοῖς
258 1830 324 1902 τοῦ
352 1827 518 1927 Σωτῆρος
552 1822 744 1926 θεωρήσεις
778 1820 912 1926 λόγοις,
940 1823 998 1905 ὅτε
1031 1825 1075 1925 δή
1106 1824 1169 1905 καί
1197 1831 1291 1931 φησι

91 1956 114 1993 “
135 1949 281 2026 Πολλοὶ
303 1948 428 2050 ε’ροῦσί
451 1981 514 2046 μοι
537 1948 576 2025 ἐν
597 1947 709 2052 ε’κείνη
738 1952 783 2051 τῇ
811 1946 959 2054 ἡμέρᾳ·”
987 1954 1032 2053 τῇ
1055 1952 1118 2048 τῆς
1141 1948 1292 2052 κρίσεως
1335 1956 1462 2073 ξῷίζξξῑλ

92 2067 260 2168 δηλονότι
279 2078 300 2117 “
317 2069 425 2171 Κύριε
444 2069 549 2172 κύριε,
568 2070 611 2150 ού
636 2074 687 2177 τῷ
713 2076 771 2177 σῷ
797 2067 945 2168 ὀνόματι
970 2069 1134 2171 δαιμόνια
1160 2068 1327 2178 ἐξεβό·ᾶ

37 2218 79 2281 15
93 2201 116 2238 “
134 2204 246 2290 λομεν
256 2192 289 2291 ;”
335 2191 437 2273 ἀλλὰ
473 2205 495 2241 “
510 2192 615 2291 Τότε,
652 2196 778 2300 φησίν,
817 2192 1035 2296 ὁμολογήσω
1072 2195 1201 2290 αὐτοῖς,
1238 2191 1293 2273 ότι
1337 2216 1377 2266 Ib.
1392 2228 1432 2280 ια

93 2325 115 2365 “
134 2313 229 2416 ἀμὴν
247 2315 342 2421 λέγω
361 2319 443 2416 ὑμῖν
461 2316 627 2398 οὐδέποτε
654 2315 767 2418 ἔγνων
786 2318 911 2416 ύμᾶς·”
941 2319 982 2396 οὐ
1007 2315 1080 2420 γὰρ
1101 2315 1299 2418 ἐζητήσατέ

91 2473 148 2538 με,
179 2443 283 2547 φησὶ,
311 2446 489 2544 καθαρῶς,
520 2442 605 2520 ἀλλ’
635 2439 717 2521 ούδέ
749 2438 791 2522 τὸ
821 2443 859 2521 ἐν
888 2442 1058 2549 ἁγιασμῷ
1091 2439 1293 2545 διαπρέπειν

91 2562 317 2664 ήγαπήσατε,
343 2563 457 2668 ἔγνων
484 2563 556 2667 γὰρ
584 2563 629 2645 ἂν
657 2564 715 2645 διὰ
744 2563 880 2646 τούτων
908 2567 1010 2664 ὑμᾶς,
1036 2567 1122 2645 ἀλλ’
1152 2564 1294 2666 ἐπείπερ

92 2690 142 2771 είς
162 2688 328 2790 εὐπορίας
349 2691 490 2791 εὕρεσιν
507 2688 574 2788 τήν
592 2690 629 2767 ἐν
648 2687 794 2788 δοκήσει
821 2691 878 2768 καὶ
903 2689 941 2768 ἐν
959 2694 1088 2794 ψιλαῖς
1114 2688 1293 2772 ὑπονοίαις

36 2844 81 2887 20
93 2810 282 2906 εὐλάβειαν
317 2812 550 2910 ἐποιήσασθε,
586 2815 645 2891 καὶ
682 2813 892 2914 ἠγνοηκέναι
929 2815 1070 2898 δικαίως
1104 2814 1289 2912 ὁμολογῶ·

92 2932 182 3036 ὅπερ
200 2935 263 3014 οὖν
276 2938 314 3015 ἒν
326 2934 463 3019 τούτοις
481 2933 571 3016 εἶναί
586 2945 706 3043 φαμεν
720 2934 761 3015 τό
782 2936 902 3038 Κύριε,
917 2936 1024 3038 κύριε,
1038 2943 1142 3015 τοῦτο
1162 2938 1220 3014 καὶ
1238 2937 1324 3014 ε’ν-α

93 3055 178 3137 θύδε
196 3056 238 3138 τό
256 3061 400 3156 Ῥαββί.
433 3061 558 3139 οὐκοῦν
577 3059 648 3167 ότιρ
667 3057 708 3138 τὸ
727 3057 943 3160 κολάζεσθαι
960 3057 1098 3161 πικρὸν,
1113 3056 1163 3158 μή
1183 3089 1293 3137 κατα-

92 3180 251 3261 πιπτέτω
281 3182 371 3284 πρὸς
402 3183 602 3285 ἀνανδρίαν,
630 3180 720 3282 μηδὲ
754 3182 949 3261 ἁσθενείτω
976 3180 1147 3264 ποικίλως
1174 3185 1223 3264 είς
1250 3176 1320 3259 τό

91 3313 328 3403 πλημμελεῖν,
347 3310 396 3391 είς
421 3305 651 3410 χρηστότητα
672 3305 821 3401 βλέπων
838 3302 905 3404 τὴν
922 3307 960 3384 ἐν
980 3309 1073 3411 Θεῷ,
1092 3306 1177 3383 ἀλλ’
1197 3305 1289 3383 ἑτοι·

37 3458 80 3519 α5
92 3425 228 3532 μαζέτω
243 3438 264 3475 “
276 3434 323 3512 είς
340 3428 406 3529 τὴν
425 3428 550 3535 ἔξοδον
568 3429 676 3507 αὐτοῦ
695 3425 740 3506 τὰ
759 3427 848 3529 ἔργα
865 3428 1004 3525 αύτοῦ,”
1020 3424 1114 3508 καθὰ
1132 3426 1292 3530 γέγραπ-
1339 3446 1414 3526 Prpv·

91 3584 166 3649 ται,
194 3562 216 3600 “
234 3555 293 3632 καὶ
317 3551 644 3656 παρασκευαζέσθω
670 3557 719 3635 είς
746 3547 809 3629 τὸν
832 3550 974 3654 ἀγρὸν,”
1005 3549 1201 3649 τουτέστιν,
1227 3550 1293 3635 ἕως
1338 3529 1407 3563 mv.
1420 3526 1463 3574 μ’

92 3677 193 3755 ἐστὶν
209 3676 247 3754 έν
265 3679 356 3785 τῷδε
375 3681 426 3784 τῷ
443 3677 581 3782 κόσμιρ.
614 3673 727 3777 ἀγρὸν
741 3673 812 3777 γὰρ
830 3671 894 3754 τὸν
910 3673 1051 3773 κόσμον
1070 3673 1292 3777 ἡρμήνευσεν

93 3800 114 3877 ὁ
133 3798 275 3902 Σωτήρ.
313 3798 639 3904 παρασκευαζέσθω
658 3795 696 3877 δέ
718 3796 809 3899 πρὸς
829 3795 1013 3903 ἀπόδειξιν
1031 3799 1215 3898 ἁγιασμοῦ
1233 3799 1290 3877 καὶ

93 3921 319 4022 δικαιοσύνης
346 3925 403 4003 ἐπὶ
432 3930 497 4002 τοῦ
520 3922 615 4002 θείου
640 3920 812 4021 βήματος.
850 3921 892 3999 ού
921 3917 994 4022 γὰρ
1021 3919 1174 4019 ἀκαίρως
1204 3917 1321 4004 ὄντας
1342 3946 1462 4005 ποια.

38 4084 81 4146 30
93 4044 353 4151 φιλάνθρωπον
385 4042 559 4147 θεωρήσει
591 4040 656 4122 τὸν
688 4041 873 4142 δικαστὴν,
905 4041 990 4122 ἀλλ’
1025 4042 1104 4122 οὐδὲ
1138 4049 1212 4126 τοῖς
1244 4049 1292 4128 είς

1337 3671 1463 3724 amath.

1337 3737 1439 3801 xiii.38.

131 4250 155 4286 1.
172 4230 335 4302 όπιιρετήτως
349 4230 381 4286 Β.
541 4250 567 4298 4.
586 4230 723 4302 ίπαγαγὸν
736 4230 769 4284 Β.
782 4230 884 4301 ι’πόγων
897 4229 949 4284 Ed.
1108 4246 1149 4284 11.
1168 4229 1244 4286 αύτδς
1258 4227 1291 4283 Β.

96 4318 137 4372 13.
156 4301 250 4372 ἡμέρᾳ]
264 4304 317 4372 ὥρη
329 4303 371 4356 καὶ
382 4301 462 4371 ήμίρη
475 4318 524 4371 pro
536 4319 611 4356 more
619 4302 755 4372 corrigent
769 4319 815 4370 per
826 4299 989 4354 additionem
1002 4317 1056 4354 non
1069 4317 1116 4369 per
1127 4317 1248 4354 rasuram
1260 4299 1291 4354 B.

96 4372 137 4427 16.
155 4371 199 4442 ού]
213 4373 272 4426 οὐδὲ
288 4373 320 4425 Β.
394 4373 434 4426 18.
454 4372 551 4426 δνοω.
565 4372 599 4426 Β.
672 4387 712 4441 19.
731 4368 852 4441 ιύπορίας
867 4371 899 4424 Β.
912 4371 1035 4439 ἐμπορίας
1048 4370 1099 4424 Ed.
1148 4367 1292 4440 ι’πιονοίοις]

93 4443 214 4500 διανοίαις
226 4445 267 4496 καὶ
279 4442 408 4500 ὑπονοίαις
420 4442 453 4497 Β.
466 4443 501 4497 cf.
518 4461 528 4496 ι
551 4483 558 4495 .
688 4455 731 4513 25.
749 4441 786 4497 είς
796 4441 843 4509 ,τήν
854 4442 945 4511 ίξοδον
957 4442 1035 4496 αὐτοῦ
1047 4443 1079 4495 τὰ
1091 4442 1156 4513 ἔργα
1167 4440 1246 4496 αὐτοῦ
1259 4439 1293 4496 Β.

92 4515 122 4568 τδ
134 4514 212 4585 ἔργον
223 4514 302 4567 αὐτοῦ
314 4513 350 4570 είς
361 4513 407 4582 τήν
418 4513 509 4581 ίξοδον
520 4515 599 4568 αυτοῦ
613 4511 665 4568 Ed.
753 4512 796 4568 28.
815 4509 858 4582 δι’]
871 4513 922 4583 γὰρ
936 4511 968 4566 Β.
1021 4560 1023 4566 .
