3038 5018
531 1003 773 1082 κποκλυ
821 959 859 1089 α

88 1310 164 1379 Ὀτι
187 1314 240 1379 οὐκ
269 1313 402 1380 έλθττωυ
431 1318 505 1380 κατὰ
534 1317 659 1396 δύναμιν
687 1314 706 1395 ἢ
736 1314 796 1380 κατ’
826 1314 980 1398 ἐνέργειαν
1009 1314 1062 1395 τὴν
1091 1315 1142 1380 έπέ
1168 1338 1248 1379 τισιυ
1276 1310 1294 1377 δ
1379 1374 1385 1384 ,
1481 1333 1491 1351 ·

181 1433 253 1501 'mc
275 1438 329 1497 τοῦ
352 1432 481 1516 Πατρδς,
504 1433 575 1501 ἀλλ’
601 1433 761 1515 ἰσοσθενής
779 1458 813 1500 τε
836 1433 885 1499 καὶ
906 1433 1073 1514 δμοοθσιας,
1095 1434 1134 1501 ὣς
1153 1434 1185 1513 ἐξ
1205 1424 1328 1499 αὖτοῦᾶ

182 1553 231 1618 καὶ
246 1554 434 1634 κατὰφύσιν.

62 1751 308 1843 δἈπεκρίνατο
325 1749 382 1819 οὖν
400 1753 419 1821 ὁ
434 1754 558 1820 Ἰιιοοδα
577 1754 629 1819 καί
649 1748 739 1820 εἶπεν
754 1749 864 1821 αὐτοῖς
878 1753 983 1831 Ἀμτλν
1001 1752 1089 1832 ἁμέιν
1107 1755 1193 1830 λέτω
1211 1749 1295 1834 ὑμῖν,
1315 1783 1348 1841 ι9

135 1881 185 1957 ,οὐ
212 1880 348 1947 δύναται
372 1878 485 1948 ὁΥἰόα
509 1878 613 1947 ποιεῖν
638 1882 693 1970 ἀφ’
717 1883 834 1948 ἑαυτοῦ
862 1882 968 1965 οὐδὲν,
986 1882 1046 1949 ἐὰν
1068 1884 1111 1960 μή
1138 1909 1168 1951 τι
1193 1884 1296 1974 βλέπῃ

146 2006 203 2075 τὸν
221 2006 354 2096 Πατέρα
377 2010 542 2073 ποιοῦντα·
571 2008 592 2072 δ
617 2005 677 2098 τὰρ
703 2003 828 2074 ἐκεῖνος
855 2004 951 2088 ποιεῖ,
972 2012 1074 2073 ταῦτα
1103 2006 1156 2073 καὶ
1182 2004 1298 2074 ὁΥἰὸο

146 2129 272 2209 ὁμοίως
290 2127 387 2198 ποιεῖ.

153 2316 296 2393 ΟΠΕΡ
334 2313 371 2392 ἐν
408 2317 481 2396 τοῖς
516 2320 769 2416 προλαβοῦσιυ
806 2312 1003 2418 εἰρήκαμεν,
1041 2320 1148 2394 τοῦτο
1185 2310 1298 2393 πάλιν

46 2470 83 2512 ιο
94 2435 203 2545 ἑτέρῳ
231 2434 444 2541 διερμηνεόει
470 2433 605 2543 τρόπερ,
623 2434 849 2543 πανταχόθεν
867 2439 923 2518 ἐπὶ
950 2435 1016 2538 τὴν
1040 2441 1103 2538 τῆς
1129 2436 1329 2536 άληθείαςο

95 2561 236 2664 εὕρεσιν
266 2560 477 2660 σαγηνεύων
508 2556 591 2644 τοὺς
624 2559 878 2664 ἀκροωμένους·
909 2560 972 2641 τὸν
1005 2558 1044 2641 δέ
1075 2562 1113 2641 έν
1144 2558 1299 2665 πρώτοις

95 2683 139 2764 αὖ
170 2681 440 2787 παραδεχθέντα
478 2681 603 2782 λόγον,
633 2682 693 2762 διὰ
724 2681 791 2785 τὴν
823 2689 896 2762 τῶν
914 2684 1073 2764 συνιέναι
1105 2681 1155 2782 μὴ
1188 2685 1295 2782 δυνη-

97 2803 229 2887 θέντων
265 2805 466 2901 ἀσθένειαν,
505 2803 746 2910 έτεροτρόπως
786 2808 999 2914 ἀναμορφοῖ,
1036 2810 1095 2887 καὶ
1131 2803 1190 2884 διὰ
1226 2811 1300 2884 τῶν

97 2930 215 3009 αὐτῶν
243 2928 342 3009 ἰόντα
370 2926 619 3033 θεωρημάτων,
648 2929 803 3036 εἰσφέρει
836 2931 1020 3014 ποικίλως.
1057 2929 1164 3031 ἔργον
1192 2928 1222 3007 δ
1254 2924 1300 3007 ἂν

47 3076 85 3140 ¹5
98 3051 150 3153 εἴη
187 3053 247 3131 καὶ
282 3059 388 3132 τοῦτο
420 3055 485 3151 τῆς
517 3050 727 3160 διδασκάλῳ
758 3051 968 3155 πρεπούσης
1004 3053 1140 3157 ἀρετῆς,
1175 3048 1217 3130 τὸ
1248 3048 1299 3152 μὴ

98 3174 269 3280 τρέχοντα
314 3171 481 3274 δηλονότι
522 3164 582 3253 κοιλ
619 3173 887 3279 παρεπόμενον
923 3181 996 3257 τῶν
1033 3173 1300 3273 διδασκομένων

98 3296 165 3398 τὴν
197 3304 334 3400 γνῶσιν
363 3304 543 3378 ποιεῖσθαι
569 3296 632 3378 τὸν
661 3296 784 3401 λόγον,
814 3300 899 3379 ἀλλ’
931 3297 1139 3408 εόπάρνφόν
1168 3332 1206 3378 τε
1240 3299 1300 3376 καὶ

99 3420 279 3528 διαφόρως
316 3420 582 3527 ἐξορχούμενον,
620 3423 678 3501 καὶ
714 3427 766 3530 τῷ
802 3425 867 3522 τῆς
904 3419 1073 3530 φράσεως
1111 3422 1329 3530 ἐξηλλαγ·α
1354 3449 1465 3507 215A.

99 3545 204 3654 μένῳ,
221 3545 400 3629 πολλάκις
417 3543 482 3646 τὴν
501 3546 539 3624 έν
556 3551 629 3629 τοῖς
646 3543 853 3647 θεωρήμασι
871 3549 1054 3652 φιλοῦντα
1072 3546 1293 3651 δυσχέρειαν.

49 3702 88 3744 ιο
100 3669 274 3776 ἀναμίξας
305 3670 423 3749 τοίνυν
454 3674 506 3776 τῷ
538 3673 727 3772 θεοπρεπεῖ
754 3667 797 3749 τδ
830 3667 1063 3772 ἀνθρώπινον,
1094 3674 1152 3750 καὶ
1184 3668 1298 3766 μέσον

99 3791 145 3901 ἐξ
159 3794 295 3900 ἀμφοῖν
313 3790 375 3872 ἕνα
392 3791 547 3895 κεράσας
566 3789 689 3893 λόγον·
719 3794 767 3876 ὧς
791 3792 904 3896 ἠρέμα
927 3791 992 3891 μέν
1011 3790 1168 3896 ὑφιζάνει
1186 3789 1228 3874 τὸ
1246 3797 1298 3903 τῷ

103 3921 305 4017 Μανογενεΐ
317 3914 454 4020 πρέπον
469 3915 621 4023 ἀξίωμα,
635 3916 816 4011 ἀναβαίνει
835 3915 873 3995 δέ
888 3911 954 4014 τὴν
968 3914 1157 4017 ἀνθρώπου
1172 3915 1296 4022 φύσιν·

102 4042 150 4124 ὡς
175 4037 367 4140 Δεσπότης
398 4038 475 4139 ἅμα
507 4042 565 4119 καὶ
598 4041 635 4119 έν
667 4038 808 4124 δούλοις
840 4037 1153 4140 κατατεταγμένος,
1183 4040 1300 4147 φησίν

137 4225 163 4279 3.
183 4206 302 4280 ἶσογενέμ
315 4207 347 4262 Β.
394 4207 531 4278 δμοοόσιος
544 4207 577 4262 Β.
590 4207 606 4261 ὅ
624 4229 677 4265 οιοτ
690 4206 741 4262 Ed.
939 4225 965 4273 4.
983 4205 1025 4260 καὶ
1037 4215 1206 4278 assumptum
1219 4225 1251 4261 ex
1265 4207 1298 4264 Β.

102 4294 128 4350 7.
147 4279 241 4334 ἐκεῖνος
251 4280 320 4332 ποιεῖ
333 4279 365 4332 Β.
377 4278 409 4332 δν
420 4277 514 4333 ἐκεῖνος
525 4281 584 4346 ποιῇ
599 4230 651 4332 Βά.
773 4295 798 4348 9.
817 4275 964 4348 εἰρήκαμεν]
978 4276 1170 4348 Legendumne
1181 4276 1297 4346 εἶρτγκενῖ

104 4365 146 4404 11.
164 4346 279 4419 εὕρεσιν]
293 4348 387 4418 έφεσιν
398 4346 470 4401 haud
483 4347 551 4402 male
566 4347 597 4403 Β.
675 4364 722 4418 13„
734 4348 907 4420 έτερατρόπωτ
921 4347 954 4405 Β.
966 4346 1059 4418 έτέρως
1072 4347 1123 4402 Ed.
1197 4363 1237 4418 15.
1256 4349 1298 4402 καὶ

101 4428 271 4490 assumptum
284 4436 316 4472 ex
331 4418 363 4473 B.
410 4417 558 4491 διδασκάλῳ
572 4418 607 4474 D.
619 4417 783 4474 διδασκάλων
795 4417 847 4474 Ed.
1044 4433 1086 4473 21.
1105 4417 1251 4491 δφεξηζαντγ
1264 4418 1297 4473 Β.

103 4504 147 4545 22.
164 4488 270 4561 πρέπον
282 4486 319 4543 D.
366 4487 510 4553 ἀναβαίνειν
520 4486 553 4542 Β.
