3038 5018
269 281 312 345 92
573 276 611 341 B.
636 275 843 340 CYRILLI
873 275 1162 340 ALEXANDR.
1355 272 1376 338 i.
1390 275 1421 354 6,
1439 289 1468 355 7.

270 451 293 490 ‘⁴
311 439 538 545 λειτουργικὰ
567 438 761 539 πνεύματα,
792 444 840 523 εἰς
872 441 1051 519 διακονίαν
1080 433 1381 535 ἀποστελλόμενα
1413 434 1472 516 διά

104 586 148 641 62
162 584 203 643 A
242 574 295 640 a“
312 562 395 650 τούς
410 563 613 663 με’λλοντας
632 569 868 666 κληρονομεῖν
884 564 1067 666 σωτηρίαν
1080 560 1114 660 ;”
1134 563 1262 643 οὐκοῦν
1275 561 1432 663 ἅγγελος
1451 561 1472 637 ὁ

271 685 444 790 μακάριος
461 684 665 784 βαπτιστὴς
675 682 843 786 Ἰωάννης
862 683 920 763 διά
937 688 1001 784 τῆς
1018 692 1083 765 τοῦ
1097 684 1292 764 Δεσπύτου
1309 680 1468 764 κατωνό-

271 844 409 909 μασται
429 814 563 917 φωνῆς,
576 809 640 889 οὐκ
658 805 744 888 αὐτὸ
763 806 855 888 κατά
873 807 988 915 φύσιν
1006 807 1163 909 ἅγγελος
1182 805 1243 904 ὧν,
1255 804 1341 887 ἀλλ’
1356 811 1405 891 ὡς
1423 811 1473 892 εἰς

271 931 314 1015 τὸ
341 931 535 1036 ἀγγέλλειν
553 932 837 1031 ἀπεσταλμένος,
857 933 917 1011 καὶ
934 929 1014 1030 Τὴν
1033 929 1117 1011 ὁδὸν
1134 938 1199 1010 τοῦ
1219 931 1355 1033 Κυρίου
1376 931 1470 1009 ἑτοι-
1487 950 1504 1009 5

272 1054 414 1156 μάσατε
432 1061 544 1151 βοῦν.
572 1055 758 1158 χρησίμως
777 1053 815 1134 δὲ
833 1056 917 1134 λίαν
931 1057 989 1134 καὶ
1007 1053 1107 1156 παρά
1122 1059 1218 1134 θεοῦ
1236 1053 1300 1133 τὸν
1314 1054 1475 1156 ἀγγελον

271 1178 500 1261 ἀπεστάλθαι
519 1179 781 1282 διισχυρίσατο,
799 1175 1040 1278 βεβαιοτάτην
1058 1180 1167 1257 αὐτοῦ
1193 1173 1259 1276 τὴν
1277 1178 1475 1279 μαρτυρίαν

271 1300 523 1383 ἀποδεικνύων.
563 1298 644 1380 οὐδὲ
662 1300 733 1403 γάρ
760 1298 844 1380 ἀνὸ
869 1299 968 1404 παρά
988 1306 1084 1380 Θεοῦ
1108 1297 1199 1404 πρὸς
1222 1297 1265 1380 τδ
1291 1297 1475 1402 κηρύττειν

238 1423 556 1522 δάπεσταλμένος,
592 1422 712 1526 ἕτερόν
747 1458 782 1503 τι
817 1424 1095 1531 παρεφθέγξατο
1132 1420 1328 1521 διδάσκων,
1366 1421 1386 1502 ὃ
1423 1421 1474 1522 μὴ

272 1549 415 1632 πάντως
447 1544 493 1646 ἦν
525 1545 616 1626 κατά
646 1547 828 1647 βούλησιν
860 1556 923 1627 τοῦ
955 1545 1021 1647 τὴν
1050 1545 1263 1646 ἀποστολὴν
1296 1545 1476 1628 ἐπιθέντος
1491 1576 1519 1618 ιι

270 1672 384 1777 αὐτῷ.
422 1670 551 1750 οὐκοῦν
568 1667 705 1769 ἀληθὴς
730 1670 750 1748 ὃ
777 1666 913 1773 μάρτυς
938 1672 1162 1754 θεοδίδακτος
1186 1664 1249 1748 ὤν·
1279 1676 1385 1748 τοῦτο
1402 1667 1477 1772 γάρ

271 1792 371 1892 οἶμαι
408 1792 596 1893 σημαίνειν
633 1790 675 1871 τό
707 1791 987 1896 Ἀπεσταλμένος
1024 1792 1123 1901 παρά
1160 1795 1258 1874 Θεοῦ·
1306 1794 1380 1873 ε’πεὶ
1417 1794 1477 1873 καὶ

105 1934 162 1984 (³21.
172 1934 190 1983 i·
204 1947 224 1985 ¹·
274 1923 426 2001 Παῦλος
453 1915 537 2014 ἡμῖν
565 1917 586 1995 ὁ
617 1915 832 2023 σοφώτατος
861 1914 1091 1996 ἀπεστάλθαι
1119 1915 1237 2019 λε’γων
1265 1914 1325 1995 διά
1350 1917 1476 2015 Ἰησοῦ

104 2185 145 2236 1b.
159 2198 196 2239 ιτ.

110 3353 149 3406 19·

109 3653 211 3715 Ib.13;

109 3718 141 3768 cf.
154 3717 194 3782 63.

271 2045 453 2143 Χριστοῦ,
478 2046 542 2117 τοῦ
567 2039 768 2139 μυστηρίου
795 2037 861 2138 τὴν
886 2038 1036 2139 δύναμιν
1060 2040 1101 2119 οὐ
1123 2041 1207 2143 παρ’
1234 2038 1354 2140 ἑτέρου
1381 2036 1477 2123 τινὸς

247 2165 451 2262 ,ἐκμαθεῖν,
471 2160 573 2241 ἀλλά
592 2171 614 2208 “
627 2162 670 2240 δι’
694 2163 984 2268 ἀποκαλύψεως”
1003 2170 1067 2242 τοῦ
1092 2162 1337 2270 πεπομφότος,
1360 2166 1474 2256 διεβε-
1493 2197 1506 2238 ι

270 2285 470 2383 βαιῶσατο,
487 2283 722 2385 συνημμένους
749 2285 834 2383 ἡμῖν
859 2283 983 2390 ὥσπερ
1010 2290 1067 2365 καὶ
1096 2287 1335 2382 ἀδιαστάτως,
1363 2288 1401 2365 ἐν
1425 2298 1477 2393 τῷ

243 2405 501 2489 οάπεστάλθαι
538 2405 656 2509 λέγειν
687 2406 745 2487 διά
775 2406 900 2508 Ἰησοῦ
935 2414 1111 2513 Χριστοῦ,
1146 2407 1211 2508 την
1242 2407 1478 2515 ἀποκάλυψιν

272 2532 517 2635 ῦπεμφαίνων.
569 2533 697 2609 οὐκοῦν
727 2532 766 2610 ἐν
798 2537 849 2639 τῷ
887 2532 1115 2612 ἀπεστάλθαι
1152 2530 1252 2634 παρά
1290 2536 1399 2622 Θεοῦ,
1433 2530 1477 2613 τῦ

272 2655 499 2734 θεοδίδακτον
517 2650 605 2731 εἶναι
624 2651 769 2739 πάντως
787 2657 985 2737 ἀκολουθεί
1014 2653 1056 2735 τὸ
1075 2653 1114 2735 δὲ
1132 2657 1300 2760 ἀψευδεῖν
1319 2653 1373 2733 ὅτι
1392 2654 1477 2733 λίαν

272 2773 522 2856 ε’σπούδασται
538 2781 612 2860 τοῖς
630 2779 692 2875 της
711 2778 879 2876 ἀληθείας
897 2784 1137 2880 λειτουργοῖς,
1147 2777 1210 2857 οὐκ
1228 2776 1446 2884 ἀμφίλογον.
1491 2812 1519 2853 ο·

322 2896 401 2978 Ἦν
432 2897 471 2977 δὲ
504 2901 562 2978 καὶ
600 2900 713 3004 ὐνομιι,
751 2902 857 3007 φησὶ,
893 2905 945 3009 τῷ
982 2900 1161 3008 ἀνθρώπῳ
1198 2897 1356 2994 Ἰωάννης.
1409 2900 1477 2981 ἔδει

271 3021 510 3125 γνωρίζεσθαι
537 3020 601 3102 Ιτὸν
628 3022 916 3120 ἀπεσταλμένον,
944 3026 1002 3102 καὶ
1034 3029 1080 3127 τῇ
1108 3030 1172 3104 τοῦ
1201 3021 1375 3122 ὀνόματος
1408 3057 1477 3123 ση-

272 3149 398 3251 μασίη,
423 3143 648 3243 πολλὴν,ὡς
672 3141 850 3253 οἶμαι,τῷ
876 3144 979 3254 λόγιρ
1007 3145 1072 3245 την
1097 3146 1327 3253 ἀξιοπιστίαν
1354 3146 1479 3251 εἰσφέ-

107 3273 229 3326 mmai.
272 3296 410 3370 ροντος·
450 3267 606 3368 ἅγγελος
634 3269 716 3373 γάρ·
757 3270 923 3374 Γαβριὴλ
953 3269 992 3350 δὲ
1021 3271 1122 3356 οὗτος
1153 3274 1214 3350 “ὁ
1244 3272 1478 3374 παρεστηκὼς

275 3402 297 3439 “
313 3392 463 3471 ε’νάπιον
476 3401 540 3472 τοῦ
555 3395 680 3490 Θεοῦ,”
694 3394 786 3473 καθά
804 3401 921 3499 φησιν
937 3394 1053 3479 αὐτάς·
1083 3395 1140 3474 ὅτε
1159 3400 1210 3503 τῷ
1231 3397 1395 3502 Ζαχαρία
1413 3393 1479 3495 τὴν
1493 3432 1509 3472 ο

242 3514 446 3616 ἀγέννησιν
464 3514 572 3593 αὐτοῦ
592 3512 658 3615 τὴν
676 3518 714 3595 ἐκ
732 3521 795 3616 τῆς
812 3518 1015 3612 Ἐλισάβετ
1032 3519 1303 3620 εὐηγγελίσατο,
1317 3516 1407 3621 πρὸς
1426 3517 1480 3602 οἷς

277 3637 472 3740 εὑρίσκεται
501 3637 631 3738 λέγων,
649 3641 706 3717 καὶ
734 3649 841 3719 τοῦτο
867 3642 1131 3743 προστέθεικεν,
1151 3641 1205 3720 ὅτι
1234 3644 1291 3719 καὶ
1310 3640 1480 3741 Ἰωάννης

276 3760 379 3838 ἕσται
407 3756 449 3838 τὸ
478 3756 591 3858 ὄνομα
619 3761 738 3841 αὐτοῦ.
780 3766 893 3862 δῆλον
913 3761 951 3842 δὲ
977 3762 1102 3862 δήπου,
1122 3766 1179 3843 καὶ
1206 3770 1320 3843 πᾶσιν
1340 3765 1477 3862 ὁμολο-

276 3882 460 3985 γούμενον,
484 3885 533 3966 ὡς
561 3882 631 3986 ἀρα
659 3882 750 3963 κατά
778 3882 844 3984 τὴν
869 3886 967 3966 θείαν
994 3885 1176 3986 βούλησίν
1204 3920 1241 3965 τε
1271 3890 1329 3966 καὶ
1356 3885 1475 3990 πράσ-

276 4004 381 4110 ταξιν
399 4005 492 4085 οὕτω
517 4003 617 4108 παρὰ
641 4014 705 4086 τοῦ
722 4007 881 4109 ἀγγέλου
899 4009 1176 4112 κατωνομάζετο.
1216 4005 1291 4088 εἶτα
1315 4015 1390 4093 πῶς
1415 4011 1512 4097 οὐκ3

312 4224 338 4273 4.
356 4206 419 4260 αὐτὸ
433 4205 539 4262 Β.Ι).Ε.
552 4206 630 4262 αὐτὸς
642 4206 724 4261 cord.
739 4207 791 4262 Ed.
873 4224 899 4278 5.
919 4213 964 4264 τοῦ
977 4219 1146 4281 assumptum
1159 4229 1191 4265 ex
1205 4209 1238 4266 B.
1318 4210 1344 4265 6.
1362 4214 1433 4269 βοῶν
1446 4212 1479 4268 Β.

274 4273 359 4365 ¹Cord.
372 4278 438 4338 βοᾶν
451 4275 502 4330 Ed.
617 4276 658 4331 16.
676 4277 736 4347 ἡμῖν
747 4279 848 4334 correxi
862 4285 924 4350 post
936 4280 1040 4351 Migne.
1053 4281 1112 4349 ὑμῖν
1125 4280 1176 4335 Ed.
1287 4294 1328 4351 17.
1350 4282 1423 4335 Haec
1436 4283 1480 4336 διὰ

284 4349 363 4414 Ιησοῦ
375 4349 491 4413 Χριστοῦ
502 4357 640 4418 assumpta
652 4365 684 4402 ex
698 4347 731 4401 Β.
876 4351 916 4404 18.
935 4350 1097 4419 ῦπεμφαίνον
1109 4350 1141 4405 Ε.
1281 4367 1322 4421 19.
1340 4353 1433 4408 πάντες
1446 4353 1480 4409 Ε.

277 4430 320 4555 23.
338 4418 455 4540 φησὲιὶφ
466 4414 591 4538 ἀνθρΒώπῳ
602 4417 654 4473 hoc
667 4417 760 4474 ordine
775 4419 806 4473 B.
923 4420 964 4474 26.
983 4421 1171 4492 εὐηγγελίσατο
1186 4421 1216 4476 B.
1231 4421 1411 4493 εὐηγγελίζπο
1425 4421 1478 4478 Ed.

277 4500 292 4538 2
314 4524 320 4538 ι
340 4506 382 4539 Καί
453 4503 506 4539 0111·
548 4527 554 4540 ι
