<?xml version="1.0" encoding="UTF-8"?>
<!DOCTYPE html PUBLIC "-//W3C//DTD XHTML 1.0 Transitional//EN"
    "http://www.w3.org/TR/xhtml1/DTD/xhtml1-transitional.dtd">
<html xmlns="http://www.w3.org/1999/xhtml" xml:lang="en" lang="en">
 <head>
  <title>
</title>
<meta http-equiv="Content-Type" content="text/html;charset=utf-8" />
  <meta name='ocr-system' content='tesseract 3.04.00' />
  <meta name='ocr-capabilities' content='ocr_page ocr_carea ocr_par ocr_line ocrx_word'/>
</head>
<body>
  <div class='ocr_page' id='page_1' title='image "./sanctipatrisnos00pusegoog_0065.png"; bbox 0 0 3038 5018; ppageno 0'>
   <div class='ocr_carea' id='block_1_1' title="bbox 203 272 1401 345">
    <p class='ocr_par' dir='ltr' id='par_1_1' title="bbox 203 272 1401 345">
     <span class='ocr_line' id='line_1_1' title="bbox 203 272 1401 345; baseline -0.004 -3"><span class='ocrx_word' id='word_1_1' title='bbox 203 280 247 345; x_wconf 81' lang='lat'>52</span> <span class='ocrx_word' id='word_1_2' title='bbox 501 274 546 341; x_wconf 76' lang='lat' dir='ltr'>B.</span> <span class='ocrx_word' id='word_1_3' title='bbox 569 273 778 343; x_wconf 78' lang='lat' dir='ltr'>OYRILLI</span> <span class='ocrx_word' id='word_1_4' title='bbox 807 272 1097 340; x_wconf 78' lang='lat' dir='ltr'><strong>ALEXANDR.</strong></span> <span class='ocrx_word' id='word_1_5' title='bbox 1331 272 1354 337; x_wconf 90' lang='lat' dir='ltr'>i.</span> <span class='ocrx_word' id='word_1_6' title='bbox 1370 290 1401 339; x_wconf 78' lang='grc' dir='ltr'>ν.</span> 
     </span>
    </p>
   </div>
   <div class='ocr_carea' id='block_1_2' title="bbox 142 434 1459 2270">
    <p class='ocr_par' dir='ltr' id='par_1_2' title="bbox 142 434 1404 785">
     <span class='ocr_line' id='line_1_2' title="bbox 203 434 1404 545; baseline -0.003 -27"><span class='ocrx_word' id='word_1_7' title='bbox 203 441 365 536; x_wconf 74' lang='grc' dir='ltr'>εόσεβοῖς</span> <span class='ocrx_word' id='word_1_8' title='bbox 395 442 536 521; x_wconf 86' lang='grc' dir='ltr'>κάκεῖνο</span> <span class='ocrx_word' id='word_1_9' title='bbox 568 438 732 531; x_wconf 83' lang='grc' dir='ltr'>νοείσθω,</span> <span class='ocrx_word' id='word_1_10' title='bbox 762 434 830 519; x_wconf 80' lang='grc' dir='ltr'>κᾶν</span> <span class='ocrx_word' id='word_1_11' title='bbox 857 440 905 524; x_wconf 84' lang='grc' dir='ltr'>ὡς</span> <span class='ocrx_word' id='word_1_12' title='bbox 936 440 974 518; x_wconf 93' lang='grc' dir='ltr'>ἐν</span> <span class='ocrx_word' id='word_1_13' title='bbox 1002 437 1216 545; x_wconf 84' lang='grc' dir='ltr'>οἰνθρωπίνιρΙ</span> <span class='ocrx_word' id='word_1_14' title='bbox 1245 438 1404 534; x_wconf 85' lang='grc' dir='ltr'>λαλῆται</span> 
     </span>
     <span class='ocr_line' id='line_1_3' title="bbox 205 555 1403 668; baseline -0.005 -24"><span class='ocrx_word' id='word_1_15' title='bbox 205 562 379 668; x_wconf 85' lang='grc' dir='ltr'>σχήματι,</span> <span class='ocrx_word' id='word_1_16' title='bbox 407 565 466 644; x_wconf 83' lang='grc' dir='ltr'>καὶ</span> <span class='ocrx_word' id='word_1_17' title='bbox 495 560 645 642; x_wconf 87' lang='grc' dir='ltr'>λέλυται</span> <span class='ocrx_word' id='word_1_18' title='bbox 675 559 719 642; x_wconf 79' lang='grc' dir='ltr'>τό</span> <span class='ocrx_word' id='word_1_19' title='bbox 748 560 878 666; x_wconf 82' lang='grc' dir='ltr'>πικρόν</span> <span class='ocrx_word' id='word_1_20' title='bbox 905 561 1024 643; x_wconf 68' lang='grc' dir='ltr'>αὐτῶν</span> <span class='ocrx_word' id='word_1_21' title='bbox 1050 565 1111 641; x_wconf 77' lang='grc' dir='ltr'>καὶ</span> <span class='ocrx_word' id='word_1_22' title='bbox 1139 556 1287 639; x_wconf 79' lang='grc' dir='ltr'>ἀνίσων</span> <span class='ocrx_word' id='word_1_23' title='bbox 1311 555 1403 662; x_wconf 89' lang='grc' dir='ltr'>πρό·</span> 
     </span>
     <span class='ocr_line' id='line_1_4' title="bbox 142 693 347 785; baseline 0.024 -4"><span class='ocrx_word' id='word_1_24' title='bbox 142 696 154 710; x_wconf 81' lang='grc'><strong><em>”</em></strong></span> <span class='ocrx_word' id='word_1_25' title='bbox 206 693 347 785; x_wconf 72' lang='grc' dir='ltr'>βλημα·</span> 
     </span>
    </p>

    <p class='ocr_par' dir='ltr' id='par_1_3' title="bbox 179 804 1459 2270">
     <span class='ocr_line' id='line_1_5' title="bbox 263 804 1406 916; baseline 0 -28"><span class='ocrx_word' id='word_1_26' title='bbox 263 807 433 916; x_wconf 78' lang='grc' dir='ltr'>Ἐξήρκει</span> <span class='ocrx_word' id='word_1_27' title='bbox 453 807 519 907; x_wconf 78' lang='grc' dir='ltr'>μὲν</span> <span class='ocrx_word' id='word_1_28' title='bbox 537 809 611 907; x_wconf 79' lang='grc' dir='ltr'>οὖν,</span> <span class='ocrx_word' id='word_1_29' title='bbox 628 811 679 893; x_wconf 81' lang='grc' dir='ltr'>ὡς</span> <span class='ocrx_word' id='word_1_30' title='bbox 704 805 813 908; x_wconf 82' lang='grc' dir='ltr'>οἶμαι,</span> <span class='ocrx_word' id='word_1_31' title='bbox 831 811 891 890; x_wconf 76' lang='grc' dir='ltr'>καὶ</span> <span class='ocrx_word' id='word_1_32' title='bbox 914 816 1041 890; x_wconf 79' lang='grc' dir='ltr'>ταῦτα·</span> <span class='ocrx_word' id='word_1_33' title='bbox 1070 804 1191 908; x_wconf 75' lang='grc' dir='ltr'>ἐπειδὴ</span> <span class='ocrx_word' id='word_1_34' title='bbox 1215 806 1254 888; x_wconf 84' lang='grc' dir='ltr'>δέ</span> <span class='ocrx_word' id='word_1_35' title='bbox 1277 811 1406 912; x_wconf 77' lang='grc' dir='ltr'>χρῆναι</span> 
     </span>
     <span class='ocr_line' id='line_1_6' title="bbox 208 929 1436 1039; baseline 0.002 -27"><span class='ocrx_word' id='word_1_36' title='bbox 208 936 282 1012; x_wconf 84' lang='grc' dir='ltr'>δεῖν</span> <span class='ocrx_word' id='word_1_37' title='bbox 300 929 549 1039; x_wconf 78' lang='grc' dir='ltr'>ὑπειλήφαμεν</span> <span class='ocrx_word' id='word_1_38' title='bbox 565 931 613 1012; x_wconf 80' lang='grc' dir='ltr'>τὰ</span> <span class='ocrx_word' id='word_1_39' title='bbox 633 934 673 1012; x_wconf 90' lang='grc' dir='ltr'>ἐκ</span> <span class='ocrx_word' id='word_1_40' title='bbox 695 935 759 1031; x_wconf 80' lang='grc' dir='ltr'>τῆς</span> <span class='ocrx_word' id='word_1_41' title='bbox 783 931 924 1012; x_wconf 79' lang='grc' dir='ltr'>ἐκείνων</span> <span class='ocrx_word' id='word_1_42' title='bbox 942 931 1162 1036; x_wconf 85' lang='grc' dir='ltr'>δυστροπίας</span> <span class='ocrx_word' id='word_1_43' title='bbox 1178 929 1436 1030; x_wconf 74' lang='grc' dir='ltr'>ἐπινοήθεῖπα5</span> 
     </span>
     <span class='ocr_line' id='line_1_7' title="bbox 207 1054 1406 1161; baseline -0.005 -20"><span class='ocrx_word' id='word_1_44' title='bbox 207 1054 464 1159; x_wconf 81' lang='grc' dir='ltr'>προβλήματα,</span> <span class='ocrx_word' id='word_1_45' title='bbox 479 1054 639 1159; x_wconf 88' lang='grc' dir='ltr'>καθάπερ</span> <span class='ocrx_word' id='word_1_46' title='bbox 656 1054 737 1135; x_wconf 85' lang='grc' dir='ltr'>τινά</span> <span class='ocrx_word' id='word_1_47' title='bbox 753 1056 938 1155; x_wconf 84' lang='grc' dir='ltr'>πολεμίων</span> <span class='ocrx_word' id='word_1_48' title='bbox 955 1054 1079 1155; x_wconf 85' lang='grc' dir='ltr'>ε’σμδν,</span> <span class='ocrx_word' id='word_1_49' title='bbox 1093 1060 1139 1161; x_wconf 76' lang='grc' dir='ltr'>τῇ</span> <span class='ocrx_word' id='word_1_50' title='bbox 1154 1060 1229 1134; x_wconf 80' lang='grc' dir='ltr'>τῶν</span> <span class='ocrx_word' id='word_1_51' title='bbox 1243 1055 1406 1151; x_wconf 81' lang='grc' dir='ltr'>εὐσεβῶν</span> 
     </span>
     <span class='ocr_line' id='line_1_8' title="bbox 179 1174 1406 1285; baseline 0 -30"><span class='ocrx_word' id='word_1_52' title='bbox 179 1176 398 1281; x_wconf 87' lang='grc' dir='ltr'>οδογμάτων</span> <span class='ocrx_word' id='word_1_53' title='bbox 417 1176 583 1282; x_wconf 84' lang='grc' dir='ltr'>ὀρθότητι</span> <span class='ocrx_word' id='word_1_54' title='bbox 600 1176 896 1282; x_wconf 83' lang='grc' dir='ltr'>κατακροόεσθαι,</span> <span class='ocrx_word' id='word_1_55' title='bbox 914 1177 999 1285; x_wconf 72' lang='grc' dir='ltr'>φέρε</span> <span class='ocrx_word' id='word_1_56' title='bbox 1018 1175 1063 1279; x_wconf 78' lang='grc' dir='ltr'>δὴ</span> <span class='ocrx_word' id='word_1_57' title='bbox 1080 1174 1298 1281; x_wconf 69' lang='grc' dir='ltr'>παραθέντες</span> <span class='ocrx_word' id='word_1_58' title='bbox 1313 1175 1406 1258; x_wconf 84' lang='grc' dir='ltr'>αιἰτά</span> 
     </span>
     <span class='ocr_line' id='line_1_9' title="bbox 208 1297 1403 1408; baseline -0.005 -25"><span class='ocrx_word' id='word_1_59' title='bbox 208 1301 300 1383; x_wconf 79' lang='grc' dir='ltr'>κατὰ</span> <span class='ocrx_word' id='word_1_60' title='bbox 333 1298 447 1404; x_wconf 82' lang='grc' dir='ltr'>λόγον</span> <span class='ocrx_word' id='word_1_61' title='bbox 476 1300 620 1408; x_wconf 80' lang='grc' dir='ltr'>ἑκάστῳ</span> <span class='ocrx_word' id='word_1_62' title='bbox 649 1299 714 1381; x_wconf 83' lang='grc' dir='ltr'>τὸν</span> <span class='ocrx_word' id='word_1_63' title='bbox 742 1299 877 1399; x_wconf 87' lang='grc' dir='ltr'>δέοντα,</span> <span class='ocrx_word' id='word_1_64' title='bbox 902 1297 947 1383; x_wconf 79' lang='grc' dir='ltr'>τό</span> <span class='ocrx_word' id='word_1_65' title='bbox 976 1305 1213 1382; x_wconf 83' lang='grc' dir='ltr'>ἀντιστατοῦν</span> <span class='ocrx_word' id='word_1_66' title='bbox 1243 1298 1403 1402; x_wconf 82' lang='grc' dir='ltr'>ἀντεγεί·</span> 
     </span>
     <span class='ocr_line' id='line_1_10' title="bbox 206 1422 1407 1532; baseline -0.006 -27"><span class='ocrx_word' id='word_1_67' title='bbox 206 1457 338 1527; x_wconf 87' lang='grc' dir='ltr'>ρωμεν,</span> <span class='ocrx_word' id='word_1_68' title='bbox 355 1428 414 1503; x_wconf 81' lang='grc' dir='ltr'>καὶ</span> <span class='ocrx_word' id='word_1_69' title='bbox 439 1423 663 1527; x_wconf 71' lang='grc' dir='ltr'>θερμοτέροις</span> <span class='ocrx_word' id='word_1_70' title='bbox 688 1425 763 1503; x_wconf 88' lang='grc' dir='ltr'>κατ’</span> <span class='ocrx_word' id='word_1_71' title='bbox 784 1424 902 1505; x_wconf 73' lang='grc' dir='ltr'>αὐτῶν</span> <span class='ocrx_word' id='word_1_72' title='bbox 926 1424 1180 1532; x_wconf 84' lang='grc' dir='ltr'>ἐξοπλίσωμεν</span> <span class='ocrx_word' id='word_1_73' title='bbox 1198 1422 1407 1526; x_wconf 79' lang='grc' dir='ltr'>θεωρήμασι</span> 
     </span>
     <span class='ocr_line' id='line_1_11' title="bbox 207 1544 1459 1651; baseline -0.004 -25"><span class='ocrx_word' id='word_1_74' title='bbox 207 1547 275 1648; x_wconf 84' lang='grc' dir='ltr'>τὴν</span> <span class='ocrx_word' id='word_1_75' title='bbox 303 1550 355 1628; x_wconf 84' lang='grc' dir='ltr'>ἀεὶ</span> <span class='ocrx_word' id='word_1_76' title='bbox 386 1552 545 1627; x_wconf 81' lang='grc' dir='ltr'>νικῶσαν</span> <span class='ocrx_word' id='word_1_77' title='bbox 572 1547 754 1647; x_wconf 87' lang='grc' dir='ltr'>ἀλήθειαν·</span> <span class='ocrx_word' id='word_1_78' title='bbox 794 1544 995 1651; x_wconf 83' lang='grc' dir='ltr'>πρόβλημα</span> <span class='ocrx_word' id='word_1_79' title='bbox 1025 1546 1065 1628; x_wconf 82' lang='grc' dir='ltr'>δὲ</span> <span class='ocrx_word' id='word_1_80' title='bbox 1093 1545 1217 1645; x_wconf 91' lang='grc' dir='ltr'>πάλιν,</span> <span class='ocrx_word' id='word_1_81' title='bbox 1244 1547 1293 1630; x_wconf 82' lang='grc' dir='ltr'>ὡς</span> <span class='ocrx_word' id='word_1_82' title='bbox 1320 1545 1404 1648; x_wconf 90' lang='grc' dir='ltr'>παρ’</span> <span class='ocrx_word' id='word_1_83' title='bbox 1421 1580 1459 1622; x_wconf 85' lang='lat'>10</span> 
     </span>
     <span class='ocr_line' id='line_1_12' title="bbox 208 1667 1406 1776; baseline 0.001 -25"><span class='ocrx_word' id='word_1_84' title='bbox 208 1671 358 1768; x_wconf 78' lang='grc' dir='ltr'>ἐκείνων,</span> <span class='ocrx_word' id='word_1_85' title='bbox 384 1675 457 1750; x_wconf 79' lang='grc' dir='ltr'>τῶν</span> <span class='ocrx_word' id='word_1_86' title='bbox 484 1667 703 1750; x_wconf 90' lang='grc' dir='ltr'>ἐπιλυόντων</span> <span class='ocrx_word' id='word_1_87' title='bbox 731 1667 818 1749; x_wconf 77' lang='grc' dir='ltr'>αὐτὸ</span> <span class='ocrx_word' id='word_1_88' title='bbox 845 1676 1115 1773; x_wconf 80' lang='grc' dir='ltr'>συλλογισμῶν</span> <span class='ocrx_word' id='word_1_89' title='bbox 1141 1667 1406 1776; x_wconf 69' lang='grc' dir='ltr'>προτετάξεται,</span> 
     </span>
     <span class='ocr_line' id='line_1_13' title="bbox 206 1791 1407 1900; baseline -0.003 -25"><span class='ocrx_word' id='word_1_90' title='bbox 206 1793 274 1895; x_wconf 79' lang='grc' dir='ltr'>τὴν</span> <span class='ocrx_word' id='word_1_91' title='bbox 309 1801 375 1874; x_wconf 88' lang='grc' dir='ltr'>τοῦ</span> <span class='ocrx_word' id='word_1_92' title='bbox 412 1792 528 1895; x_wconf 89' lang='grc' dir='ltr'>λόγον</span> <span class='ocrx_word' id='word_1_93' title='bbox 564 1796 677 1898; x_wconf 78' lang='grc' dir='ltr'>νῆψιν</span> <span class='ocrx_word' id='word_1_94' title='bbox 713 1798 761 1877; x_wconf 84' lang='grc' dir='ltr'>είς</span> <span class='ocrx_word' id='word_1_95' title='bbox 798 1794 1056 1898; x_wconf 79' lang='grc' dir='ltr'>ἀκριβεστέραν</span> <span class='ocrx_word' id='word_1_96' title='bbox 1092 1799 1220 1900; x_wconf 80' lang='grc' dir='ltr'>χωρεῖν</span> <span class='ocrx_word' id='word_1_97' title='bbox 1255 1791 1407 1896; x_wconf 64' lang='grc' dir='ltr'>ἐρεθίῷν</span> 
     </span>
     <span class='ocr_line' id='line_1_14' title="bbox 207 1913 1407 2023; baseline -0.002 -26"><span class='ocrx_word' id='word_1_98' title='bbox 207 1915 389 2015; x_wconf 82' lang='grc' dir='ltr'>βάσανον,</span> <span class='ocrx_word' id='word_1_99' title='bbox 411 1919 470 1996; x_wconf 76' lang='grc' dir='ltr'>καὶ</span> <span class='ocrx_word' id='word_1_100' title='bbox 496 1916 604 1996; x_wconf 78' lang='grc' dir='ltr'>οἱονεί</span> <span class='ocrx_word' id='word_1_101' title='bbox 625 1949 721 2000; x_wconf 89' lang='grc' dir='ltr'>τινος</span> <span class='ocrx_word' id='word_1_102' title='bbox 742 1916 922 2015; x_wconf 83' lang='grc' dir='ltr'>ποταμίου</span> <span class='ocrx_word' id='word_1_103' title='bbox 943 1914 1118 2021; x_wconf 82' lang='grc' dir='ltr'>ῥεόματος</span> <span class='ocrx_word' id='word_1_104' title='bbox 1143 1913 1271 2023; x_wconf 75' lang='grc' dir='ltr'>φοράν,</span> <span class='ocrx_word' id='word_1_105' title='bbox 1289 1918 1347 1997; x_wconf 84' lang='grc' dir='ltr'>ἐπὶ</span> <span class='ocrx_word' id='word_1_106' title='bbox 1362 1914 1407 1996; x_wconf 80' lang='grc' dir='ltr'>τό</span> 
     </span>
     <span class='ocr_line' id='line_1_15' title="bbox 205 2036 1407 2147; baseline -0.002 -26"><span class='ocrx_word' id='word_1_107' title='bbox 205 2038 339 2144; x_wconf 84' lang='grc' dir='ltr'>πρανές</span> <span class='ocrx_word' id='word_1_108' title='bbox 366 2042 419 2120; x_wconf 83' lang='grc' dir='ltr'>ἀεὶ</span> <span class='ocrx_word' id='word_1_109' title='bbox 449 2039 652 2147; x_wconf 86' lang='grc' dir='ltr'>καταφέρον</span> <span class='ocrx_word' id='word_1_110' title='bbox 676 2036 743 2138; x_wconf 80' lang='grc' dir='ltr'>τὴν</span> <span class='ocrx_word' id='word_1_111' title='bbox 766 2040 825 2120; x_wconf 79' lang='grc' dir='ltr'>ἐπὶ</span> <span class='ocrx_word' id='word_1_112' title='bbox 848 2037 891 2120; x_wconf 86' lang='grc' dir='ltr'>τὸ</span> <span class='ocrx_word' id='word_1_113' title='bbox 916 2039 1118 2137; x_wconf 82' lang='grc' dir='ltr'>βούλεσθαι</span> <span class='ocrx_word' id='word_1_114' title='bbox 1144 2037 1187 2120; x_wconf 82' lang='grc' dir='ltr'>τό</span> <span class='ocrx_word' id='word_1_115' title='bbox 1214 2042 1407 2121; x_wconf 85' lang='grc' dir='ltr'>ἀντιτεῖνον</span> 
     </span>
     <span class='ocr_line' id='line_1_16' title="bbox 207 2160 1458 2270; baseline 0.003 -26"><span class='ocrx_word' id='word_1_116' title='bbox 207 2162 399 2262; x_wconf 77' lang='grc' dir='ltr'>μανθάνειν</span> <span class='ocrx_word' id='word_1_117' title='bbox 417 2165 471 2244; x_wconf 81' lang='grc' dir='ltr'>ἀεὶ</span> <span class='ocrx_word' id='word_1_118' title='bbox 489 2169 562 2243; x_wconf 84' lang='grc' dir='ltr'>τῶν</span> <span class='ocrx_word' id='word_1_119' title='bbox 579 2160 839 2270; x_wconf 75' lang='grc' dir='ltr'>ἐντευξομένων</span> <span class='ocrx_word' id='word_1_120' title='bbox 857 2161 997 2265; x_wconf 80' lang='grc' dir='ltr'>ἀγαθὴν</span> <span class='ocrx_word' id='word_1_121' title='bbox 1014 2163 1229 2266; x_wconf 85' lang='grc' dir='ltr'>προθυμίαν.</span> <span class='ocrx_word' id='word_1_122' title='bbox 1421 2187 1458 2248; x_wconf 83' lang='lat'>¹5</span> 
     </span>
    </p>
   </div>
   <div class='ocr_carea' id='block_1_3' title="bbox 376 2427 1236 2513">
    <p class='ocr_par' dir='ltr' id='par_1_4' title="bbox 376 2427 1236 2513">
     <span class='ocr_line' id='line_1_17' title="bbox 376 2427 1236 2513; baseline 0.002 -19"><span class='ocrx_word' id='word_1_123' title='bbox 376 2427 585 2512; x_wconf 80' lang='grc' dir='ltr'>Προβλήματα</span> <span class='ocrx_word' id='word_1_124' title='bbox 605 2429 670 2510; x_wconf 72' lang='grc' dir='ltr'>ἤτοι</span> <span class='ocrx_word' id='word_1_125' title='bbox 692 2428 858 2499; x_wconf 74' lang='grc' dir='ltr'>ἀντιθέσεις</span> <span class='ocrx_word' id='word_1_126' title='bbox 878 2430 918 2499; x_wconf 78' lang='grc' dir='ltr'>ὥς</span> <span class='ocrx_word' id='word_1_127' title='bbox 939 2431 1053 2496; x_wconf 78' lang='grc' dir='ltr'>ἐκτῶν</span> <span class='ocrx_word' id='word_1_128' title='bbox 1074 2432 1236 2513; x_wconf 74' lang='grc' dir='ltr'>αἰρετικόν.</span> 
     </span>
    </p>
   </div>
   <div class='ocr_carea' id='block_1_4' title="bbox 181 2587 1461 3567">
    <p class='ocr_par' dir='ltr' id='par_1_5' title="bbox 181 2587 1461 3567">
     <span class='ocr_line' id='line_1_18' title="bbox 261 2587 1406 2701; baseline 0.001 -31"><span class='ocrx_word' id='word_1_129' title='bbox 261 2652 284 2689; x_wconf 97' lang='grc'>,,</span> <span class='ocrx_word' id='word_1_130' title='bbox 303 2597 350 2671; x_wconf 77' lang='grc' dir='ltr'>Εἰ</span> <span class='ocrx_word' id='word_1_131' title='bbox 381 2587 432 2691; x_wconf 83' lang='grc' dir='ltr'>μὴ</span> <span class='ocrx_word' id='word_1_132' title='bbox 466 2589 594 2693; x_wconf 83' lang='grc' dir='ltr'>ἕτερος,</span> <span class='ocrx_word' id='word_1_133' title='bbox 622 2592 749 2698; x_wconf 80' lang='grc' dir='ltr'>φησὶν,</span> <span class='ocrx_word' id='word_1_134' title='bbox 778 2589 967 2697; x_wconf 78' lang='grc' dir='ltr'>ἐνυπάρχει</span> <span class='ocrx_word' id='word_1_135' title='bbox 998 2597 1050 2701; x_wconf 79' lang='grc' dir='ltr'>τῷ</span> <span class='ocrx_word' id='word_1_136' title='bbox 1081 2597 1165 2700; x_wconf 80' lang='grc' dir='ltr'>Θεῷ</span> <span class='ocrx_word' id='word_1_137' title='bbox 1197 2594 1254 2672; x_wconf 77' lang='grc' dir='ltr'>καὶ</span> <span class='ocrx_word' id='word_1_138' title='bbox 1287 2593 1406 2694; x_wconf 78' lang='grc' dir='ltr'>Πατρὶ</span> 
     </span>
     <span class='ocr_line' id='line_1_19' title="bbox 206 2713 1406 2824; baseline 0.002 -30"><span class='ocrx_word' id='word_1_139' title='bbox 206 2777 228 2816; x_wconf 87' lang='grc'>,,</span> <span class='ocrx_word' id='word_1_140' title='bbox 248 2713 369 2818; x_wconf 88' lang='grc' dir='ltr'>λόγος,</span> <span class='ocrx_word' id='word_1_141' title='bbox 401 2713 577 2814; x_wconf 81' lang='grc' dir='ltr'>οὐσιιόδης</span> <span class='ocrx_word' id='word_1_142' title='bbox 608 2747 649 2792; x_wconf 91' lang='grc' dir='ltr'>τε</span> <span class='ocrx_word' id='word_1_143' title='bbox 681 2716 739 2794; x_wconf 76' lang='grc' dir='ltr'>καὶ</span> <span class='ocrx_word' id='word_1_144' title='bbox 772 2714 970 2801; x_wconf 78' lang='grc' dir='ltr'>ἐνδιάθετος</span> <span class='ocrx_word' id='word_1_145' title='bbox 999 2714 1101 2820; x_wconf 81' lang='grc' dir='ltr'>παρὰ</span> <span class='ocrx_word' id='word_1_146' title='bbox 1130 2714 1195 2798; x_wconf 80' lang='grc' dir='ltr'>τόν</span> <span class='ocrx_word' id='word_1_147' title='bbox 1223 2716 1268 2824; x_wconf 82' lang='grc' dir='ltr'>ἐξ</span> <span class='ocrx_word' id='word_1_148' title='bbox 1297 2716 1406 2796; x_wconf 77' lang='grc' dir='ltr'>αὐτοῦ</span> 
     </span>
     <span class='ocr_line' id='line_1_20' title="bbox 203 2834 1406 2944; baseline 0.002 -27"><span class='ocrx_word' id='word_1_149' title='bbox 203 2899 229 2944; x_wconf 85' lang='grc'>,,</span> <span class='ocrx_word' id='word_1_150' title='bbox 247 2841 423 2941; x_wconf 80' lang='grc' dir='ltr'>μονογενῆ</span> <span class='ocrx_word' id='word_1_151' title='bbox 448 2834 549 2935; x_wconf 81' lang='grc' dir='ltr'>Υίδν,</span> <span class='ocrx_word' id='word_1_152' title='bbox 574 2835 613 2922; x_wconf 76' lang='grc' dir='ltr'>ὃς</span> <span class='ocrx_word' id='word_1_153' title='bbox 642 2834 686 2938; x_wconf 80' lang='grc' dir='ltr'>δή</span> <span class='ocrx_word' id='word_1_154' title='bbox 714 2841 773 2917; x_wconf 79' lang='grc' dir='ltr'>καὶ</span> <span class='ocrx_word' id='word_1_155' title='bbox 800 2836 893 2918; x_wconf 80' lang='grc' dir='ltr'>κατὰ</span> <span class='ocrx_word' id='word_1_156' title='bbox 919 2837 985 2939; x_wconf 85' lang='grc' dir='ltr'>τὴν</span> <span class='ocrx_word' id='word_1_157' title='bbox 1008 2841 1140 2921; x_wconf 83' lang='grc' dir='ltr'>ἐκείνου</span> <span class='ocrx_word' id='word_1_158' title='bbox 1165 2840 1321 2942; x_wconf 80' lang='grc' dir='ltr'>μίμησιν</span> <span class='ocrx_word' id='word_1_159' title='bbox 1342 2873 1406 2920; x_wconf 84' lang='grc' dir='ltr'>κα-</span> 
     </span>
     <span class='ocr_line' id='line_1_21' title="bbox 205 2956 1461 3064; baseline 0.004 -24"><span class='ocrx_word' id='word_1_160' title='bbox 205 2972 229 3061; x_wconf 84' lang='grc'>,,</span> <span class='ocrx_word' id='word_1_161' title='bbox 248 2968 363 3042; x_wconf 87' lang='grc' dir='ltr'>λεῖται</span> <span class='ocrx_word' id='word_1_162' title='bbox 381 2956 503 3061; x_wconf 83' lang='grc' dir='ltr'>λόγος,</span> <span class='ocrx_word' id='word_1_163' title='bbox 522 2959 658 3041; x_wconf 86' lang='grc' dir='ltr'>άτοπόν</span> <span class='ocrx_word' id='word_1_164' title='bbox 675 2995 710 3040; x_wconf 93' lang='grc' dir='ltr'>τι</span> <span class='ocrx_word' id='word_1_165' title='bbox 728 2958 770 3041; x_wconf 81' lang='grc' dir='ltr'>τό</span> <span class='ocrx_word' id='word_1_166' title='bbox 788 2963 947 3043; x_wconf 85' lang='grc' dir='ltr'>ἐντεῦθεν</span> <span class='ocrx_word' id='word_1_167' title='bbox 965 2962 1166 3064; x_wconf 81' lang='grc' dir='ltr'>ἐκβήσεται,</span> <span class='ocrx_word' id='word_1_168' title='bbox 1185 2964 1244 3045; x_wconf 84' lang='grc' dir='ltr'>καὶ</span> <span class='ocrx_word' id='word_1_169' title='bbox 1268 2964 1404 3064; x_wconf 84' lang='grc' dir='ltr'>ὁμολο·</span> <span class='ocrx_word' id='word_1_170' title='bbox 1422 3003 1461 3045; x_wconf 83' lang='lat'>20</span> 
     </span>
     <span class='ocr_line' id='line_1_22' title="bbox 208 3082 1408 3192; baseline 0.003 -28"><span class='ocrx_word' id='word_1_171' title='bbox 208 3144 230 3184; x_wconf 90' lang='lat'>„</span> <span class='ocrx_word' id='word_1_172' title='bbox 249 3090 324 3191; x_wconf 90' lang='grc' dir='ltr'>γεῖν</span> <span class='ocrx_word' id='word_1_173' title='bbox 347 3084 441 3187; x_wconf 82' lang='grc' dir='ltr'>ἡμᾶς</span> <span class='ocrx_word' id='word_1_174' title='bbox 465 3086 660 3186; x_wconf 88' lang='grc' dir='ltr'>ἀναγκαῖον</span> <span class='ocrx_word' id='word_1_175' title='bbox 682 3082 765 3169; x_wconf 76' lang='grc' dir='ltr'>τοὺς</span> <span class='ocrx_word' id='word_1_176' title='bbox 791 3085 882 3188; x_wconf 78' lang='grc' dir='ltr'>ὀρθά</span> <span class='ocrx_word' id='word_1_177' title='bbox 909 3094 1053 3191; x_wconf 83' lang='grc' dir='ltr'>φρονεῖν</span> <span class='ocrx_word' id='word_1_178' title='bbox 1075 3086 1266 3188; x_wconf 86' lang='grc' dir='ltr'>οίομένονς,</span> <span class='ocrx_word' id='word_1_179' title='bbox 1285 3086 1408 3192; x_wconf 78' lang='grc' dir='ltr'>ὅτιπερ</span> 
     </span>
     <span class='ocr_line' id='line_1_23' title="bbox 208 3205 1409 3319; baseline 0.005 -33"><span class='ocrx_word' id='word_1_180' title='bbox 208 3267 232 3307; x_wconf 87' lang='grc'>,,</span> <span class='ocrx_word' id='word_1_181' title='bbox 251 3214 281 3286; x_wconf 82' lang='grc' dir='ltr'>εἰ</span> <span class='ocrx_word' id='word_1_182' title='bbox 300 3205 491 3307; x_wconf 84' lang='grc' dir='ltr'>ὁμοοιίσιός</span> <span class='ocrx_word' id='word_1_183' title='bbox 508 3208 610 3287; x_wconf 90' lang='grc' dir='ltr'>ἐστιν</span> <span class='ocrx_word' id='word_1_184' title='bbox 627 3209 648 3287; x_wconf 87' lang='grc' dir='ltr'>ὁ</span> <span class='ocrx_word' id='word_1_185' title='bbox 668 3207 789 3308; x_wconf 88' lang='grc' dir='ltr'>Λόγος</span> <span class='ocrx_word' id='word_1_186' title='bbox 807 3214 859 3316; x_wconf 76' lang='grc' dir='ltr'>τῷ</span> <span class='ocrx_word' id='word_1_187' title='bbox 880 3213 1009 3313; x_wconf 77' lang='grc' dir='ltr'>Πατρῖ,</span> <span class='ocrx_word' id='word_1_188' title='bbox 1028 3213 1087 3291; x_wconf 79' lang='grc' dir='ltr'>καὶ</span> <span class='ocrx_word' id='word_1_189' title='bbox 1104 3213 1125 3291; x_wconf 91' lang='grc' dir='ltr'>ό</span> <span class='ocrx_word' id='word_1_190' title='bbox 1145 3209 1275 3315; x_wconf 82' lang='grc' dir='ltr'>Πατὴρ</span> <span class='ocrx_word' id='word_1_191' title='bbox 1297 3209 1336 3291; x_wconf 87' lang='grc' dir='ltr'>δέ</span> <span class='ocrx_word' id='word_1_192' title='bbox 1357 3215 1409 3319; x_wconf 75' lang='grc' dir='ltr'>τῷ</span> 
     </span>
     <span class='ocr_line' id='line_1_24' title="bbox 181 3326 1409 3438; baseline 0 -25"><span class='ocrx_word' id='word_1_193' title='bbox 181 3370 232 3430; x_wconf 82' lang='lat' dir='ltr'>e„</span> <span class='ocrx_word' id='word_1_194' title='bbox 252 3328 373 3438; x_wconf 79' lang='grc' dir='ltr'>Λόγερ,</span> <span class='ocrx_word' id='word_1_195' title='bbox 402 3328 504 3409; x_wconf 73' lang='grc' dir='ltr'>οὐδὲν</span> <span class='ocrx_word' id='word_1_196' title='bbox 533 3329 584 3409; x_wconf 78' lang='grc' dir='ltr'>ἔτι</span> <span class='ocrx_word' id='word_1_197' title='bbox 617 3326 660 3410; x_wconf 84' lang='grc' dir='ltr'>τό</span> <span class='ocrx_word' id='word_1_198' title='bbox 691 3329 832 3412; x_wconf 85' lang='grc' dir='ltr'>κωλόον</span> <span class='ocrx_word' id='word_1_199' title='bbox 859 3334 985 3436; x_wconf 86' lang='grc' dir='ltr'>όρᾶται</span> <span class='ocrx_word' id='word_1_200' title='bbox 1017 3330 1131 3437; x_wconf 90' lang='grc' dir='ltr'>λόγον</span> <span class='ocrx_word' id='word_1_201' title='bbox 1160 3330 1251 3415; x_wconf 85' lang='grc' dir='ltr'>εἶναί</span> <span class='ocrx_word' id='word_1_202' title='bbox 1278 3368 1318 3416; x_wconf 92' lang='grc' dir='ltr'>τε</span> <span class='ocrx_word' id='word_1_203' title='bbox 1350 3336 1409 3413; x_wconf 77' lang='grc' dir='ltr'>καὶ</span> 
     </span>
     <span class='ocr_line' id='line_1_25' title="bbox 208 3451 1147 3567; baseline 0.01 -36"><span class='ocrx_word' id='word_1_204' title='bbox 208 3514 233 3552; x_wconf 91' lang='grc'>,,</span> <span class='ocrx_word' id='word_1_205' title='bbox 252 3458 442 3532; x_wconf 87' lang='grc' dir='ltr'>καλεῖσθαι</span> <span class='ocrx_word' id='word_1_206' title='bbox 462 3451 526 3533; x_wconf 84' lang='grc' dir='ltr'>τὸν</span> <span class='ocrx_word' id='word_1_207' title='bbox 545 3452 701 3557; x_wconf 82' lang='grc' dir='ltr'>Πατέρα,</span> <span class='ocrx_word' id='word_1_208' title='bbox 720 3457 769 3540; x_wconf 80' lang='grc' dir='ltr'>ὡς</span> <span class='ocrx_word' id='word_1_209' title='bbox 787 3454 980 3555; x_wconf 86' lang='grc' dir='ltr'>ὁμοοόσιον</span> <span class='ocrx_word' id='word_1_210' title='bbox 998 3455 1147 3567; x_wconf 86' lang='grc' dir='ltr'>Λόγιρ.”</span> 
     </span>
    </p>
   </div>
   <div class='ocr_carea' id='block_1_5' title="bbox 658 3699 1461 3781">
    <p class='ocr_par' dir='ltr' id='par_1_6' title="bbox 658 3699 1461 3781">
     <span class='ocr_line' id='line_1_26' title="bbox 658 3699 1461 3781; baseline 0.017 -18"><span class='ocrx_word' id='word_1_211' title='bbox 658 3699 739 3781; x_wconf 81' lang='grc' dir='ltr'>Πρὸς</span> <span class='ocrx_word' id='word_1_212' title='bbox 761 3705 848 3767; x_wconf 77' lang='grc' dir='ltr'>τοῦτο</span> <span class='ocrx_word' id='word_1_213' title='bbox 869 3703 962 3770; x_wconf 78' lang='grc' dir='ltr'>λύσις.</span> <span class='ocrx_word' id='word_1_214' title='bbox 1424 3716 1461 3777; x_wconf 81' lang='lat'>²5</span> 
     </span>
    </p>
   </div>
   <div class='ocr_carea' id='block_1_6' title="bbox 210 3853 1413 4113">
    <p class='ocr_par' dir='ltr' id='par_1_7' title="bbox 210 3853 1413 4093">
     <span class='ocr_line' id='line_1_27' title="bbox 268 3853 1412 3972; baseline 0.013 -36"><span class='ocrx_word' id='word_1_215' title='bbox 268 3858 408 3956; x_wconf 79' lang='grc' dir='ltr'>Οὐδεὶς,</span> <span class='ocrx_word' id='word_1_216' title='bbox 444 3853 475 3939; x_wconf 80' lang='grc' dir='ltr'><strong><em>ὦ</em></strong></span> <span class='ocrx_word' id='word_1_217' title='bbox 513 3860 711 3961; x_wconf 91' lang='grc' dir='ltr'>βέλτιστοι,</span> <span class='ocrx_word' id='word_1_218' title='bbox 748 3863 881 3967; x_wconf 90' lang='grc' dir='ltr'>τρόπος</span> <span class='ocrx_word' id='word_1_219' title='bbox 919 3865 1013 3966; x_wconf 82' lang='grc' dir='ltr'>ἡμᾶς</span> <span class='ocrx_word' id='word_1_220' title='bbox 1053 3867 1252 3969; x_wconf 81' lang='grc' dir='ltr'>ἀναγκάσει</span> <span class='ocrx_word' id='word_1_221' title='bbox 1288 3866 1412 3972; x_wconf 87' lang='grc' dir='ltr'>Λόγον</span> 
     </span>
     <span class='ocr_line' id='line_1_28' title="bbox 210 3979 1413 4113; baseline 0.012 -54"><span class='ocrx_word' id='word_1_222' title='bbox 210 3979 351 4061; x_wconf 79' lang='grc' dir='ltr'>οἴεσθαι</span> <span class='ocrx_word' id='word_1_223' title='bbox 378 3985 452 4061; x_wconf 88' lang='grc' dir='ltr'>δεῖν</span> <span class='ocrx_word' id='word_1_224' title='bbox 479 3979 543 4063; x_wconf 82' lang='grc' dir='ltr'>τὸν</span> <span class='ocrx_word' id='word_1_225' title='bbox 571 3983 719 4090; x_wconf 87' lang='grc' dir='ltr'>Πατέρα</span> <span class='ocrx_word' id='word_1_226' title='bbox 748 3994 839 4067; x_wconf 90' lang='grc' dir='ltr'>νοεῖν</span> <span class='ocrx_word' id='word_1_227' title='bbox 865 4023 904 4069; x_wconf 92' lang='grc' dir='ltr'>τε</span> <span class='ocrx_word' id='word_1_228' title='bbox 932 3994 992 4069; x_wconf 80' lang='grc' dir='ltr'>καὶ</span> <span class='ocrx_word' id='word_1_229' title='bbox 1021 3990 1151 4093; x_wconf 79' lang='grc' dir='ltr'>λε’γειν,</span> <span class='ocrx_word' id='word_1_230' title='bbox 1178 3989 1202 4093; x_wconf 82' lang='grc' dir='ltr'><strong><em>ἣ</em></strong></span> <span class='ocrx_word' id='word_1_231' title='bbox 1234 3994 1294 4077; x_wconf 82' lang='grc' dir='ltr'>καὶ</span> <span class='ocrx_word' id='word_1_232' title='bbox 1324 3989 1413 4113; x_wconf 79' lang='grc' dir='ltr'>εἶναι</span> 
     </span>
    </p>
   </div>
   <div class='ocr_carea' id='block_1_7' title="bbox 252 4210 1411 4381">
    <p class='ocr_par' dir='ltr' id='par_1_8' title="bbox 252 4210 1411 4381">
     <span class='ocr_line' id='line_1_29' title="bbox 252 4210 1411 4381; baseline 0.013 -120"><span class='ocrx_word' id='word_1_233' title='bbox 252 4226 275 4262; x_wconf 85' lang='grc'>1.</span> <span class='ocrx_word' id='word_1_234' title='bbox 293 4210 404 4278; x_wconf 78' lang='grc' dir='ltr'>λολῖγται</span> <span class='ocrx_word' id='word_1_235' title='bbox 417 4210 451 4266; x_wconf 86' lang='grc' dir='ltr'>Ε.</span> <span class='ocrx_word' id='word_1_236' title='bbox 463 4212 581 4266; x_wconf 82' lang='grc' dir='ltr'>λαλεῖται</span> <span class='ocrx_word' id='word_1_237' title='bbox 594 4212 630 4266; x_wconf 87' lang='lat' dir='ltr'>D.</span> <span class='ocrx_word' id='word_1_238' title='bbox 644 4211 696 4268; x_wconf 81' lang='lat' dir='ltr'>Ed.</span> <span class='ocrx_word' id='word_1_239' title='bbox 833 4216 859 4269; x_wconf 87' lang='grc'>8.</span> <span class='ocrx_word' id='word_1_240' title='bbox 877 4215 1104 4360; x_wconf 54' lang='grc' dir='ltr'>ἀντιγιίρομενέ).</span> <span class='ocrx_word' id='word_1_241' title='bbox 1234 4219 1411 4381; x_wconf 45' lang='lat' dir='ltr'>&amp;aeppori-</span> 
     </span>
    </p>
   </div>
   <div class='ocr_carea' id='block_1_8' title="bbox 213 4231 1411 4482">
    <p class='ocr_par' dir='ltr' id='par_1_9' title="bbox 213 4231 1411 4482">
     <span class='ocr_line' id='line_1_30' title="bbox 213 4231 1411 4482; baseline 0.015 -82.015"><span class='ocrx_word' id='word_1_242' title='bbox 213 4299 255 4401; x_wconf 76' lang='lat'>13⁴</span> <span class='ocrx_word' id='word_1_243' title='bbox 258 4231 404 4402; x_wconf 59' lang='lat' dir='ltr'>‘131¹&#39;E</span> <span class='ocrx_word' id='word_1_244' title='bbox 401 4281 511 4419; x_wconf 51' lang='grc' dir='ltr'>θ’ίῗ</span> <span class='ocrx_word' id='word_1_245' title='bbox 492 4303 546 4405; x_wconf 66' lang='grc' dir='ltr'>θ’</span> <span class='ocrx_word' id='word_1_246' title='bbox 546 4282 645 4407; x_wconf 65' lang='grc' dir='ltr'>ἱόῖἶ.</span> <span class='ocrx_word' id='word_1_247' title='bbox 634 4352 708 4408; x_wconf 74' lang='grc' dir='ltr'>οι</span> <span class='ocrx_word' id='word_1_248' title='bbox 784 4287 1080 4482; x_wconf 37' lang='grc'>’34888811</span> <span class='ocrx_word' id='word_1_249' title='bbox 1079 4291 1266 4416; x_wconf 71' lang='grc' dir='ltr'>””’“’“ἷῖ”..</span> <span class='ocrx_word' id='word_1_250' title='bbox 1256 4312 1411 4433; x_wconf 61' lang='grc' dir='ltr'><em>Ἥ</em></span> 
     </span>
     <span class='ocr_line' id='line_1_31' title="bbox 866 4427 883 4482; baseline 0 0"><span class='ocrx_word' id='word_1_251' title='bbox 866 4427 883 4482; x_wconf 90' lang='lat' dir='ltr'>d</span> 
     </span>
    </p>
   </div>
   <div class='ocr_carea' id='block_1_9' title="bbox 211 4417 1408 4564">
    <p class='ocr_par' dir='ltr' id='par_1_10' title="bbox 211 4417 1408 4564">
     <span class='ocr_line' id='line_1_32' title="bbox 211 4417 1408 4505; baseline 0.016 -33"><span class='ocrx_word' id='word_1_252' title='bbox 211 4421 270 4503; x_wconf 62' lang='grc' dir='ltr'>ἤτοι</span> <span class='ocrx_word' id='word_1_253' title='bbox 281 4417 423 4475; x_wconf 78' lang='grc' dir='ltr'>ἀντιθέσεις</span> <span class='ocrx_word' id='word_1_254' title='bbox 435 4420 468 4475; x_wconf 98' lang='grc' dir='ltr'><strong>Β</strong></span> <span class='ocrx_word' id='word_1_255' title='bbox 480 4424 619 4492; x_wconf 73' lang='grc' dir='ltr'>πρόβλημα</span> <span class='ocrx_word' id='word_1_256' title='bbox 631 4427 688 4492; x_wconf 74' lang='grc' dir='ltr'>ἤτοι</span> <span class='ocrx_word' id='word_1_257' title='bbox 699 4424 829 4483; x_wconf 74' lang='grc' dir='ltr'>ἀπόθεσις</span> <span class='ocrx_word' id='word_1_258' title='bbox 974 4442 1015 4501; x_wconf 77' lang='lat'>17.</span> <span class='ocrx_word' id='word_1_259' title='bbox 1033 4431 1119 4503; x_wconf 77' lang='grc' dir='ltr'>φασὶν</span> <span class='ocrx_word' id='word_1_260' title='bbox 1130 4430 1234 4505; x_wconf 71' lang='lat' dir='ltr'><strong>Migne.</strong></span> <span class='ocrx_word' id='word_1_261' title='bbox 1307 4449 1351 4490; x_wconf 70' lang='grc' dir='ltr'>νο.</span> <span class='ocrx_word' id='word_1_262' title='bbox 1370 4432 1408 4505; x_wconf 90' lang='grc' dir='ltr'>τι]</span> 
     </span>
     <span class='ocr_line' id='line_1_33' title="bbox 213 4486 698 4564; baseline 0.023 -25"><span class='ocrx_word' id='word_1_263' title='bbox 213 4487 244 4540; x_wconf 80' lang='grc' dir='ltr'>δ</span> <span class='ocrx_word' id='word_1_264' title='bbox 257 4486 291 4540; x_wconf 90' lang='grc' dir='ltr'><strong>Β</strong></span> <span class='ocrx_word' id='word_1_265' title='bbox 398 4506 441 4543; x_wconf 74' lang='grc' dir='ltr'>αι.</span> <span class='ocrx_word' id='word_1_266' title='bbox 460 4490 536 4563; x_wconf 63' lang='lat' dir='ltr'>was]</span> <span class='ocrx_word' id='word_1_267' title='bbox 550 4494 698 4564; x_wconf 77' lang='grc' dir='ltr'>υμαςΒΕ</span> 
     </span>
    </p>
   </div>
   <div class='ocr_carea' id='block_1_10' title="bbox 0 0 1524 5018">
    <p class='ocr_par' dir='ltr' id='par_1_11' title="bbox 0 0 1524 5018">
     <span class='ocr_line' id='line_1_34' title="bbox 0 0 1524 5018; baseline 0 1"><span class='ocrx_word' id='word_1_268' title='bbox 0 0 1524 5018; x_wconf 95' lang='lat' dir='ltr'> </span> 
     </span>
    </p>
   </div>
  </div>
 </body>
</html>
