3038 5018
94 292 135 358 vi.
149 310 202 380 45.
278 295 333 361 IN
363 294 397 361 S.
421 295 678 365 JOANNEM.
723 296 819 364 LIB.
841 297 902 364 IV.
948 297 1052 363 OAP.
1076 299 1105 363 Ι.
1229 298 1294 363 507

140 565 233 634 Ἔστι
260 573 478 658 τετραμμένον
506 571 540 637 ὲν
567 567 637 637 τοῖς
664 571 852 661 προφήταις
881 571 938 636 Καὶ
964 571 1095 636 ἔσονται
1121 568 1242 635 πάντεα
1307 597 1346 659 45

697 712 704 735 ι
803 718 816 735 .
1306 685 1325 727 ο

559 713 706 779 διδακτοι
733 713 830 785 Θεου.

70 975 75 979 .
153 897 232 1000 Τὴν
260 901 533 1007 ἐνυπάρχουσαν
559 909 634 988 τοῖς
660 900 894 1005 ἀκροωμένοις
922 900 1093 981 ἀπόνοιαν
1123 897 1297 1000 ἐννοήσας

97 1026 145 1107 ῶς
164 1022 267 1122 Θεὸς,
287 1027 351 1106 ούκ
375 1025 625 1129 ἀμαρτύρητου
643 1028 684 1132 ἐᾷ
708 1023 772 1106 τδυ
793 1028 849 1107 ἐπὶ
874 1024 990 1133 τούτῳ
1016 1024 1141 1126 λόγου,
1161 1024 1296 1105 ἀνωθεν

64 1145 135 1225 ὅδὲ
159 1146 217 1226 διὰ
238 1154 311 1228 τῶυ
330 1150 440 1251 ἁγίων
458 1157 658 1257 προφητῶν
675 1148 1005 1253 προκεκηρυγμένον
1024 1150 1092 1249 ἤδη
1117 1151 1175 1228 καὶ
1201 1181 1293 1250 προ·

98 1273 379 1376 αναφωνηθέυτα
409 1272 566 1372 δεικνύει,
600 1278 659 1354 καὶ
691 1270 755 1358 τάς
787 1279 860 1352 τῶν
891 1275 1047 1376 ἀντερεῖν
1080 1271 1134 1352 ὅτι
1166 1270 1298 1376 πρῶτοι

97 1393 209 1474 πάλιυ
237 1398 333 1504 αύτῷ
360 1396 661 1496 διενθυμουμένου
688 1402 916 1500 προαναιρῶυ
943 1394 1121 1504 ἀφορμάς,
1146 1399 1203 1476 καὶ
1230 1394 1298 1496 τὴν

97 1520 250 1597 εὐοῦσαυ
268 1521 386 1605 αὐτοῖς
409 1520 564 1620 ἀμαθίαν
582 1521 682 1601 οὐδὲν
700 1521 808 1622 ἧττον
827 1523 1055 1624 ἀπογυμνῶν,
1073 1519 1131 1601 διά
1153 1528 1217 1600 τοῦ
1238 1518 1297 1599 καὶ

98 1650 204 1722 τοῦτο
227 1641 271 1742 δὴ
295 1641 409 1724 πάλιν
427 1646 644 1746 ἀγνοοῦντας
663 1646 828 1747 ὁρᾶσθαι,
846 1646 959 1725 καίτοι
985 1644 1083 1753 νόμτρ
1108 1648 1326 1746 παιδαγω-ιι
1349 1656 1467 1714 ΜΘΑ·

48 1796 86 1837 το
99 1763 291 1867 γουμένους
320 1766 411 1870 πρὸς
443 1766 510 1867 τὴν
539 1774 612 1847 τῶν
639 1765 819 1867 ἐσομένων
845 1769 1065 1875 κατάληφιυ.
1118 1768 1297 1848 ἀναπείθει

99 1889 293 1970 τοίνυνκαὶ
319 1891 386 1996 οὐχ
411 1889 556 1977 ἑκόντας
583 1890 650 1992 ἤδη
675 1891 869 1971 συννεύειν·
899 1891 1036 1997 οὐγὰρ
1061 1889 1105 1992 ἦν
1123 1889 1213 1976 εἶκὸς
1239 1891 1297 1971 καὶ

99 2019 176 2096 ταῖς
203 2020 275 2093 τῶν
304 2015 415 2116 ἀγίωυ
442 2021 640 2120 προφητῶν
669 2013 946 2115 ἀντιστατήσειν
973 2021 1119 2120 φωναῖς,
1143 2015 1198 2097 ὅτι
1225 2021 1299 2098 τοῖς

100 2135 213 2242 ἀξίοις
231 2135 397 2242 εὐηχήσει
416 2139 435 2218 ὁ
454 2136 549 2223 Θεὸς
566 2141 624 2219 καὶ
645 2136 775 2242 Πατὴρ
792 2137 835 2218 τὸ
857 2144 939 2241 περὶ
963 2139 1071 2218 αὐτοῦ
1089 2137 1298 2241 μυστήριον,

100 2263 158 2339 καὶ
191 2260 420 2368 ἀποκαλύψει
452 2259 516 2342 τδυ
541 2262 630 2341 ἴδιον
652 2261 752 2360 Υἱὸυ,
777 2261 985 2365 ἀπορῤήτως
1013 2259 1154 2370 ἑκάστῳ
1182 2294 1300 2367 προσ-

51 2405 87 2467 15
100 2390 239 2482 λαλῶν,
258 2387 316 2465 καὶ
333 2390 540 2487 θεοπρεπῶς
557 2383 623 2484 τὴν
642 2388 699 2466 ἐπὶ
717 2383 855 2469 τούτοις
873 2385 1023 2465 σύνεσιν
1041 2384 1198 2470 ε’ντιθείς.

157 2509 343 2611 Ἀνωτέρω
375 2508 412 2588 δὲ
441 2508 558 2611 λε’γωυ
591 2519 613 2557 “
632 2510 760 2593 Ούδεὶς
792 2508 937 2590 δύναται
968 2512 1085 2589 ε’λθεῖυ
1119 2506 1209 2612 πρὸς
1240 2504 1297 2607 μέ,
1341 2508 1444 2638 {23³2

101 2641 124 2678 “
138 2629 199 2711 ἐὰν
235 2629 285 2730 μὴ
323 2633 344 2712 ὁ
382 2632 510 2734 Πατὴρ
546 2633 566 2712 ὁ
602 2634 752 2738 πέμψας
789 2668 833 2733 με
869 2630 1007 2740 ἑλκύσῃ
1050 2632 1195 2731 αύτδυ,”
1235 2633 1299 2712 ούκ

104 2752 388 2858 ἀναγκαστικὴυ,
413 2757 494 2836 οὐδὲ
515 2755 723 2858 βιαωτάτηυ
747 2758 862 2836 οὖσαν
884 2756 1088 2837 ἐπιδεικνύει
1109 2755 1175 2856 τὴν
1197 2753 1334 2864 ἐ’λξιυὶ)

102 2882 323 2981 προστιθείς·
1132 2889 1134 2895 ’

51 3166 91 3209 20
151 3158 220 3223 Πᾶς
248 3159 266 3226 ὁ
293 3158 436 3223 ἀκούσαι
463 3157 552 3246 παρὰ
580 3163 636 3222 τοῦ
664 3159 793 3247 Πατρόα
820 3178 881 3234 μου
909 3154 958 3221 καὶ
985 3156 1100 3234 μαθὼν
1125 3154 1255 3246 ἔρχεται

624 3298 707 3389 πρὸς
733 3300 783 3375 μέ.

154 3487 279 3569 Ὅπου
315 3486 386 3593 γὰρ
424 3488 513 3588 ἀκοὴ
550 3492 608 3569 καὶ
645 3486 802 3589 μάθησις
839 3492 899 3570 καὶ
935 3487 977 3570 τὸ
1014 3492 1052 3570 ἔκ
1083 3487 1303 3576 παιδεύσεως

104 3610 251 3715 ἀγαθδυ,
270 3611 328 3693 διά
346 3618 488 3696 πειθοῦς
507 3611 675 3713 δηλονότι
699 3617 757 3692 καὶ
780 3614 844 3693 ούκ
868 3615 913 3721 ἐξ
933 3612 1092 3716 ἀυάγκης
1117 3611 1139 3713 ἡ
1164 3615 1298 3697 πίστις·

104 3735 338 3837 ἀντιληπτικὴ
369 3735 407 3816 δὲ
437 3742 593 3836 μᾶλλον,
621 3740 669 3820 ῶς
701 3737 746 3843 ἐξ
776 3735 919 3839 ἀγάπης
950 3744 1024 3822 τοῖς
1054 3736 1166 3842 ἀξίοις
1194 3737 1216 3836 ἡ
1244 3738 1301 3816 ἐπὶ

50 3873 90 3934 25
104 3865 257 3968 Χριστῷ
283 3858 430 3945 σύνεσις
454 3868 658 3966 χορηγεῖται
678 3859 777 3970 παρῖι
795 3864 850 3943 τῶ
870 3861 1001 3970 Πατρὶς
1024 3859 1114 3962 ἤπερ
1137 3862 1296 3961 ἀναγκα-

104 3983 223 4083 στική·
254 3982 515 4087 περισῶζεσθαι
541 3982 613 4087 γὰρ
640 3987 660 4065 ὁ
686 3984 899 4088 δογματικδς
923 3981 1110 4085 ἀναγκάζει
1128 3983 1240 4084 λόγος
1257 3979 1330 4068 τδυ

104 4106 337 4213 αὐτεξούσιον
355 4112 413 4187 καὶ
437 4109 733 4213 αύτοπροαίρετου
752 4115 796 4214 τῇ
815 4119 879 4189 τοῦ
898 4107 1088 4211 ἀυθρῶπου
1108 4112 1224 4213 ψυχῇ,
1242 4108 1301 4188 ἵνα

142 4343 167 4397 3.
186 4326 383 4397 ἐνυπάρχουσαν
395 4327 428 4382 Β.
441 4329 661 4401 συνιπτιίρχουσαυ
672 4328 724 4383 Ed.
825 4331 850 4383 8.
869 4329 955 4385 αὐτοῖς
967 4347 1020 4383 om.
1035 4328 1068 4383 B.
1173 4345 1213 4382 12.
1232 4327 1301 4383 ἀντι·

106 4396 248 4466 στστὴσειυ
261 4398 293 4451 B.
306 4396 470 4466 ἀπιστήσειν
482 4399 534 4454 Ed.
692 4415 732 4468 15.
752 4399 835 4472 τούτῳ
850 4400 881 4454 Β.
1039 4400 1081 4454 18.
1098 4399 1254 4454 ἐπιδείκνυσι
1268 4399 1302 4455 Β.

107 4485 150 4523 20.
168 4466 231 4539 πᾶς]
250 4476 277 4532 4
293 4468 338 4523 οὖν
351 4468 400 4524 Ed.
413 4470 496 4524 invito
510 4470 543 4524 B.
591 4492 641 4535 μου
654 4480 822 4540 assumptum
835 4481 867 4525 ‘ex
881 4471 914 4526 B.
1003 4487 1046 4538 24.
1064 4468 1158 4541 ἀξίοις]
1172 4470 1255 4544 ἁγίοις
1268 4468 1301 4527 Β.

108 4555 150 4609 25.
168 4543 214 4593 τοῦ
226 4549 394 4611 assumptum
407 4558 439 4594 ex
453 4540 485 4596 B.
595 4554 637 4611 νγ.
655 4544 702 4594 τοῦ
714 4558 767 4596 om.
785 4541 816 4597 B.

667 4643 755 4711 ητα
