3038 5018
83 291 235 377 τωρ.
278 294 334 358 IN
365 294 398 358 S.
423 294 679 359 ιολΝΝοΜ.
725 295 820 359 LIB.
844 295 891 360 11.
936 294 1039 360 αις.
1063 296 1092 360 1.
1219 298 1282 360 199

84 454 247 560 φιλόθεοι
274 459 404 562 ψυχαί.
451 461 596 539 ὑπονοεῖ
618 458 655 540 δὲ
682 459 771 543 ίσως
801 458 901 562 παρὰ
927 460 1113 539 Φιλίππου
1141 493 1176 539 τι
1204 460 1279 539 κατ’

83 578 191 659 αὐτὸν
208 584 383 686 δεδεῖχθαι
399 583 463 662 τὸν
484 583 629 686 Κύριον.
696 600 697 605 ’

83 820 152 907 Πρὸ
178 826 235 885 τοῦ
263 845 299 888 σε
327 820 490 888 Φίλιππον
518 831 669 910 φωνΐιοαι
702 824 780 890 ὄντα
812 824 876 891 ὑπὸ
904 825 963 889 τείν
992 824 1092 890 ουκιίν
1118 819 1205 892 εἶδόν
1233 830 1317 894 σεδ

132 996 297 1082 Ἔλυσεν
325 1005 420 1111 αὐτῷ
448 1002 514 1103 τὴν
542 1003 708 1084 ὑπόνοιαν
738 1006 757 1084 ὁ
787 1003 924 1108 Σωτὴρ,
950 1007 1007 1084 καί
1036 1004 1098 1106 πρό
1126 1010 1190 1104 τῆς
1217 1015 1283 1086 τοῦ

50 1129 263 1206 5Φιλίππου
298 1125 519 1234 σοντεύξεώς
556 1162 595 1206 τε
632 1132 689 1207 καὶ
727 1130 869 1228 ὁμιλίας
905 1130 1093 1230 ἑωρακέναι
1126 1127 1282 1235 φάσκων

84 1246 192 1326 αὐτὸν
210 1251 275 1330 ύπδ
296 1248 348 1342 τόν
367 1251 478 1347 σοκην,
496 1252 609 1331 καίτοι
627 1249 676 1352 μὴ
694 1251 819 1355 παρών
836 1258 888 1360 τῷ
906 1253 1061 1349 στόματι.
1094 1253 1281 1358 χρησίμως

83 1405 120 1449 τε
152 1370 299 1478 σφόδρα
328 1378 386 1453 καὶ
413 1377 435 1475 ἡ
464 1374 558 1473 σοκὴ
590 1380 647 1455 καί
680 1377 700 1454 ὁ
732 1375 841 1460 τόπος
874 1375 1092 1478 ὀνομάζεται,
1120 1374 1187 1475 τὴν
1216 1385 1281 1456 τοῦ

82 1501 325 1599 τεθεωρῆσθαι
350 1498 476 1577 πίστιν
501 1497 609 1579 αὐτόν
630 1498 848 1600 ε’γγοοίμενα·
880 1500 901 1577 ὁ
928 1497 1000 1601 γὰρ
1027 1502 1185 1599 ἀκριβῶς
1211 1501 1280 1601 ἤδη

84 1618 209 1715 μαθων
227 1624 285 1700 καί
304 1620 346 1700 τὸ
364 1618 435 1700 σύν
454 1623 560 1729 αὐτῷ,
579 1622 726 1720 ἑτοίμως
744 1620 789 1701 ἂν
807 1621 1037 1730 παρεδέξατο.
1293 1657 1311 1700 e

33 1900 69 1939 10
109 1879 232 1961 Ῥαββί,
260 1881 297 1947 σὺ
325 1875 355 1947 εἷ
381 1883 399 1948 ὁ
427 1880 495 1949 υίὸα
522 1886 578 1947 τοῦ
606 1882 701 1963 Θεοῦ,
728 1884 766 1949 σὺ
794 1882 943 1960 βασιλεὺς
970 1875 1000 1948 εἷ
1025 1889 1083 1948 τοῦ
1104 1883 1251 1971 Ἰορανίλ.
1295 1903 1335 1965 50

139 2060 227 2143 Οίδε
255 2061 365 2161 μόνον
389 2063 475 2143 ὅντα
500 2067 653 2166 καρδιῶν
675 2062 861 2168 ε’ρευνητὴν
883 2061 948 2143 τὸν
971 2062 1078 2162 Θεὸν,
1100 2067 1212 2144 οὐδενὶ
1242 2064 1281 2145 δὲ

83 2185 189 2294 ἑτέρῳ
208 2194 280 2266 τῶν
298 2189 496 2288 ἀνθρώπων
514 2189 662 2267 δίδωσιν
679 2185 939 2293 ἐξεπίστασθαι
958 2196 1052 2285 νοῦν,
1066 2186 1108 2267 τὸ
1126 2189 1164 2267 ἐν
1177 2192 1280 2294 ψαλ-

83 2317 162 2407 μοῖς
188 2313 296 2390 ἐκεῖνο
325 2310 416 2390 κατὰ
443 2309 485 2390 τὸ
514 2308 605 2394 εἰκὸς
633 2309 889 2410 ἐνθυμούμενος
913 2322 933 2357 “
952 2310 1112 2414 Ἐτοίζων
1134 2309 1280 2415 καρδίας
1325 2319 1367 2435 fg
1378 2319 1422 2371 '¹’-

83 2446 105 2481 “
124 2437 182 2513 κοιὶ
202 2432 351 2539 νεφρούς
372 2437 392 2513 ό
412 2434 536 2519 Θεός.”
577 2438 625 2518 ὡς
650 2431 721 2537 γὰρ
747 2435 862 2514 οὐδενὶ
886 2440 959 2514 τῶν
977 2435 1106 2514 ἄλλων
1122 2434 1278 2539 προσὸν,
1360 2422 1367 2435 ’

29 2589 69 2647 15
82 2556 174 2664 μόνη
200 2564 244 2665 τῇ
270 2561 347 2664 θείᾳ
372 2557 482 2663 φύσει
510 2562 566 2637 καὶ
592 2568 699 2639 τοῦτο
725 2557 944 2664 ἐξαίρετονὸ
966 2557 1128 2667 μελῳδὸς
1149 2560 1310 2638 &vad-a
1336 2581 1447 2639 184ss

82 2687 207 2761 θεικεν.
247 2685 373 2762 οὐκοῦν
399 2685 435 2761 ἐν
458 2681 659 2788 ἀφθόγγοις
687 2683 738 2761 ε’τι
765 2686 1000 2784 ψιθυρισμοῖς
1023 2681 1089 2781 τὴν
1114 2680 1281 2762 ὑπόνοιαν

84 2808 179 2913 αύτῷ
207 2805 455 2912 στρεφομένην
479 2804 570 2885 κατὰ
597 2805 660 2884 τὸν
685 2813 769 2884 νοῦν
794 2807 935 2909 ἐπείπερ
962 2807 1052 2908 ἔγνω
1081 2812 1282 2907 θεωροῦντα

83 2927 147 3008 τὸν
173 2928 317 3030 Κύριον,
337 2927 558 3008 διδάσκαλον
579 2927 644 3026 μὲν
666 2928 768 3012 εὐθὺς
793 2931 978 3027 ἀποκαλεῖ,
997 2928 1189 3031 προθύμως
1213 2929 1281 3028 ἤδη

83 3050 148 3151 τὴν
176 3054 233 3132 ὑπ’
264 3054 360 3160 αὐτῷ
386 3054 580 3151 μαθητείαν
607 3052 809 3148 είσβαίνων,
836 3055 922 3132 Θειῧ
949 3051 987 3131 δὲ
1014 3052 1086 3131 Τίον
1114 3054 1286 3154 ὁμολογεῖ

28 3212 71 3252 20
85 3169 142 3254 καὶ
160 3177 317 3268 βασιλέα
334 3177 390 3255 τιό
407 3174 555 3282 Ἰσραηλ,
574 3172 670 3282 ᾧπερ
689 3173 734 3252 ἂν
752 3174 943 3279 ἐνυπάρχοι
967 3172 1013 3254 τὰ
1035 3179 1097 3274 τῆς
1116 3174 1283 3276 θεότητος

84 3299 164 3391 ίδια,
182 3308 310 3379 τοῦτον
328 3296 414 3379 εἷναι
431 3298 575 3382 πάντως
598 3302 656 3377 καί
682 3296 774 3378 κατὰ
800 3297 915 3403 φύσιν
934 3296 1030 3378 Θεὸν
1049 3300 1282 3386 εύσαιδεύτως

83 3423 407 3520 διαβεβαιούμενος.

1293 3545 1315 3608 b

105 3664 182 3728 “On
210 3657 301 3730 εἶπόν
328 3685 378 3729 σοι
405 3665 455 3730 ὅτι
509 3657 579 3731 ἷδόν
607 3687 643 3729 σε
669 3664 826 3730 ὑποκάτω
853 3671 909 3729 rste
937 3670 1044 3744 ουκίία,
1071 3665 1252 3745 morafiam
1294 3677 1330 3739 51

502 3789 599 3878 μείζω
624 3790 750 3855 τούτων
777 3789 864 3869 ὄψει.

29 3989 68 4049 25
137 3971 440 4075 Ἀσφαλείττερος
472 3971 539 4076 ἴση
571 3971 662 4074 πρὸς
690 3972 827 4068 πίστιν,
857 3973 982 4070 φησίν,
1014 3968 1101 4049 όταν
1129 3967 1204 4074 ’ίδης
1234 3967 1281 4048 τὰ

121 4192 143 4228 1.
156 4175 226 4243 παρὰ
241 4173 272 4228 Β.
285 4173 335 4228 ύπδ
348 4171 399 4227 Ed.
436 4194 462 4226 τι
475 4173 508 4226 Β.
521 4174 553 4227 τὰ
567 4172 616 4227 Ed.
690 4187 714 4226 ².
727 4174 772 4227 τὸν
785 4171 880 4242 Κύρων
893 4170 955 4224 B.D
965 4172 1069 4243 [113.πῷ
1083 4170 1168 4293 Κνρίη
1182 4169 1217 4224 D.
1227 4169 1279 4224 Ed.

83 4262 108 4315 3.
130 4244 277 4298 Praemittit
288 4242 427 4312 Ἀπεκρίθη
439 4241 541 4311 Ἰησοῦς
553 4243 595 4297 καὶ
607 4239 678 4297 εἶπεν
689 4243 757 4314 αὐτῷ
770 4241 822 4297 Ed.
835 4241 920 4296 invito
934 4240 966 4295 B.
1079 4255 1105 4310 5.
1124 4243 1146 4311 φ
1164 4262 1235 4294 σκων
1248 4240 1279 4294 Β.

82 4316 167 4386 λέγων
179 4314 230 4368 Ed.
309 4313 335 4367 6.
354 4315 400 4382 τὴν
412 4322 581 4383 assumptum
593 4330 624 4367 ex
639 4313 671 4367 B.
750 4330 775 4383 9.
795 4314 845 4367 σὺν
858 4312 945 4367 αὐτοῖς
958 4311 991 4365 Β.
1073 4328 1113 4366 10.
1134 4309 1281 4364 Praemittit

82 4386 220 4455 Ἀπεκρίθη
236 4385 374 4454 Ναθαναὴλ
391 4382 433 4439 καί
448 4382 519 4455 λέγει
533 4384 601 4455 αὐτῷ
615 4383 666 4437 Ed.
679 4382 762 4437 invito
777 4383 808 4437 Β.
865 4384 992 4445 βασιλεὺς
1004 4377 1030 4435 εί
1041 4381 1074 4436 Β.
1086 4378 1112 4436 εί
1125 4383 1140 4434 ό
1154 4381 1282 4440 βασιλεὺς

84 4456 135 4511 Ed.
240 4473 280 4510 12.
298 4460 349 4509 τῶν
360 4455 500 4523 ἀνθρώπων
514 4454 545 4507 Β.
558 4456 603 4508 τὸν
614 4454 749 4524 ιίνθριίνπον
762 4453 812 4509 Ed.
921 4469 965 4523 23.
984 4452 1133 4507 Praemittit
1143 4450 1281 4520 ’λπειιρίθη

83 4526 185 4595 Ἰησοῦς
198 4529 238 4580 καί
250 4524 321 4580 εἶπεν
332 4526 400 4596 αίπῲ
414 4524 465 4578 Ed.
479 4525 561 4577 invito
575 4523 608 4577 Β.
716 4541 759 4590 24.
778 4525 869 4594 μείζων
883 4523 915 4577 Β.
1201 4567 1203 4570 .
