3038 5018
244 275 308 337 110
546 274 586 340 ο.
609 273 820 341 cmm
850 275 1139 342 ALEXANDR.
1379 274 1401 338 i.
1414 295 1444 359 9.
1497 242 1502 248 ’

242 438 307 516 οῦκ
338 434 548 543 αῦτόχρημά
579 441 680 520 ἐστιν
709 441 731 539 ἡ
763 439 922 539 σύνεσις,
952 438 1053 520 ἀλλὰ
1082 444 1145 539 τῆς
1173 437 1445 542 ἐνυπαρχούσης

242 562 340 668 αὐτῷ
366 561 548 646 συνέσεως
576 564 765 667 ῦπονργός·
815 566 854 644 ἐν
882 566 1029 646 συνέσει
1059 563 1130 668 γάρ
1161 569 1232 643 εῖσι
1260 565 1318 642 καὶ
1348 563 1445 641 οὗτοι

242 682 397 765 συνετοί.
429 687 488 764 καὶ
515 686 536 765 ὁ
564 687 728 794 φωτίζειν
751 688 796 768 αὖ
820 688 933 769 πάλιν
955 689 1094 792 ἐτέρονς
1121 685 1231 785 εἰδὼς,
1253 687 1318 767 οῦκ
1340 688 1444 765 αὐτο-

243 808 371 912 κυρίως
396 805 441 888 ἂν
459 816 575 890 νοοῖτο
599 809 642 892 τὸ
668 817 758 918 φοῖς,
777 810 878 891 ἀλλὰ
903 809 1026 917 φωτὸς
1050 819 1115 892 τοῦ
1139 813 1177 891 ἐν
1201 812 1298 918 αὐτῷ
1325 813 1441 889 δανει-

242 929 345 1031 στὴς,
363 935 422 1011 καὶ
441 937 490 1018 εῖς
507 932 646 1038 ἐτέρους
663 933 750 1015 αὐτὸ
768 934 1020 1038 παραπέμπων
1039 939 1221 1033 διδακτοῖς,
1241 936 1300 1013 καὶ
1324 968 1441 1013 κοινο-
1458 964 1477 1022 5

243 1055 453 1156 ποιούμενος
470 1062 545 1142 τοῖς
566 1056 695 1143 ἅλλοις
719 1057 808 1161 ὅπερ
832 1059 981 1167 εἴληφεν
999 1056 1149 1161 ἀγαθόν.
1190 1055 1248 1136 διά
1266 1091 1321 1137 τοι
1338 1066 1446 1137 τοῦτο

191 1221 197 1235 ·
244 1177 411 1283 καὶπρὸς
429 1176 512 1265 τοῦς
530 1181 652 1283 ἁγίους
671 1181 902 1268 ἀποστόλους
919 1184 1064 1284 ἐλέγετο
1082 1181 1267 1283 ((Δωρεὰν
1286 1180 1444 1279 ἐλάβετε,

209 1314 267 1380 b“
284 1301 420 1408 δωρεὰν
450 1302 562 1383 δότε·”
604 1303 678 1385 ὅσα
707 1303 779 1408 γὰρ
810 1303 855 1406 ἦν
885 1308 923 1386 ἐν
950 1307 1070 1390 αὐτοῖς
1099 1304 1231 1406 ἀγαθὰ,
1258 1313 1372 1384 ταῦτα
1401 1302 1445 1403 δή

244 1416 389 1512 πάντως
416 1430 496 1508 ἐστὶ
519 1429 579 1508 καὶ
599 1427 789 1526 θεόσδοτα,
811 1432 869 1510 καῖ
895 1429 960 1509 οῦκ
988 1428 1033 1509 ἂν
1056 1427 1152 1512 όλως
1176 1430 1273 1513 ἰδίοις
1297 1431 1446 1530 ἀγαθοῖς

244 1553 267 1652 ἡ
286 1557 359 1631 τῶν
379 1551 579 1656 ἀνθρώπων
597 1551 842 1656 ἐναγλαῖζῖιιτο
861 1551 984 1661 φάσις,
998 1554 1083 1631 ἀλλ’
1103 1550 1182 1631 οῦδέ
1201 1552 1223 1651 ή
1241 1557 1314 1630 τῶν
1333 1553 1446 1653 ἁγίων
1462 1590 1498 1629 10

244 1674 423 1777 ἀγγέλων.
470 1673 562 1775 μετὰ
588 1674 661 1780 γὰρ
685 1684 749 1756 τοῦ
775 1680 974 1776 κεκλήσθω
996 1673 1088 1779 πρὸς
1114 1673 1271 1777 γένεσιν,
1297 1675 1446 1756 καὶτὸν

243 1807 308 1879 τοῦ
325 1805 403 1883 πῶς
420 1795 508 1879 εἶναι
526 1796 640 1902 λόγον
657 1798 811 1879 ἕκαστον
830 1805 902 1878 τῶν
920 1797 1035 1879 όντων
1053 1797 1152 1902 παρὰ
1172 1803 1267 1877 Θεοῦ
1285 1797 1367 1902 ἐχει,
1387 1803 1446 1877 καὶ

244 1920 346 2002 οῦδέν
377 1924 415 2003 ἐν
446 1923 565 2006 αὐτοῖς
597 1922 780 2006 οῦσιωδῶς
812 1920 1021 2027 ἐνυπάρχειν
1049 1919 1311 2016 διακεισόμεθα,
1343 1918 1363 1999 δ
1395 1922 1446 2020 μὴ

243 2045 359 2150 δῶρόν
374 2048 453 2126 ἐστι
471 2049 535 2146 τῆς
552 2052 616 2126 τοῦ
634 2046 825 2131 κτίσαντος
845 2047 1064 2154 φιλοτιμίας,
1082 2049 1141 2125 καὶ
1165 2041 1265 2148 ῥίζαν
1283 2039 1354 2149 ἔχει
1380 2044 1446 2142 τήν

214 2177 308 2250 ατοῦ
333 2167 664 2273 δημιουργήσαντος
689 2168 807 2274 χάριν.
854 2170 981 2250 οῦκοῦν
1006 2166 1194 2270 ἐπειδήπερ
1218 2171 1256 2247 ἐν
1277 2166 1446 2248 συνθέσει
1463 2207 1497 2266 15

243 2294 291 2374 τὰ
317 2291 461 2395 γενητὰ,
489 2299 568 2399 φῶς
595 2291 661 2391 μέν
688 2296 727 2372 ἐν
754 2294 874 2378 αὐτοῖς
901 2291 1002 2374 οῦδέν
1029 2292 1134 2373 ἐσται
1161 2293 1289 2397 κυρίως
1319 2327 1356 2371 τε
1387 2295 1446 2370 καὶ

244 2419 383 2508 ἁπλῶς,
404 2416 482 2516 ήτοι
500 2416 716 2514 ἀσυνθέτως,
734 2424 912 2515 μεθεκτῶς
930 2416 968 2498 δέ
987 2418 1046 2497 καὶ
1064 2423 1171 2497 τοῦτο
1190 2404 1338 2522 φορέσει
1356 2414 1447 2516 μετὰ

243 2547 316 2621 τῶν
339 2540 468 2620 ἄλλων
493 2543 552 2619 καὶ
578 2538 742 2636 λαβόντα
766 2539 865 2644 παρὰ
891 2547 999 2622 Θεοῦ
1040 2548 1118 2648 φῶς
1147 2540 1184 2620 δέ
1213 2541 1258 2619 αὖ
1285 2538 1327 2620 τὸ
1355 2543 1446 2640 άλη-

244 2662 354 2760 θινδν,
384 2660 426 2743 τὸ
459 2665 609 2772 φωτίζον
639 2666 751 2763 ἐστὶν,
784 2667 825 2745 οῦ
858 2663 901 2744 τὸ
929 2667 1012 2768 παρ’
1044 2667 1163 2768 ἑτερου
1193 2662 1444 2772 φωτιζόμενον,

245 2787 333 2892 ὅπερ
359 2789 458 2867 ἐστὶν
483 2789 504 2866 ὁ
528 2787 738 2890 Μονογενής
763 2790 801 2868 ἐν
826 2790 928 2894 ἁπλῇ
956 2791 1015 2867 καὶ
1043 2788 1229 2896 άσννθίτιρ
1258 2787 1447 2887 νοοόμενος
1462 2835 1502 2874 20

245 2910 365 3019 φάσει,
385 2908 537 3011 διπλόης
556 2909 628 3015 γὰρ
647 2910 794 3014 ἁπάσης
812 2911 855 2991 τὸ
872 2917 967 2992 θεῖον
985 2914 1179 3019 άποφοιτᾷ.

302 3039 374 3115 Καὶ
405 3042 519 3115 ταῦτα
550 3033 617 3133 μέν
645 3038 744 3141 τῇδε·
787 3033 901 3117 πάλιν
932 3034 969 3115 δέ
1001 3036 1086 3136 ἡμῖν
1104 3039 1177 3141 ἐρεῖ
1204 3036 1314 3140 τυχὸν
1348 3039 1368 3115 ὁ
1401 3040 1443 3116 δι’

245 3158 405 3244 ἐναντίας
425 3162 470 3238 Ei
488 3159 538 3258 μὴ
557 3164 636 3266 φῶς
656 3161 818 3264 ὑπῆρχον
837 3158 930 3240 κατὰ
948 3159 1062 3268 φάσιν
1080 3165 1113 3239 οῖ
1131 3158 1238 3262 ἅγιοι,
1258 3159 1316 3238 διὰ
1338 3161 1446 3239 ποίαν

213 3283 362 3361 ἀαίτίαν
393 3278 520 3364 αῦτοῦς
551 3281 631 3386 οῦχὶ
664 3281 784 3389 φωτὸς
818 3282 990 3363 ἀπεκάλει
1022 3281 1205 3386 μετόχους,
1234 3282 1336 3362 ἀλλὰ
1368 3291 1447 3387 φῶς

247 3402 425 3506 ὠνόμαζεν
452 3405 472 3482 ὁ
501 3403 629 3508 Σωτήρ
641 3437 652 3502 ;
692 3411 770 3489 πῶς
798 3402 836 3485 δέ
864 3405 1057 3512 ἐτεροφυής
1085 3407 1107 3505 ἡ
1135 3408 1253 3491 κτίσις
1281 3408 1329 3491 ὡς
1356 3406 1445 3510 πρὸς
1462 3444 1501 3503 ²5

246 3527 365 3624 αὐτὸν,
398 3531 429 3607 εί
465 3525 625 3632 καθάπερ
661 3528 768 3612 αὐτὸς
805 3527 1014 3629 ὠνόμασται
1049 3536 1141 3636 φῶς,
1175 3532 1267 3611 οῦτω
1305 3534 1363 3610 καὶ
1400 3531 1446 3611 τὰ

78 3677 200 3738 lb.v.14.
246 3649 401 3753 λογικός
434 3661 457 3698 “
469 3653 592 3750 Ὑμεῖς
609 3650 681 3756 γάρ
706 3654 789 3733 ἐστε
815 3661 878 3732 τοῦ
901 3652 1042 3751 κόσμον
1066 3652 1109 3734 τὸ
1134 3657 1246 3761 φῶς,”
1267 3656 1395 3756 ήκουον
1414 3662 1447 3735 οἱ

245 3776 414 3875 μαθηταί.
456 3775 508 3855 Τί
531 3772 652 3873 οὖν,ὦ
678 3775 872 3874 βέλτιστε;
903 3775 1016 3857 πάλιν
1039 3781 1185 3881 ἐροῦμεν
1207 3781 1311 3887 αὐτῷ·
1351 3783 1448 3857 Θεοῦ

246 3900 313 3979 υἱοὶ
338 3901 396 3978 καὶ
421 3902 493 3979 θεοῖ
518 3897 617 4003 παρὰ
640 3906 718 3984 ταῖς
743 3901 851 3986 θείαις
877 3899 1080 4000 κεκλήμεθα
1104 3908 1272 4009 γραφαῖς,
1292 3901 1382 3981 κατὰ
1404 3901 1447 3981 τό

247 4033 269 4070 “
287 4021 387 4125 Ἐγὼ
411 4019 493 4104 εἶπα
519 4024 609 4104 Θεοί
631 4026 713 4104 ἐστε
740 4026 798 4104 καὶ
824 4028 889 4105 υῖοῖ
917 4025 1076 4130 ὑψίστου
1102 4023 1231 4109 πάντες
1244 4026 1277 4122 ;”
1307 4021 1363 4128 ἆρ’
1384 4027 1447 4105 οῦν
1461 4054 1503 4111 30

247 4147 397 4257 άφέντες
422 4147 464 4227 τὸ
490 4143 577 4226 εἶναι
603 4147 695 4229 κατὰ
720 4148 847 4256 φάσιν,
867 4149 955 4254 ὅπερ
981 4145 1102 4249 ε’σμέν,
1121 4151 1179 4229 ἐπὶ
1205 4148 1271 4249 τήν
1290 4149 1386 4229 θείαν
1409 4184 1446 4229 τε

284 4328 311 4382 3.
328 4311 482 4380 αῦτοκυρίως
494 4310 574 4367 edidi.
587 4313 650 4367 αὐτὸ
663 4313 754 4382 κυρίως
766 4312 819 4368 Ed.
1001 4326 1026 4380 5.
1045 4314 1087 4368 καὶ
1099 4315 1173 4384 prius
1185 4324 1354 4384 assumptum
1368 4331 1399 4366 ex
1413 4313 1448 4367 B.

248 4382 275 4435 8.
294 4382 321 4435 ἐν
333 4399 386 4435 om.
400 4382 519 4451 Migna·
624 4402 650 4454 9.
670 4381 819 4454 ἐστδ]είναι
833 4383 865 4438 Β.
956 4400 996 4439 12.
1015 4387 1085 4454 παρὰ
1097 4388 1164 4438 θεοῦ
1175 4386 1231 4455 ἕχει
1243 4385 1294 4440 hoc
1307 4384 1400 4439 ordine
1414 4383 1448 4438 B.

251 4451 292 4505 18.
311 4452 352 4505 καὶ
364 4461 532 4523 assumptum
544 4472 577 4507 ex
591 4454 623 4508 B.
672 4453 704 4509 οὗ
716 4452 760 4525 τὸ]
774 4454 945 4524 οὐτὸῦιορ.
959 4455 992 4508 E.
1004 4454 1036 4509 οῦ
1049 4455 1124 4509 deest
1135 4456 1162 4508 in
1176 4455 1209 4509 B.
1327 4471 1368 4527 25.
1388 4454 1448 4509 ὀνο-

247 4523 334 4590 μάζον
346 4520 379 4576 Β.
488 4525 530 4577 28.
551 4528 617 4579 θεοῦ
629 4526 679 4580 υἱοὶ
691 4535 717 4580 et
728 4525 783 4580 θεοὶ
795 4525 864 4580 inter
877 4542 906 4579 se
918 4535 1096 4596 transponunt
1109 4525 1161 4581 Ed.
1174 4525 1257 4582 invito
1271 4527 1304 4583 B.
