3038 5018
92 293 256 378 v·37›38·
287 291 343 357 IN
373 291 407 356 s,
432 289 689 357 JOANNEM.
734 290 830 357 αις.
853 290 921 357 111.
966 290 1067 357 cAP.
1091 292 1139 357 11.
1226 294 1288 357 ιιι

92 458 113 534 5
140 460 222 559 περὶ
248 455 291 537 τδ
318 465 391 559 πῦρ
421 460 460 537 ἐν
486 464 538 566 τῷ
565 457 639 561 ὄρει
666 456 811 542 καπνός·
850 460 889 537 ἐν
915 456 1028 561 πυρός
1060 456 1097 538 δὲ
1129 455 1292 563 σχήματι

91 579 231 660 κάτεισι
267 579 310 660 τό
347 587 442 662 θεῖον
478 580 576 678 οῦτδ,
610 580 686 662 κατ’
723 581 833 660 ε’κεῖνο
871 578 915 681 δῇ
952 578 1116 679 μάλιστα
1152 588 1325 682 καιροῦ,1)
1380 614 1382 618 ·

90 702 299 806 πρεπόντως
330 738 368 785 τε
402 707 460 785 καὶ
496 704 697 807 ἀναγκαίως
733 705 780 811 τῇ
815 713 880 785 τοῦ
916 703 1128 808 πράγματος
1165 703 1287 810 φύσει.

90 827 161 908 ἔδει
191 826 263 934 γάρ
290 828 359 910 ἔδει
386 827 451 909 τὸν
479 834 528 914 εἰς
560 826 724 911 δουλείαν
751 830 811 909 καὶ
841 830 992 910 σύνεσιν
1020 829 1078 910 διά
1107 837 1172 909 τοῦ
1198 825 1290 928 με’λ·

59 963 221 1038 ὄλοντος
258 951 523 1056 ὁρισθῇσεσθαι
561 950 672 1050 νόμου
708 961 888 1034 καλοῦντα
923 951 987 1034 τδν
1013 951 1179 1057 Ἰσραὴλ,
1206 959 1288 1060 φω·

90 1073 221 1178 τιστῇν
253 1079 407 1180 ὁρᾶσθαι
439 1080 498 1156 καὶ
530 1074 730 1176 κολαστήν·
778 1078 891 1183 ἀμφω
923 1075 961 1156 δὲ
995 1085 1108 1158 ταῦτα
1139 1083 1292 1158 τελεῖται

91 1198 150 1280 διά
182 1199 305 1306 πυρός.
348 1199 450 1280 ἀλλὰ
480 1203 539 1282 καὶ
568 1208 590 1248 “
604 1203 733 1307 φωναὶ,
763 1204 890 1312 φησὶν,
918 1205 955 1278 ἀἱ
984 1205 1048 1298 τῇς
1080 1199 1290 1304 σάλπιγγος
1334 1207 1436 1339 {iffi-9·

91 1335 113 1371 “
130 1326 291 1426 ε’γίνοντο
319 1326 584 1429 προβαίνουσαι
615 1322 843 1429 ἰσχυρότεραι
878 1322 1057 1430 σφόδρα,”
1087 1325 1146 1405 ’ίνα
1177 1325 1291 1406 πόλιν

91 1448 176 1548 ἡμῖν
205 1450 351 1550 τοιαύτη
383 1484 437 1535 τις
468 1447 655 1550 νοημάτων
684 1448 916 1556 ἐξυφαίνηται
946 1448 1104 1548 δύναμις·
1147 1449 1288 1557 ε’ξεφω·

40 1569 183 1673 ιονὴθη
207 1573 272 1674 μὲν
297 1572 369 1678 γὰρ
397 1575 501 1654 καὶὸ
530 1572 636 1673 νόμος
660 1571 760 1676 παρά
781 1577 888 1671 Θεοῦ,
912 1572 1012 1672 πλὴν
1037 1574 1079 1654 οῦ
1107 1570 1290 1660 συντόνως

91 1698 130 1776 ἐν
160 1698 256 1803 ἀρχῇ
293 1697 352 1777 διὰ
383 1696 449 1798 τὴν
480 1703 555 1778 τῶν
586 1697 935 1800 παιδαγωγουμίνων
966 1698 1170 1796 ἀσθένειαν,
1204 1699 1322 1777 ἀλλό

92 1823 344 1926 ίσχνοφιόυως,
373 1823 416 1903 ἵν’
445 1824 557 1906 οῦτως
587 1821 685 1916 εἴπω,
716 1824 774 1901 καὶ
802 1823 869 1926 ούχ
896 1820 987 1922 ὅλην
1014 1821 1106 1926 ἔχων
1133 1819 1200 1923 τὴν
1226 1829 1291 1902 τοῦ

91 1945 331 2050 σαλπίζοντος
363 1945 525 2046 δύναμιν.
578 1944 633 2024 διδ
664 1942 709 2043 δὴ
746 1949 805 2026 καὶ
841 1944 1138 2048 βραδύγλωσσον
1166 1944 1292 2026 ἑαυτὸν
1337 1968 1461 2020 Ιαίταο.

91 2065 270 2173 ὠνόμαζεν
299 2071 319 2149 5
349 2073 525 2169 Μωυσῆς.
563 2069 823 2171 προβαίνοντος
850 2068 888 2150 δὲ
915 2077 979 2149 τοῦ
1006 2077 1141 2172 καιροῦ,
1167 2072 1225 2149 καὶ
1252 2071 1292 2150 ἐκ

39 2218 79 2279 ¹5
92 2196 156 2291 τῆς
185 2190 279 2273 κατά
309 2191 352 2273 πδ
383 2192 534 2295 γράμμα
563 2199 669 2277 σκιᾶς
698 2197 748 2277 εἰς
780 2190 1021 2292 πνευματικὴν
1050 2192 1291 2298 ἀναφέροντος

91 2318 260 2419 λατρείαν
278 2315 360 2401 ποῦς
377 2317 613 2402 πιστεύοντας
630 2323 678 2401 είς
698 2314 872 2422 Χριστόν,
893 2315 1121 2422 ἰσχυρότεραι
1142 2316 1292 2424 σφόδρα

91 2444 156 2539 τῆς
181 2440 276 2525 θείας
300 2438 508 2542 σάλπιγγος
531 2440 726 2547 ἐξέδραμον
749 2446 786 2521 αἱ
811 2444 938 2549 φωναὶ,
962 2449 1025 2521 τοῦ
1047 2441 1230 2547 ’σωτηρίου
1251 2475 1290 2521 τε

92 2567 152 2644 καὶ
187 2564 421 2667 εῦαγγελικοῦ
459 2565 687 2668 κηρύγματος
722 2572 849 2647 πᾶσαν
880 2564 1016 2668 τρόπον
1047 2564 1128 2646 τινὰ
1163 2599 1287 2668 περιη·

91 2696 240 2794 χοῦντος
267 2688 333 2791 τὴν
356 2689 571 2790 οἰκουμένην.
610 2690 651 2769 οῦ
679 2687 761 2792 γὰρ,
784 2687 946 2792 καθάπερ
973 2690 994 2768 5
1022 2688 1224 2790 λεπτοβόης
1251 2697 1325 2769 red

37 2845 81 2887 20
91 2814 149 2891 καὶ
181 2814 432 2920 σμικροκῇρυξ
461 2812 569 2912 νόμος
601 2818 650 2896 είς
682 2813 795 2913 μόνην
824 2810 890 2912 τὴν
920 2814 1101 2894 Ἰουδαίων
1128 2813 1290 2913 ἠκούσθη

91 2933 224 3038 χώραν,
251 2934 275 3036 ἢ
303 2940 361 3017 καὶ
389 2937 462 3019 ἀπὸ
490 2935 571 3017 Δάν
599 2941 657 3017 καὶ
689 2937 754 3022 ἕως
783 2935 975 3039 Βηρσαβεέ
1006 2935 1287 3039 κατηγγέλλετο,

91 3065 237 3154 μᾶλλον
255 3059 293 3140 δὲ
311 3072 333 3108 “
346 3065 395 3146 είς
420 3068 545 3142 πᾶσαν
564 3058 629 3160 τὴν
648 3066 717 3163 γῆν
735 3061 887 3168 ἐξῆλθεν
907 3063 926 3140 5
953 3060 1116 3163 φθόγγος
1140 3061 1288 3158 αύτῶν,”
1334 3057 1454 3185 {mm

92 3180 185 3263 καθά
213 3184 424 3287 γέγραπται.
469 3186 507 3266 τί
531 3183 568 3265 δὲ
596 3184 640 3284 δν)
668 3184 781 3265 πάλιν
807 3186 865 3264 ἐπὶ
892 3183 1055 3278 πούτοις;
1088 3194 1109 3230 “
1125 3187 1290 3284 Μωυσῆς
1335 3199 1417 3276 Εὲοᾶ·

92 3315 114 3351 “
132 3305 264 3404 ἐλάλει,
284 3311 409 3416 φησὶν,
429 3309 449 3388 5
468 3308 506 3388 δὲ
525 3305 618 3392 θεὸς
636 3307 849 3409 ἀπεκρίνατο
866 3309 964 3416 αύτῷ
983 3305 1121 3415 φωνῇ.”
1335 3280 1387 3314 m.
1400 3280 1438 3331 ¹⁹⁸

36 3455 79 3517 ²5
148 3429 287 3532 Δριμῦς
305 3432 402 3513 ε”στω
420 3429 533 3512 πόλιν
549 3439 622 3512 τῶν
640 3433 911 3535 εύμαθεστέρων
930 3434 950 3511 5
975 3440 1067 3528 νοῦς,
1085 3433 1291 3533 ε’πιτηρείτω

92 3554 131 3634 δὲ
169 3559 326 3657 ἀκριβῶς
363 3554 429 3656 τὴν
460 3564 535 3641 τοῖς
572 3558 677 3641 θείοις
713 3553 851 3657 λογίοις
882 3558 1034 3636 ε’νοῦσαν
1065 3551 1287 3662 ἀσφάλειαν.

91 3687 202 3759 λαλεῖ
215 3679 281 3775 μὲν
300 3677 371 3786 γάρ
389 3682 409 3760 5
431 3684 606 3779 Μωυσῆς,
626 3679 851 3783 ἀποκρίνεται
870 3677 908 3759 δὲ
926 3680 1040 3786 τούτῳ
1060 3676 1154 3762 Θεδς
1171 3683 1288 3784 φωνῇ,

91 3805 155 3883 οῦκ
174 3805 245 3910 ἰδίᾳ
261 3805 406 3888 πάντως
424 3809 540 3910 φωνῇ,
559 3813 665 3884 τοῦτο
690 3800 762 3906 γάρ
787 3804 829 3882 ού
854 3804 981 3908 φησὶν,
999 3803 1084 3881 ἀλλ’
1104 3804 1233 3886 ἁπλῶς
1252 3835 1319 3901 τε,

92 3931 150 4007 καὶ
176 3928 455 4027 ἀπολελυμένας
483 3933 598 4034 φωνῇ,
626 3933 672 4032 τῇ
700 3925 760 4008 διὰ
787 3923 923 4007 κτύπου
949 3923 1118 4031 ῥημάτων
1145 3928 1285 4026 ἀνθρω·

37 4081 79 4139 30
92 4052 286 4156 πινυῦτερον
312 4050 525 4158 παραδόξως
553 4051 832 4158 ἀποτελουμεῦῇ·
876 4055 957 4152 περὶ
984 4050 1023 4129 τί
1047 4046 1118 4150 γάρ
1146 4045 1190 4127 ἀν
1217 4053 1290 4129 τῶν

1334 3794 1371 3844 ct
1382 3809 1458 3859 supra

1333 3873 1375 3924 41·

130 4326 171 4377 ¹4·
185 4308 229 4364 ὀνο
256 4310 308 4376 ’ζον
321 4308 353 4363 Β.
429 4308 619 4434 Quom.
693 4304 1025 4376 21.xalalt.assumptum
1039 4302 1115 4357 exss.
1187 4301 1290 4370 ται-ὴν

91 4381 216 4451 γῇνίξῇλ
234 4378 429 4434 evhocordine
469 4420 476 4436 .
524 4379 607 4435 αῦτῦν
620 4378 652 4434 B.
664 4380 743 4433 αὐτοῦ
756 4375 807 4432 Ed.
821 4375 906 4447 (184.)
997 4390 1040 4445 23.
1058 4374 1097 4428 δεῖ
1109 4390 1158 4445 pro
1170 4372 1199 4426 δὲ
1211 4372 1242 4441 δῇ
1256 4372 1289 4430 Β.

93 4468 137 4519 24.
155 4454 240 4522 φησιν
250 4459 312 4505 ante
324 4453 438 4521 Μωυσῆς
450 4460 550 4520 ῑτοιιυρ.
565 4450 598 4507 Β.
706 4463 749 4521 25.
764 4447 840 4504 ε’στιν
851 4464 900 4519 pro
911 4447 981 4502 ἔστω
995 4444 1027 4500 Β.
1146 4457 1188 4516 27.
1206 4440 1291 4519 τούτῳ

93 4524 158 4580 θεὸς
170 4523 221 4577 hoc
234 4520 326 4577 ordine
340 4521 371 4576 B.
