3038 5018
91 272 135 339 iv.
148 273 200 361 38.
279 274 336 339 IN
366 276 399 339 S.
424 274 679 340 JOANNEM.
725 274 891 340 LIB.II.
937 275 1040 340 cAP.
1058 276 1099 339 V.
1225 277 1289 341 297

91 434 190 544 νόμιρ
208 438 452 536 δουλεύοντας,
472 441 531 519 καὶ
548 436 647 545 μόνη)
668 439 987 543 προσκαθημένους
1011 444 1063 547 τηῦ
1087 437 1286 541 γράμματι,

89 558 287 660 μεταθήσει
318 562 357 642 δέ
386 561 487 664 δίκην
518 559 734 665 δραγμάτων
763 568 811 647 εἰς
844 562 920 669 ἕξιν
947 597 985 643 τε
1017 567 1075 643 καί
1106 564 1290 642 πολιτείαν

89 682 337 785 εῦαγγελικὴν,
361 688 529 789 ἀποκερεῖ
553 685 590 765 δέ
619 686 748 783 ὁμοίως
771 685 950 765 πολυθέου
975 685 1040 784 μέν
1061 685 1203 785 πλάνης
1227 683 1290 766 τὸν

88 811 163 886 τῶν
186 806 347 888 εἰδῶλων
366 808 630 912 προσκυνητὴν,
648 809 807 909 μετοίσει
833 806 870 888 δέ
895 808 987 912 πρὸς
1011 810 1205 911 ἐπίγνωσιν
1227 817 1292 889 τοῦ

56 931 168 1016 5κατ’
189 931 361 1029 ἀλήθειαν
385 931 487 1016 ὄντος
512 935 698 1030 Θεοῦ,καί
721 923 763 1012 τό
787 932 939 1030 σύμπαν
958 936 1007 1017 ὡς
1033 933 1083 1012 ἐνι
1108 937 1167 1012 καί
1190 944 1287 1013 συλ-

91 1055 235 1154 λήβδην
252 1060 374 1154 εἰπεῖν,
391 1054 473 1141 τοῦς
491 1064 714 1162 φρονοῦντας
732 1056 782 1134 ἐτι
801 1055 846 1136 τῦ
865 1058 922 1135 ἐπί
940 1059 1004 1155 τῆς
1021 1060 1088 1158 γῆς
1111 1054 1203 1158 πρός
1225 1055 1291 1153 τὴν

90 1183 166 1258 τῶν
183 1175 354 1280 ἀγγέλων
370 1177 590 1280 μεταστήσω
607 1178 699 1282 ζωήν
717 1178 775 1258 διὰ
792 1180 949 1263 πίστεως
967 1185 1030 1278 τῆς
1048 1187 1096 1263 εἰς
1114 1179 1288 1282 Χριστόν.

148 1306 274 1382 Ταῦτα
291 1301 357 1400 μὲν
374 1303 430 1403 δή,
449 1307 575 1410 φησὶν,
595 1305 702 1382 ὁτῶν
721 1310 898 1406 θεριστῶν
916 1302 1148 1409 ἐξεργάσεται
1166 1304 1322 1405 λόγος.ὑ

91 1424 197 1505 ἔσται
224 1427 258 1505 δ’
288 1426 351 1506 οῦν
379 1426 475 1526 ὅμως
507 1427 571 1506 οῦκ
604 1428 760 1523 ἀμισθεὶ,
789 1424 939 1533 συνάξει
968 1426 1041 1529 γάρ
1074 1424 1118 1526 δή
1146 1427 1290 1511 πάντως

45 1579 78 1621 10
92 1548 210 1633 αὑτοῖς
235 1548 300 1630 τὸν
322 1558 365 1636 εἰς
390 1549 469 1660 ζωήν
489 1549 611 1630 αἰῶνιιν
634 1550 886 1655 ἀποτρέφοντιι
913 1555 1050 1656 καρπόν·
1090 1554 1148 1629 καί
1176 1551 1218 1629 οῦ
1246 1548 1290 1648 δή

90 1705 164 1752 που
188 1669 364 1764 λαβόντες
387 1673 489 1771 μόνοι
515 1671 598 1752 καθ’
622 1671 767 1756 ἐαυτοῦς
792 1670 1112 1778 εὐφρανθήσονται,
1135 1674 1218 1752 ἀλλ’
1243 1677 1292 1757 ὡς

91 1800 167 1878 τοῖς
202 1801 275 1876 τῶν
311 1801 511 1902 προφητῶν
543 1792 814 1895 ἐπικεκμηκότες
849 1797 983 1893 πόνοις,
1016 1802 1074 1875 καὶ
1110 1794 1173 1876 τὸν
1205 1799 1289 1900 παρ’

93 1917 234 1999 ἐκείνων
254 1917 574 2022 προγεωργηθέντα
599 1916 789 2025 θερίσαντες
813 1916 964 2020 σπόρον,
982 1919 1068 2015 μίαν
1086 1917 1156 1999 σῦν
1174 1921 1292 2005 αὐτοῖς

93 2042 343 2122 ε’πιτελείτουσι
373 2041 439 2140 τήν
467 2039 677 2143 πανήγυριν.
728 2038 826 2139 οἰμαι
859 2042 893 2118 δ’
924 2041 1037 2142 ἐγωγε
1068 2039 1132 2121 τὸν
1158 2043 1288 2147 σοφῶ·

45 2182 79 2243 15
94 2196 203 2244 τατον
223 2170 387 2262 Παῦλον,
405 2163 488 2249 τοῦς
506 2167 563 2244 ἐπὶ
582 2170 655 2248 τοῖς
671 2164 852 2262 μέλλουσι
871 2165 1003 2249 τόπους
1025 2164 1294 2264 ἐκμεμαθηκότα

93 2294 236 2394 σαφῶς,
269 2292 428 2370 ἐντεῦθεν
459 2295 569 2369 εἰπεῖν
600 2289 684 2390 περί
717 2321 755 2367 τε
788 2294 860 2367 τῶν
894 2287 1006 2388 ἁγίων
1039 2286 1202 2391 πατέρων
1234 2293 1293 2369 καί

92 2420 302 2519 προφητῶν,
335 2413 389 2493 ὅτι
422 2425 443 2462 “
461 2418 532 2495 Καὶ
571 2413 667 2491 οῦτοι
699 2411 829 2495 πάντες
866 2413 1107 2496 τελειωθέντες
1140 2413 1199 2493 διὰ
1229 2417 1292 2512 τῆς
1305 2455 1322 2498 ο
1336 2420 1449 2534 Ηθλζῑ·

93 2549 116 2587 “
134 2538 290 2622 πίστεως
318 2539 382 2617 οῦκ
409 2536 624 2634 ἐκομίσαντο
652 2533 718 2632 τὴν
741 2535 973 2637 ἐπαγγελίαν,
997 2544 1061 2616 τοῦ
1089 2542 1184 2616 Θεοῦ
1211 2540 1292 2638 περὶ
1336 2499 1430 2551 39›⁴·

93 2671 117 2708 ‘⁴
134 2660 235 2759 ἡμῶν
267 2660 426 2763 κρεῖττόν
458 2694 491 2739 τι
522 2656 839 2765 προβλεψαμένου,
872 2660 929 2739 ἵνα
965 2655 1016 2759 μή
1052 2664 1159 2763 χωρὶς
1193 2662 1293 2761 ἡμῶν

45 2805 82 2846 ²0
95 2795 117 2832 “
135 2784 411 2865 τελειωθῶσιν.”
464 2784 553 2879 ὁμοῦ
590 2781 662 2885 γὰρ
699 2786 827 2886 χρῆναι
864 2787 998 2889 χαίρειν
1030 2785 1239 2883 ἐδοκίμασεν
1272 2788 1292 2865 ό

96 2907 226 3010 Σωτήρ
252 2912 304 3016 τῷ
330 2902 599 3010 προεσπαριιότι
627 2904 690 2985 τὸν
713 2905 893 3008 θεριστήν.

90 3149 182 3225 Ἐτὼ
204 3150 382 3217 ἀπέστειλα
410 3150 494 3226 ὑμᾶς
520 3147 652 3237 θερίζειν
680 3149 697 3213 ὂ
726 3149 783 3234 οὑχ
812 3145 900 3224 ὑμεῖς
928 3149 1154 3211 κεκοπιάκατε·
1194 3147 1290 3213 ἄλλοι
1306 3154 1343 3225 38

146 3275 369 3354 κεκοπιάκασι,
392 3274 445 3339 καὶ
472 3270 562 3351 ὑμεῖς
589 3270 636 3338 εἰς
662 3273 718 3339 τὸν
741 3271 974 3342 κόπον,αιίτῶν
1000 3268 1242 3339 εἰσεληλύθατε.

145 3434 249 3537 Ἤδη
274 3435 315 3516 τό
341 3436 491 3533 σύμπαν
509 3437 628 3520 αὑτοῖς
653 3434 898 3515 ἀποκαλύπτει
921 3433 1207 3538 μυστήριον,καί
1228 3434 1295 3535 τήν

45 3583 82 3646 ²5
95 3559 338 3660 αἰνιγματώδη
356 3566 428 3638 τῶν
446 3555 568 3661 λόγων
583 3557 797 3658 ἀποστήσας
815 3556 1013 3661 περιβολήν
1031 3558 1295 3662 ἐναργεστάτην

94 3690 160 3763 τοῦ
188 3682 450 3783 σημαινομένου
478 3683 681 3785 παρίστησι
708 3679 773 3780 τήν
802 3682 969 3761 διάνοιαν.
1016 3680 1296 3789 φιλοπροφήτης

95 3805 134 3885 δέ
161 3804 211 3886 ῶν
236 3807 256 3884 ὁ
280 3805 407 3904 Σωτήρ
435 3811 494 3885 καὶ
522 3805 810 3911 φιλαπόστολος,
828 3807 908 3885 οὔτε
936 3805 999 3885 τὸν
1022 3807 1162 3884 ἐκείνων
1183 3804 1295 3883 πόνον

95 3928 166 4036 ἐξω
185 3933 249 4030 τῆς
271 3935 344 4008 τῶν
362 3929 581 4008 ἀποστόλων
599 3929 721 4028 τίθησι
746 3925 873 4031 χειρός,
892 3930 970 4007 οῦτε
994 3927 1066 4026 μὴν
1085 3926 1294 4028 ὁλοκλήρως

94 4052 262 4151 ἀπονέμει
299 4059 372 4135 τοῖς
409 4051 523 4152 ἁγίοις
559 4049 778 4134 ἀποστόλοις
813 4048 855 4130 τῦ
894 4052 951 4129 ἐπὶ
981 4057 1054 4134 τοῖς
1091 4047 1295 4147 μέλλουσιν

134 4298 157 4334 1.
176 4280 229 4366 αρ’
247 4302 308 4348 ματι
318 4297 369 4367 pro
381 4283 511 4349 γράμματι
526 4278 558 4333 Β.
692 4294 717 4332 2.
735 4277 901 4346 μετατιθήσει
916 4276 947 4331 Β.
1076 4294 1104 4400 3.
1123 4274 1245 4346 ἀποκείρη
1260 4276 1295 4333 Ι).

96 4352 122 4406 8.
141 4373 222 4405 ταυτα
260 4350 437 4418 .τουτηνΕὰ.
485 4351 516 4418 δή
529 4367 582 4404 om.
597 4348 629 4402 B.
718 4365 743 4418 9.
763 4348 868 4416 ἀμισθεὶ
884 4348 914 4402 Β.
928 4347 1103 4416 ἀμισθήςΕ.
1151 4348 1182 4416 δή
1194 4365 1248 4401 om.
1265 4348 1295 4403 Β.

99 4439 140 4492 13.
160 4422 209 4475 σὺν
221 4430 389 4491 assumptum
403 4439 435 4474 ex
451 4420 482 4472 B.
569 4438 609 4488 ¹9·
628 4419 856 4489 περιβλεψαμένου
871 4419 902 4473 B.
984 4435 1025 4487 23.
1044 4418 1115 4486 ὑμεῖς
1127 4428 1296 4490 assumptum

96 4510 128 4546 ex
145 4491 176 4545 Β.
286 4508 328 4558 24.
346 4490 522 4545 ἀποκαλύπτει
537 4491 567 4545 Β.
581 4490 753 4545 ἀνακαλῶπτει
767 4487 817 4543 Ed.

142 4593 212 4637 von.
229 4594 253 4637 1.
635 4630 637 4635 .
678 4592 736 4655 οη
