3038 5018
100 286 121 351 i.
137 309 167 375 3.
299 292 356 358 IN
385 293 699 358 S.JOANNEM.
746 291 841 356 LIB.
865 290 894 354 1.
939 290 1041 354 CAP.
1065 288 1107 355 V.
1257 289 1299 353 67

102 452 295 554 γεννήματι
320 458 450 557 λέγων·
487 458 546 538 ἵνα
564 456 656 542 Θεὸς
674 460 712 537 ἐκ
731 463 827 536 Θεοῦ
851 459 973 554 νοῆται
998 451 1089 534 κατὰ
1115 450 1298 553 ἀλήθειαν,

103 576 145 654 οῦ
172 575 332 683 καθάπερ
357 580 456 679 ἡμεῖς
481 584 669 680 ἐπίκτητον
687 581 779 686 ἔχων
795 576 863 680 τὴν
878 576 1138 682 προσηγορίαν,
1157 578 1215 656 καὶ
1241 574 1300 655 διὰ

103 697 214 800 μόνης
231 701 315 802 ἡμῖν
327 703 619 807 προσγενομένην
632 703 788 809 χάριτος,
804 704 896 786 κατὰ
914 704 956 787 τό
971 701 1102 807 “Ἐγὼ
1119 699 1201 782 εἶπα
1211 700 1303 781 Θεοί
1312 729 1330 772 e
1343 705 1423 822 ¹2¹5·
1432 770 1458 823 ⁶·

105 832 126 870 “
143 826 227 905 ε’στε
251 829 311 905 καὶ
338 831 405 908 νίοὶ
433 829 594 935 ὑψίστου
620 828 781 913 πάντες.”
830 835 859 910 εί
887 829 959 934 γάρ
987 827 1103 910 πάντα
1132 821 1172 906 δι’
1200 825 1300 904 αὑτοῦ

76 945 237 1048 δι’γέιετο,
255 947 374 1054 ἕτερος
396 948 442 1031 άν
460 951 514 1052 εἴη
532 958 604 1057 τῶν
621 950 767 1033 πάντων
785 951 903 1038 αι’πάς·
940 956 978 1033 ἐν
995 949 1067 1055 γάρ
1092 956 1143 1058 τῷ
1168 947 1298 1045 πάντα,

105 1068 204 1150 οῦδέν
227 1074 329 1154 ε’στιν
350 1073 371 1155 ῦ
394 1073 446 1175 μή
470 1078 509 1156 ἐν
532 1084 606 1162 τοῖς
630 1083 745 1157 πᾶσιν
768 1076 902 1180 ὁρᾶται,
943 1074 1067 1179 ὥσπερ
1091 1074 1163 1155 οὖν’
1176 1073 1300 1172 άμίλει

104 1197 161 1274 καί
183 1197 204 1275 ὁ
225 1194 398 1301 μακάριος
419 1204 568 1284 Παῦλος
591 1202 685 1282 οὕτω
708 1198 751 1281 τὸ
770 1201 901 1281 Πάντα
926 1199 1061 1301 νοήσας
1085 1199 1297 1303 εὑρίσκεται·

104 1317 221 1418 ἐπειδὴ
239 1319 311 1425 γάρ
329 1324 367 1402 ἐν
383 1326 449 1430 μιᾷ
466 1357 538 1404 που
556 1330 628 1403 τιῦν
646 1325 861 1423 ἐπιστολῶν,
875 1323 938 1405 τὸν
951 1326 1031 1427 περὶ
1047 1331 1113 1403 τοῦ
1132 1324 1300 1424 Σωτῆρος

104 1441 204 1541 ἡμῶν
230 1445 381 1526 ἐποιεῖτο
409 1444 535 1550 λόγον,
563 1446 682 1529 πάντα
709 1482 748 1528 τε
775 1448 936 1553 ἔφασκεν
963 1443 1200 1550 ὑποτετάχθαι
1231 1441 1300 1523 ὑπὸ

63 1564 185 1650 τοτοῦς
211 1566 326 1652 πόδας
353 1571 472 1667 αὑτοῦ,
492 1577 613 1655 καλῶς
640 1606 682 1674 γε
709 1569 858 1676 σφόδρα
883 1577 996 1653 ποιῶν
1020 1569 1176 1678 ἐπιφέρει
1199 1577 1221 1616 “
1234 1569 1302 1647 Ἐν
1346 1580 1451 1697 gleb-ii·

104 1699 127 1737 “
143 1689 218 1792 γὰρ
234 1696 286 1799 τῷ
304 1698 412 1774 είπεΐν
429 1692 474 1773 τῦ
492 1692 622 1792 πάντα,
636 1694 737 1777 οὐδὲν
755 1697 893 1802 άφῆκεν
911 1696 1008 1804 αὐτῷ
1025 1689 1299 1776 άννπότακτον.”
1364 1683 1370 1697 ’

104 1813 231 1894 οῦκοῦν
248 1814 436 1920 ἐπειδήπερ
456 1816 503 1898 τά
523 1816 643 1898 πάντα
660 1822 877 1920 γεγενῆσθαι
895 1820 938 1899 δι’
957 1824 1049 1899 Υίοῦ
1072 1815 1332 1916 πιστεῦομεν,ο
1371 1837 1415 1892 45
1427 1835 1468 1890 A.

104 1937 169 2016 οῦκ
187 1934 233 2016 ἂν
250 1935 360 2019 αῦτὸν
376 1936 440 2020 ἕνα
458 1947 530 2020 τιῦν
547 1940 692 2035 πάντων
711 1938 799 2022 εἶναι
816 1938 1019 2041 νοήσαιμεν,
1039 1940 1125 2020 ἀλλ’
1144 1939 1215 2046 ἕξω
1237 1936 1302 2037 μὲν

104 2065 245 2142 κεῖσθαι
267 2058 414 2143 πάντων
434 2064 662 2166 λογιούμεθα,
686 2068 751 2163 τῆς
778 2062 815 2143 δὲ
841 2072 915 2144 τῶν
937 2069 1095 2167 γεννητῶν
1116 2064 1299 2164 ἀποδιορί-

60 2221 92 2281 ¹5
104 2182 222 2287 ζοντες
244 2185 389 2289 φύσεώς
412 2221 451 2266 τε
476 2189 534 2268 καὶ
557 2187 741 2285 ὃμοειδίας,
760 2185 862 2267 οὐδὲν
878 2184 997 2291 ἕτερον
1014 2183 1102 2266 εἶναι
1121 2182 1259 2282 λοιπὸν,
1276 2181 1301 2285 ί)

105 2306 202 2389 Θεῦν
229 2310 268 2388 εἰς
293 2316 390 2389 Θεοῦ
417 2309 508 2390 κατὰ
536 2309 650 2418 φύσιν
678 2308 965 2412 ὁμολογήσομεν.
1015 2308 1054 2389 τί
1077 2311 1148 2411 γὰρ
1176 2307 1221 2388 οἷν
1247 2342 1301 2394 τις

104 2433 183 2532 δοίη
205 2429 248 2513 τῦ
272 2431 409 2540 μεταξὺ
427 2439 524 2514 Θεοῦ
549 2437 607 2514 καὶ
632 2435 794 2533 κτίσεως,
811 2436 870 2513 καί
896 2434 938 2514 οῦ
961 2430 1053 2513 κατὰ
1078 2432 1191 2535 λόγον
1210 2435 1303 2540 φημὶ

104 2553 170 2636 τὸν
188 2560 252 2656 τῆς
277 2557 414 2642 οὐσίας·
453 2555 551 2639 πολὺ
574 2556 646 2661 γὰρ
670 2555 712 2637 τὸ
736 2557 886 2664 μεταξύ·
927 2555 1019 2638 κατὰ
1042 2555 1156 2658 μάνην
1176 2555 1214 2637 δὲ
1237 2556 1304 2655 τήν

104 2678 224 2781 ε’τέρον
248 2675 343 2765 τινῦς
367 2687 441 2760 τῶν
465 2680 588 2777 ὄντων,
613 2683 661 2764 ὡς
685 2681 723 2759 ἐν
741 2679 874 2781 νοήσει,
894 2681 1022 2778 θέσιν;
1058 2676 1082 2780 ἢ
1108 2686 1212 2761 ποῖον
1232 2679 1304 2788 ἕξει

52 2800 218 2888 ιοτάπον
243 2801 363 2907 ἕτερον
391 2804 411 2883 ὁ
440 2803 537 2902 Υἱὸς,
565 2800 730 2904 τὴντῶν
759 2801 969 2904 ποιημάτων
997 2802 1112 2910 φῦσιν
1140 2804 1301 2907 ῦπερκεί·

104 2960 221 3026 μενος,
247 2933 393 3027 μᾶλλον
420 2927 458 3009 δὲ
485 2927 592 3011 αι’πὸς
619 2924 790 3033 ῦπάρχων
819 2929 839 3006 ὁ
866 2924 1040 3026 ποιητής;
1083 2924 1207 3029 γέγονε
1238 2926 1337 3026 μένΙ)

104 3050 176 3154 γάρ
203 3048 251 3130 τὰ
276 3050 396 3132 πάντα
423 3051 466 3131 δι’
488 3052 606 3149 αῦτοῦ,
629 3053 678 3135 ὡς
705 3048 764 3130 διὰ
792 3047 983 3147 δυνάμεως,
1008 3050 1056 3132 ὧς
1083 3047 1142 3128 διά
1169 3049 1304 3155 σοφίας

104 3184 169 3254 τοῦ
197 3180 293 3255 Θεοῦ
321 3179 380 3255 καὶ
410 3173 566 3279 Πατρῦς,
595 3175 659 3255 οῦκ
686 3174 725 3252 ἐν
752 3178 797 3278 τῇ
828 3171 940 3278 φάσει
967 3178 1032 3256 τοῦ
1061 3171 1304 3273 γεννήσαντος

106 3299 362 3401 κρινττομένης,
390 3298 516 3402 ὥσπερ
546 3298 609 3378 οῦν
636 3297 699 3378 καί
722 3298 802 3377 ἐστι
830 3298 889 3378 καὶ
915 3297 955 3377 ἐν
981 3293 1160 3403 άνθρτῦπιρ
1191 3292 1304 3401 τνχῦν

53 3420 128 3521 257}
160 3421 413 3527 ε’νιατάρχονσα
445 3423 541 3529 αῦτιρ
572 3421 689 3528 σοφία
719 3424 778 3501 καὶ
810 3419 968 3519 δυ’ναμις,
999 3417 1085 3499 ἀλλ’
1116 3420 1211 3504 ἰδίοις
1238 3417 1305 3520 μὲν

104 3549 165 3627 καὶ
197 3549 280 3628 καθ’
315 3543 443 3646 ἑαυτήν
475 3545 703 3652 ὑφεστώσης,
732 3543 1012 3648 προκιπττοάσης
1046 3543 1081 3623 δ’
1114 3543 1179 3623 οὖν
1208 3543 1304 3644 ὅμως

103 3669 197 3750 κατὰ
218 3667 282 3751 τὸν
300 3671 455 3776 άῤῥητον
472 3673 536 3768 τῆς
560 3668 760 3772 γεννήσεως
784 3665 921 3772 τρόπον
938 3668 977 3747 ἐκ
996 3662 1152 3769 Πατρός,
1169 3666 1228 3746 ἵνα
1245 3670 1304 3747 καὶ

104 3798 230 3892 νοῆται
248 3793 340 3875 κατὰ
356 3795 528 3894 ἀλήθειαν
546 3791 717 3898 ὑπάρχων
734 3791 863 3894 Υίῦςή
885 3791 1002 3898 σοφία
1025 3792 1085 3871 καί
1109 3789 1133 3889 ἡ
1157 3788 1304 3890 δύναμις

103 3926 169 3998 τοῦ
190 3915 346 4021 Πατρός.

53 4073 93 4130 30
161 4041 270 4121 Ἀλλ’
286 4047 315 4121 εί
334 4043 393 4121 καὶ
410 4039 528 4121 πάντα
545 4033 585 4120 ίί
606 4040 706 4120 αὑτοῦ
725 4037 943 4141 γεγενῆσθαί
958 4041 1075 4144 φησιν
1092 4037 1113 4115 ὁ
1131 4030 1332 4137 μακάριοςο

106 4161 395 4268 Εὐαγγελιστὴς,
413 4161 515 4244 οὐδὲν
532 4160 629 4262 οἶμαι
653 4159 696 4242 τῦ
720 4159 864 4258 βλάβος
887 4165 961 4244 τοῖς
981 4161 1063 4263 περὶ
1080 4157 1189 4237 αῦτοῦ
1207 4189 1300 4260 προ·

141 4405 168 4463 5.
185 4388 282 4461 πάντα]
296 4391 328 4445 τὰ
339 4389 421 4444 πάντα
435 4388 467 4442 Β.
597 4387 624 4441 8.
641 4407 692 4440 που
704 4385 732 4439 ε’ν
742 4385 787 4453 μιᾷ
799 4382 905 4436 inverso
916 4381 1009 4437 ordine
1023 4381 1056 4437 B.
1186 4396 1230 4453 13.
1246 4379 1303 4450 νοή·

106 4485 200 4531 ααιμεν
212 4462 246 4517 B.
258 4460 391 4529 νοήσωμεν
403 4458 454 4513 Ed.
553 4473 596 4525 24.
609 4457 657 4510 ’καί
668 4455 743 4526 prius
754 4458 924 4523 assumptum
936 4469 968 4508 ex
983 4453 1015 4510 Β.
1111 4463 1155 4523 25.
1174 4450 1256 4521 ήοῐη.
1269 4451 1302 4506 Β.

108 4535 151 4588 28.
170 4533 185 4600 ἡ
197 4535 242 4586 alt.
255 4539 424 4601 assumptum
436 4547 469 4583 ex
483 4528 516 4582 B.

680 4627 738 4676 112
