3038 5018
238 304 304 367 566
542 305 582 370 Β.
605 304 817 371 OYRILLI
846 303 1134 371 ALEXANDR.
1337 299 1446 368 ma.

240 464 358 574 τάξαι,
376 471 434 548 καί
458 468 508 568 μῆ
535 472 573 549 ἐν
590 473 709 568 δυσὶν,
729 468 752 570 ἢ
777 474 909 574 τρισίν,
928 472 967 551 ἐν
986 470 1024 550 δὲ
1048 476 1093 576 τῇ
1117 469 1306 576 νουμηνίᾳ,
1327 471 1388 546 καί
1406 467 1449 545 ού

241 591 351 690 μηνὸς
370 593 497 677 ἁπλῶς
515 602 579 673 τοῦ
597 593 779 699 τυχόντος,
798 592 900 674 ἀλλά
918 603 983 675 τοῦ
1005 594 1174 697 πρώτου,
1204 592 1358 690 πολλῆν
1374 589 1449 693 γὰρ

241 714 353 800 ὅντως
380 716 464 816 ἡμῖν
491 717 537 798 τά
567 728 713 799 τοιαῦτα
746 723 804 798 καί
836 719 939 818 μάλα
970 716 1115 802 εἰκότως
1148 715 1349 816 ἐμποιῆσαι
1382 712 1450 813 τῆν

240 839 403 942 ζῆτησιν,
433 840 551 941 ἐπειδὴ
588 848 662 921 τῶν
693 843 885 944 εἰρημένων
918 850 997 926 ταῖς
1029 844 1137 926 θείοις
1173 845 1337 944 γραφαῖς
1374 843 1450 916 τῶν

240 965 380 1043 εἰκαίων
416 964 528 1044 οὐδέν.
585 967 724 1045 οῦκοῦν·
769 964 935 1071 ἑψόμεθα
971 964 1044 1069 γὰρ
1079 972 1154 1049 τοῖς
1187 964 1327 1044 ἑαυτῶν
1364 966 1478 1064 περίὅ

239 1085 377 1167 τούτων
404 1086 542 1188 λόγοις·
578 1089 600 1188 ἡ
630 1089 851 1189 ἀνισταμένη
879 1087 998 1189 σκηνὴ
1025 1088 1068 1168 τὸ
1095 1086 1200 1190 ἅγιον
1226 1093 1340 1185 σῶμα
1369 1120 1447 1185 ση-

240 1211 355 1306 μαίνει
386 1215 552 1313 Χριστοῦ
585 1215 654 1308 καί,
690 1211 748 1291 ἰνα
785 1214 897 1295 οὕτως
929 1212 1027 1309 εἰπω,
1058 1210 1126 1312 τῆν
1157 1211 1288 1310 σύμπη
1382 1217 1449 1288 τοῦ

70 1339 194 1470 §effi-9⁹²
240 1334 358 1433 τιμίου
384 1332 540 1433 σκήνους
566 1335 685 1431 αῦτοῦ,
715 1337 753 1414 ἐν
780 1331 810 1442 ᾧ
840 1333 1019 1434 ηῦδὸκησε
1052 1338 1264 1434 κατοικῆσαι
1296 1339 1376 1413 πᾶν
1405 1329 1449 1411 τδ

205 1456 422 1560 ἰοπλῆρωμα
439 1461 503 1556 τῆς
521 1456 687 1556 θεότητος
706 1464 930 1555 σωματικῶς·
962 1459 1183 1537 ἀνίστασθαι
1198 1455 1315 1558 γεμῆν
1331 1455 1450 1556 αῦτῆν

240 1583 279 1659 ε’ν
296 1581 411 1687 ἡμέρᾳ
436 1580 569 1660 κελεύει
593 1585 670 1686 μιᾷ,
691 1583 749 1660 καί
774 1588 882 1661 τοῦτο
907 1579 951 1680 δὴ
975 1579 1140 1680 μάλιστα
1165 1587 1295 1686 σοφῶς
1319 1614 1363 1660 τε
1388 1582 1449 1659 καί
1464 1613 1499 1654 ιο

240 1709 479 1799 οἰκονομικῶς,
505 1703 564 1783 ἵνα
592 1703 651 1783 διὰ
677 1709 742 1803 τῆς
769 1711 853 1802 μιᾶς
880 1704 1011 1807 ἡμέρας
1037 1704 1102 1784 τόν
1126 1710 1238 1784 αἰῶνα
1266 1710 1353 1808 νοῇς
1383 1701 1449 1783 τόν

239 1827 465 1926 ἐνεστηκότα,
480 1829 560 1905 καθ’
579 1824 622 1906 δν
640 1830 699 1905 καί
717 1826 829 1925 μόνον
847 1826 995 1930 γέγονεν
1013 1828 1213 1930 ἅνθρωπος.
1247 1829 1449 1926 νουμηνίαν

240 1949 354 2052 γεμῆν
372 1949 473 2030 οῦδὲν
492 1950 612 2054 ἕτερον
630 1951 723 2050 ἡμᾶς
746 1950 946 2032 ἀκόλουθον
965 1955 1108 2048 ἐννοεῖν,
1130 1949 1151 2052 ῆ
1170 1950 1237 2051 τῆν
1254 1953 1447 2031 ἀνακαινί-

146 2103 185 2116 ··
239 2071 374 2174 ζουσαν
407 2073 499 2171 ἡμᾶς
531 2081 596 2153 ταῦ
630 2077 799 2175 Σωτῆρος
830 2076 1029 2173 ἐπιδημίαν,
1062 2075 1146 2154 καθ’
1179 2073 1225 2173 ἣν
1256 2085 1281 2123 “
1298 2073 1349 2153 τὰ
1383 2072 1451 2174 μὲν

240 2207 262 2245 “
280 2199 413 2302 ἀρχαῖα
441 2201 617 2298 παρῆλθε,
645 2196 772 2299 γε’γονε
800 2195 838 2276 δὲ
865 2195 912 2277 τά
938 2195 1058 2279 πάντα
1084 2196 1223 2278 καιναί.”
1264 2197 1346 2283 νέος
1375 2196 1450 2302 γὰρ
1466 2224 1500 2285 15

240 2321 325 2421 ἡμῖν
347 2321 533 2426 ἀνεδείχθη
559 2318 679 2422 καιρὸς
707 2323 745 2400 ἐν
763 2325 928 2429 Χριστῷ,
944 2320 1011 2421 τῆν
1034 2322 1101 2421 μὲν
1122 2321 1357 2420 παλαιότητα
1385 2328 1451 2423 τῆς

208 2449 387 2543 οναμικῆς
404 2447 573 2548 λατρείας
590 2445 843 2551 ἐξωθούμενος,
861 2450 910 2531 εἰς
935 2445 1016 2526 νέαν
1032 2444 1071 2525 δὲ
1096 2447 1155 2525 καί
1181 2441 1307 2543 καινῆν
1327 2448 1447 2549 ἀναῤ-

239 2567 417 2672 ῥυθμίζων
435 2566 528 2670 ζωῆν
546 2565 605 2647 διὰ
627 2575 700 2647 τῶν
719 2571 962 2670 εῦαγγελικῶν
980 2567 1240 2667 παιδευμάτων,
1258 2567 1366 2647 ἀλλὰ
1388 2573 1450 2648 καί

73 2692 194 2822 galbam.
239 2690 323 2778 τοῦς
340 2692 656 2788 πεπαλαιωμεῦους
680 2693 723 2798 ἐξ
745 2692 920 2795 ἁμαρτίαις
939 2696 998 2772 καί
1016 2695 1227 2798 ἀφανισμοῦ
1246 2695 1450 2796 γεγονότας

238 2813 346 2918 ἐγγῦς
363 2814 594 2916 ἀνακαινίζων
611 2820 661 2899 εἰς
679 2815 906 2914 δικαιοσύνης
925 2814 1125 2920 ἀρχὴν,καί
1142 2814 1210 2914 τὴν
1222 2814 1290 2913 μὲν
1306 2828 1449 2896 παλαι-
1464 2849 1502 2890 ιο

238 2938 350 3040 ότητα
366 2937 557 3019 καταλύων
575 2942 639 3036 τῆς
662 2935 878 3018 ε’πεισάκτου
903 2944 1116 3045 φθορᾶς,τῆ
1140 2937 1178 3017 δὲ
1202 2943 1267 3037 τῆς
1291 2941 1447 3044 ἀφθαρ-

238 3065 323 3149 σίας
350 3061 530 3162 καινότητι
557 3060 856 3167 καταφαιδρύνων
881 3061 965 3147 τοῦς
992 3060 1052 3141 διά
1079 3063 1238 3147 πίστεως
1269 3066 1317 3145 εἰς
1352 3061 1451 3165 ζωὴν

238 3185 507 3291 ἀναδραμόντος
532 3184 599 3284 τῆν
625 3183 780 3264 αἰῶνιον·
820 3195 842 3233 “
856 3184 890 3264 εἰ
913 3219 967 3270 τις
994 3183 1066 3290 γάρ
1093 3186 1132 3264 ἐν
1150 3189 1315 3291 Χριστῷ,
1340 3184 1449 3286 καινῆ

240 3321 262 3358 “
280 3311 427 3407 κτίσις,”
448 3307 539 3389 κατὰ
556 3307 599 3388 τὸ
616 3306 875 3412 γεγραμμένον.

298 3438 397 3533 Μηνί
434 3432 473 3512 δὲ
512 3439 565 3540 τῷ
607 3431 750 3540 πρῶτιρ,
787 3429 855 3531 τῆν
892 3431 991 3511 θείαν
1026 3432 1227 3534 ἐγείρεσθαι
1262 3430 1450 3514 διατάττει
1465 3463 1504 3524 ²5

206 3556 390 3658 ἀσκηνῆν,
409 3557 468 3636 ὅτε
492 3561 556 3654 τῆς
579 3560 714 3657 τροπῆς
738 3560 803 3654 τῆς
828 3558 967 3659 ἐαρινῆς
992 3555 1197 3654 ἀναλάμπει
1220 3551 1263 3633 τδ
1286 3553 1447 3652 κάλλος,

239 3680 512 3787 ἀπονιψάμενον
530 3677 655 3781 ὥσπερ
679 3687 743 3757 τοῦ
769 3684 943 3782 χειμῶνος
960 3677 1027 3778 τῆν
1044 3677 1252 3784 κατήφειαν,
1271 3677 1445 3758 ῦποθάλ-

236 3842 343 3890 πεται
361 3805 400 3884 δὲ
416 3810 589 3904 μαλακῶς
608 3800 870 3906 λαμπροτέροις
887 3799 957 3901 ἤδη
976 3805 1035 3881 καί
1058 3799 1318 3905 καθαρωτέροις
1343 3801 1367 3900 ἡ
1394 3808 1448 3903 γῆ

274 4010 300 4064 3.
320 3989 411 4062 ἰμποιῆ
462 3990 496 4045 Β.
604 4007 629 4055 4.
648 3988 956 4055 on'masuumptumex
970 3985 1003 4041 B.
1053 3992 1105 4042 τῶν
1117 3986 1218 4041 εἰκαίαν
1231 3985 1264 4039 Β.
1277 3985 1376 4041 εἰκαῖον
1389 3986 1446 4044 Ed.

237 4078 264 4132 5.
283 4013 457 4134 ὄφῶμεθοΒ.
517 4063 608 4130 λόγοις
619 4058 678 4127 περὶ
690 4054 787 4110 τούτων
799 4055 906 4109 inverso
919 4057 1012 4112 ordine
1025 4056 1059 4111 B.
1187 4056 1204 4110 6
1216 4065 1242 4111 αι
1257 4071 1344 4124 11-14
1356 4067 1384 4111 et
1398 4059 1447 4124 26,

239 4146 273 4176 ’θ
285 4133 384 4188 nirtim
396 4131 460 4186 citat
472 4129 591 4199 Nikeph.
604 4127 622 4180 i.
636 4144 697 4198 949.
793 4123 819 4177 6.
839 4126 971 4199 σημαίνει]
988 4134 1017 4192 -Ι-
1032 4131 1078 4183 τοῦ
1092 4126 1211 4251 Nikegh.
1306 4126 1334 4182 8.
1353 4149 1446 4182 κατοι-

363 4219 383 4257 ς,
397 4203 432 4256 1).
513 4218 538 4269 9.
558 4198 636 4266 αὐτὴν
647 4207 816 4266 assumptum
830 4213 862 4249 ex
876 4195 909 4249 B.
995 4215 1036 4254 ιο.
1056 4201 1197 4269 σοφῶς.
1282 4212 1324 4250 ις.
1344 4197 1391 4266 mn}
1420 4212 1447 4257 ’ς

383 4274 421 4327 ἰτα
435 4271 468 4324 Β.
481 4272 546 4324 νοεῖς
558 4270 604 4323 τὸν
615 4267 773 4336 ἀνεστηκότα
787 4264 906 4335 Nikeph.
1035 4286 1077 4340 13.
1096 4291 1146 4340 γεμ
1163 4290 1177 4322 ν
1190 4267 1264 4322 Β.Ι).
1276 4267 1304 4320 δὲ
1318 4267 1414 4339 Nikep
1438 4310 1445 4325 .

387 4345 415 4400 ῦς
425 4350 595 4410 assumptum
607 4356 639 4392 ex
653 4338 686 4392 Β.
867 4352 908 4406 19.
926 4269 1166 4411 πεπαλαιωμένουςί]
1179 4339 1393 4407 πεπλανημένους
1408 4340 1445 4396 Β.

399 4503 402 4518 .
416 4461 448 4517 B.
547 4475 589 4530 27.
608 4461 654 4513 τοῦ
666 4460 758 4526 νοητοῦ
770 4463 895 4527 χειμῶνας
908 4457 1027 4529 Nikeph.
1127 4458 1170 4512 28.
1187 4422 1444 4530 paxamffimpo-

399 4532 533 4603 icorrigat
544 4533 615 4600 μάλα
626 4529 741 4598 κοσμίως
752 4528 942 4601 λαμπροτέραις
956 4528 989 4584 Β.
1037 4527 1193 4601 ἡγῆῆλίοις
1204 4528 1257 4586 boc
1269 4527 1368 4586 ordine
1380 4530 1418 4588 B.
