3038 5018
246 282 312 353 424
551 283 588 346 B.
613 280 821 346 CYRILLI
851 279 1140 345 ALEXANDR.
1338 277 1379 340 vi.
1397 292 1446 357 15.

246 451 438 525 καλεῖσθαι
457 447 561 525 τέκνα
581 452 687 526 Θεοῦ·
719 450 777 525 καὶ
801 446 859 525 ἵνα
885 480 919 525 τι
944 451 1017 528 τοῖς
1042 442 1280 546 προκειμένοις
1298 441 1385 521 ε’ίπω
1404 439 1447 519 τὸ

247 569 431 672 συγγενίς,
463 574 522 651 καὶ
555 570 676 671 αὐτὴν,
706 577 735 650 εί
766 569 947 672 πρόσεισι,
981 569 1047 669 τήν
1078 571 1136 648 ἐπὶ
1168 572 1235 669 γῆς
1267 564 1448 668 ἀκρότητα

244 696 503 797 ,παραιτώμεθα
534 694 600 799 τήν
628 694 773 793 ἀπάσης
804 694 939 796 μητέρα
970 697 1082 791 τιμῆς,
1110 699 1140 773 εί
1172 699 1373 799 φρονοῦμεν
1402 689 1448 768 τά

248 818 450 921 ἐπουράνια,
469 824 619 903 καὶτοῖς
643 820 715 899 ἀνω
738 818 998 915 πολιτευόμεθα
1021 824 1167 915 μᾶλλον
1185 817 1275 919 ἤπερ
1296 823 1370 899 τοῖς
1390 816 1446 893 ἐπὶ

248 945 313 1039 τῆς
340 947 417 1043 γῆς.
1461 963 1478 1021 5

211 1122 213 1127 -
307 1069 563 1163 Πνευματικῶν
587 1067 626 1148 δὲ
653 1065 891 1167 θεωρημάτων
917 1067 937 1144 ό
962 1064 1072 1169 λόγος
1097 1067 1180 1166 ἡμῖν
1205 1066 1267 1144 οῦκ
1292 1067 1444 1167 ἀμοιρεῖ,

250 1187 305 1268 διδ
334 1187 377 1291 δή
405 1190 518 1271 πόλιν
538 1194 694 1294 ἐροῦμεν,
715 1191 806 1288 ὅλην
830 1187 953 1293 ὥσπερ
981 1190 1348 1295 ἀνακεφαλαιοῦμενοι
1374 1194 1448 1267 τῶν

250 1314 494 1415 γεγενημένων
518 1315 584 1413 τήν
612 1316 771 1414 δύναμιν,
801 1320 859 1394 καὶ
896 1314 960 1394 τὸν
989 1315 1033 1421 ἐξ
1062 1319 1176 1419 ἀρχῆς
1206 1321 1279 1394 τῶν
1306 1346 1448 1415 προκει-

251 1438 368 1536 μένων
390 1438 702 1542 ἀναμηρυσάμενοι
728 1439 853 1539 λόγον·
887 1440 979 1519 οὕτω
1004 1438 1075 1541 γὰρ
1100 1441 1183 1538 ήμῖν
1208 1438 1310 1518 ἔσται
1334 1470 1445 1517 κατα·

83 1589 199 1646 28η
223 1562 362 1667 οφαυές
389 1561 431 1642 τὸ
458 1562 686 1667 ῥηθήσεσθαι
713 1562 863 1659 μέλλον,
889 1561 1045 1660 μάλισθ’
1071 1563 1126 1643 ότι
1152 1562 1404 1666 προστέθεικεν
1429 1564 1502 1640 ῦιο

252 1683 423 1788 μακάριος
451 1684 736 1789 Εὐαγγελιστής,
764 1686 888 1788 ὥσπερ
916 1686 1110 1787 ἀναγκαῖόν
1138 1720 1172 1765 τι
1201 1689 1260 1766 καὶ
1291 1687 1449 1787 ἀπαραί-

252 1843 361 1908 τητον
385 1812 586 1910 ῦποδηλῶν,
605 1808 657 1906 τὸ,
676 1810 730 1890 ὅτι
757 1813 955 1914 ἀνεχώρησεν
978 1818 1024 1895 εἰς
1051 1813 1086 1890 τό
1116 1812 1183 1915 ίρις
1211 1807 1311 1895 αῦτῦς
1338 1810 1448 1910 μόνον.

165 1949 167 1952 ’
253 1933 381 2013 οὐκοῦν
399 1933 464 2034 τὴν
482 1941 554 2013 τῶν
572 1932 752 2013 Ἰουδαίων
769 1935 1027 2037 ἀπανθρωπίαν
1043 1935 1338 2038 παραιτούμενος,
1362 1937 1450 2014 ἀπε-

254 2055 356 2157 δήμει
380 2054 445 2155 μέν
466 2062 529 2158 τῆς
544 2056 784 2160 Ἰερουσαλὴμ
813 2057 1030 2160 όΧριστὸς,
1055 2057 1142 2161 όπερ
1169 2061 1270 2138 ἐστὶν
1294 2062 1453 2162 ἐναργῶς

39 2170 47 2183 ’
85 2172 210 2302 ἔδω·
255 2194 277 2231 “
295 2182 610 2283 Ἐγκαταλέλοιπα
637 2181 701 2261 τὸν
729 2176 826 2260 οἶκόν
853 2216 932 2279 μου,
961 2184 1085 2286 ἀφῆκα
1117 2181 1184 2282 τὴν
1211 2183 1453 2285 κληρονομίαν
1468 2213 1503 2272 15

254 2316 276 2354 “
294 2303 399 2404 μου.”
429 2306 775 2408 διαπεραιωσάμενος
793 2304 831 2384 δὲ
849 2304 915 2403 τὴν
933 2305 1143 2409 Τιβεριάδος
1163 2305 1374 2404 θάλασσαν,
1392 2310 1453 2386 καὶ

253 2428 351 2508 πολῦ
379 2430 463 2509 λίαν
484 2434 548 2529 τῆς
575 2431 715 2509 ἐκείνων
740 2429 909 2514 ἀπονοίας
936 2433 1266 2534 ἀπεσχοινισμένος,
1291 2429 1454 2532 ἀνεπήδα

220 2549 345 2653 ῢπρὸς
364 2551 446 2655 ὅρος
463 2551 538 2651 ἅμα
557 2559 631 2637 τοῖς
648 2560 833 2654 μαθηταῖς·
859 2549 884 2634 ἀ
902 2552 1022 2653 δήκαὶ
1042 2557 1246 2655 ἀποδηλοῦν
1263 2555 1455 2656 εἰρήκαμεν

87 2700 168 2761 supr·
254 2675 297 2756 τό
316 2710 355 2755 τε
373 2676 511 2773 ἀβατον
530 2677 656 2780 ὥσπερ
675 2680 733 2756 καὶ
752 2678 924 2777 ἀνήνυτον
943 2686 1017 2762 τοῖς
1035 2679 1217 2764 Ἰουδαίοις
1235 2684 1298 2779 τῆς
1324 2682 1372 2762 ὡς
1397 2682 1453 2760 ἐπ’

88 2762 171 2826 mb'
255 2798 364 2892 αῦτὸν
386 2803 482 2892 ὁδοῦ,
506 2804 565 2881 καὶ
589 2799 655 2901 τήν
680 2801 724 2907 ἐξ
750 2803 858 2902 ὀργῆς
884 2805 947 2901 τῆς
971 2805 1028 2882 ε’πὶ
1053 2808 1104 2910 τῷ
1128 2803 1234 2884 πάθει
1258 2802 1456 2904 γενομένην
1470 2837 1507 2877 20

255 2926 486 3029 ἀναχώρησιν
522 2935 586 3006 τοῦ
623 2930 787 3029 Χριστοῦ
829 2924 934 3030 μέχρι
977 2934 1110 3029 καιροῦ,
1148 2931 1260 3026 δῆλον
1296 2926 1351 3007 ότι
1390 2936 1456 3007 τοῦ

254 3047 465 3150 πρέποντος,
504 3050 563 3129 καὶ
601 3048 655 3130 ὅτι
692 3049 891 3153 περιφανής
928 3049 1031 3129 ἔσται
1069 3049 1230 3151 Χριστὸς
1267 3047 1343 3150 ἅμα
1380 3059 1458 3138 τοῖς

255 3173 380 3252 ἑαυτοῦ
408 3179 590 3272 μαθηταῖς,
619 3173 706 3252 ὅταν
733 3174 880 3277 ἐκβαίνῃ
907 3172 973 3271 τήν
1000 3173 1175 3253 Ἰουδαίαν
1202 3177 1260 3254 καὶ
1288 3173 1382 3276 πρὸς
1411 3174 1458 3254 τά

256 3294 341 3393 έθυη
360 3293 486 3400 βαδίζῃ
503 3299 699 3394 μετατιθεὶς
721 3297 774 3375 ἐπ’
794 3297 908 3374 ε’κεῖυα
928 3295 994 3395 τὴν
1012 3293 1130 3401 χάριν·
1160 3294 1233 3377 ἀπὸ
1258 3297 1300 3376 δέ
1321 3331 1365 3398 γε
1392 3306 1458 3378 τοῦ

226 3416 361 3518 α”ὅρους
379 3417 460 3503 τοῦς
478 3419 669 3516 ἑπομένους
688 3421 783 3526 αὐτῷ
802 3421 1071 3516 κατεσκέπτετο,
1091 3425 1149 3500 καὶ
1167 3419 1318 3524 προσέτι
1339 3424 1458 3530 τούτῳ
1471 3455 1505 3514 ²5

256 3545 421 3621 διενοεῖτο
439 3547 519 3644 περὶ
537 3547 685 3648 τροφῆς.
722 3547 779 3623 καὶ
798 3552 904 3624 τοῦτο
922 3541 960 3623 δέ
978 3543 1091 3624 πόλιν
1108 3545 1278 3647 ἐλέγομεν
1295 3545 1458 3648 καθάπερ

256 3667 295 3744 ἐν
322 3664 423 3772 τόπερ
451 3667 638 3764 σημαίνειν
666 3670 724 3747 καὶ
752 3666 817 3767 τήν
845 3667 983 3748 ἀνωθεν
1007 3675 1081 3752 τοῖς
1109 3669 1223 3771 ἁγίοις
1251 3704 1458 3774 χρεωστου-

124 3831 130 3845 ·
151 3859 166 3875 .,
256 3789 366 3888 μένην
380 3789 592 3890 ἐπισκοπὴν,
607 3789 698 3871 κατά
715 3789 758 3871 τό
773 3803 795 3839 “
808 3790 1023 3899 Ὀφθαλμοὶ
1042 3794 1177 3896 Κυρίου
1195 3795 1251 3873 ἐπὶ
1270 3794 1457 3886 δικαίους,”

169 3897 176 3911 ’
257 3913 316 3993 καὶ
335 3913 389 3993 ὅτι
408 3921 480 3993 τῶν
499 3915 706 4014 σεβομένων
726 3916 834 3995 αῦτὸν
854 3916 918 3995 οῦκ
941 3914 1172 4018 ἀπρονοήτως
1195 3914 1267 4021 ἔχει
1290 3918 1457 4020 ὁΧρισ·

207 4093 219 4118 -,
249 4034 329 4119 τός.
361 4032 437 4116 εἶτα
454 4038 668 4145 παραδόξως
687 4041 707 4119 ὁ
725 4035 841 4124 πολῦς
859 4040 1080 4146 ἀπετρέφετο
1097 4044 1217 4139 δῆμος,
1237 4039 1297 4120 διό
1321 4076 1363 4144 γε
1387 4050 1461 4122 τῶν
1473 4074 1509 4134 30

241 4306 243 4310 “
294 4316 319 4366 5.
338 4300 499 4367 τήςοιπβ.
606 4300 661 4356 ἰό.
680 4301 889 4371 &assumptum
901 4319 933 4355 ex
948 4300 980 4356 B.
1027 4303 1168 4373 Τιβεριάδα
1181 4303 1214 4357 Β.
1336 4321 1381 4361 20.
1401 4307 1462 4379 τῆς]

261 4371 338 4430 -ί-ὧς
354 4371 384 4424 Β.
431 4369 569 4425 παθεῖνΒ.
692 4387 734 4425 21.
753 4375 800 4425 τοῦ
811 4373 856 4426 alt.
869 4390 923 4426 om.
937 4372 1040 4442 Migne.
1160 4387 1203 4445 25.
1222 4376 1414 4431 κατεσκέπτετο
1428 4378 1463 4432 Β.

258 4437 487 4500 διεσκέπτετοΕά.
605 4441 646 4496 28.
664 4442 766 4498 δικαίως
773 4441 852 4566 Βαίας
865 4443 994 4513 scriptum
1006 4452 1098 4514 postea
1109 4462 1177 4500 corr.
1191 4445 1227 4499 D.
1383 4465 1430 4519 ²9·
1449 4452 1465 4503 ὁ

216 4558 220 4567 ,
259 4511 372 4574 Χριστός
386 4509 416 4561 Β.
431 4512 496 4566 Θεός
510 4509 560 4566 Ed.
667 4529 709 4582 3ο.
728 4534 759 4583 γε
798 4511 911 4567 ,τεΕιλ
