3038 5018
255 288 321 350 ιτο
559 285 597 349 ο.
622 285 829 350 cmm
860 286 1146 351 ALEXANDR.
1350 277 1465 364 vi·3⁶·

258 447 325 547 ἤδη
352 447 481 528 λοιπὸν
506 454 537 529 οί
563 452 848 550 βεβαπτισμένοι
878 455 935 531 καὶ
962 456 1026 550 τῆς
1051 453 1147 534 θείας
1170 444 1464 550 ἀπογευσάμενοι

258 571 413 676 χάριτος,
451 573 505 652 ὅτι
542 576 745 678 βαδίζοντες
781 574 847 675 μέν
879 578 1037 676 ὀκνηρῶς
1072 577 1130 654 καὶ
1167 573 1272 673 μόλις
1310 572 1350 650 ἐν
1384 575 1465 651 ταῖς

258 697 473 794 ἐκκλησίαις,
500 700 766 804 ἀποφοιτῶντες
797 699 835 779 δέ
864 703 924 780 καὶ
954 707 1003 784 εἰς
1031 698 1180 803 χρόνους
1209 691 1369 798 μακροὺς
1399 695 1465 790 τῆς

259 821 425 921 εὐλογίας
459 826 524 921 τῆς
561 822 620 902 διά
652 828 828 926 Χριστοῦ,
860 827 918 902 καὶ
955 823 1020 923 τῆν
1054 820 1234 923 ἐπιζήμιον
1267 818 1467 914 εὐλάβειαν

260 942 509 1044 πλαττόμενοι,
534 945 593 1026 διά
620 956 684 1027 τοῦ
712 947 761 1047 μῆ
790 948 992 1041 βούλεσθαι
1019 947 1176 1052 μετέχειν
1200 945 1310 1024 αὐτοῦ
1330 965 1499 1038 μυστι-5

94 1076 206 1135 325Ᾱ
232 1075 341 1164 8κῶς,
361 1069 413 1149 ὅτι
433 1074 496 1168 τῆς
518 1071 659 1151 αἰωνίου
685 1072 774 1174 ζωῆς
798 1069 943 1157 ἑαυτούς
960 1072 1192 1170 ἐκπέμπουσι,
1212 1067 1469 1170 ζωοποιεῖσθαι

261 1192 545 1294 παραιτούμενοι·
593 1195 838 1297 περιτρέπεται
867 1195 904 1276 δέ
934 1201 983 1280 είς
1009 1195 1145 1296 παγίδα
1177 1197 1235 1272 καὶ
1266 1198 1316 1275 είς
1348 1188 1469 1268 σκάν-

264 1321 390 1414 δαλον,
424 1318 536 1398 καίτοι
569 1317 706 1421 καρπὸς
738 1321 925 1411 εὐλαβείας
958 1316 1117 1399 δοκοῦσά
1146 1351 1224 1400 πως
1255 1311 1344 1395 εἶναι
1379 1316 1467 1417 παρ’

263 1442 392 1539 αὐτοῖς,
412 1443 434 1542 ἡ
453 1444 680 1546 παραίτησις.
722 1449 814 1547 χρῆν
836 1443 907 1547 γάρ
933 1442 977 1543 δὴ
1002 1451 1148 1542 μᾶλλον
1168 1444 1378 1543 ἐπείγεσθαι
1401 1438 1472 1538 τῆν

263 1569 418 1647 ἐνοῦσαν
439 1569 559 1652 αὐτοῖς
584 1569 792 1671 είσκομίζειν
815 1568 964 1666 δύναμίν
982 1603 1020 1647 τε
1045 1572 1103 1646 καὶ
1128 1567 1345 1669 προθυμίαν,
1369 1564 1472 1647 ὅπως
1488 1592 1517 1632 ¹·

264 1690 308 1769 ἀν
334 1692 518 1795 φαίνοιντο
545 1695 673 1795 γοργοὶ
700 1691 791 1794 πρὸς
819 1691 1069 1795 ἀποκάθαρσιν
1091 1691 1275 1793 ἁμαρτίας,
1296 1691 1357 1768 καὶ
1385 1721 1469 1768 πει-

182 1899 186 1903 ,
265 1819 400 1916 ράσθαι
426 1821 569 1909 μᾶλλον
593 1814 828 1916 ἀστειοτάτην
851 1815 1064 1916 ἐπιτηδεύειν
1082 1822 1146 1894 τοῦ
1172 1815 1254 1909 βίου
1278 1812 1347 1911 τὴν
1366 1815 1468 1912 ἀγω-

266 1936 344 2040 γῆν,
366 1937 502 2041 τρέχειν
527 1973 565 2017 τε
591 1941 684 2018 οὕτω
709 1939 838 2021 λοιπὸν
862 1945 920 2019 καὶ
949 1940 1096 2046 σφόδρα
1124 1935 1396 2042 τεθαρρηκότως
1423 1941 1474 2018 εἷς

266 2059 473 2166 μετάληψιν
491 2065 554 2160 τῆς
574 2062 675 2164 ζωῆς.
713 2065 797 2141 ἀλλ’
819 2065 961 2166 ε’πείπερ
979 2065 1058 2142 ἐστὶ
1076 2064 1239 2144 ποικίλος
1257 2066 1306 2144 είς
1324 2059 1475 2159 ἀπάτην

233 2187 287 2265 δι’)
321 2191 489 2282 σατανᾶς,
523 2192 728 2292 σωφρονεῖν
760 2185 825 2286 μέν
857 2184 985 2272 αὐτούς
1017 2185 1214 2285 οὐδαμόθεν
1246 2185 1301 2265 ὅτι
1337 2182 1476 2287 πρέποι
1492 2219 1519 2258 ι-

212 2382 219 2392 ,
268 2307 474 2410 λογίζεσθαι
512 2318 704 2414 συγχωρεῖ,
739 2311 1027 2395 κατασπιλώσας
1061 2309 1099 2389 δέ
1135 2315 1209 2392 τοῖς
1245 2315 1382 2404 κακοῖς,
1415 2309 1479 2386 καὶ

269 2429 380 2530 αὐτὴν
412 2433 645 2537 ἀποφρίττειν
675 2436 854 2515 ἀναπείθει
887 2435 953 2535 τῆν
985 2433 1100 2540 χάριν,
1131 2435 1174 2512 δι’
1208 2433 1249 2533 ἧς
1282 2430 1328 2533 ἦν
1363 2430 1476 2528 είκδς,

102 2560 241 2691 ξῑὲρθθῑε
270 2553 393 2658 ὥσπερ
426 2555 470 2661 ἐξ
499 2557 595 2636 οίνου
628 2561 684 2636 καὶ
713 2560 823 2657 μέθης
856 2564 919 2658 τῆς
948 2561 1005 2639 ἐπὶ
1038 2557 1251 2666 φαυλότητα
1283 2555 1481 2655 καλούσης

272 2681 399 2780 ἡδονῆς
419 2680 677 2784 ἀνανήφοντας,
697 2680 738 2763 τὸ
764 2684 953 2789 συμφέρον
973 2686 1061 2786 ὁρᾶν
1084 2716 1123 2761 τε
1146 2684 1204 2761 καὶ
1230 2679 1479 2783 περισκέπτε-

104 2834 145 2883 Pa.
160 2833 186 2882 ii.
202 2847 225 2896 3·
272 2811 373 2884 σθαι.
411 2804 676 2911 ἀπορρήξαντες
704 2809 822 2886 τοίνυν
849 2806 913 2886 τδν
941 2809 1071 2887 ἐκείνου
1100 2805 1244 2903 δεσμὸν,
1264 2803 1480 2884 ἀποσεισά·
1495 2835 1519 2876 ν

103 2966 142 3016 lb.
155 2977 192 3015 11.
272 2930 373 3028 μενοί
395 2962 433 3007 τε
457 2926 520 3008 τὸν
539 2932 576 3007 ἐκ
595 2931 805 3037 πλεονεξίας
827 2933 911 3030 ἡμῖν
929 2931 1157 3038 ἐπιρριφέντα
1180 2927 1298 3029 ζυγὸν,
1320 2927 1479 3007 δουλεύ-

270 3087 395 3151 σωμεν
423 3057 460 3132 ἐν
489 3051 595 3160 φόβῳ
623 3061 674 3161 τῷ
704 3054 838 3162 Κυρίῳ,
865 3055 958 3136 καθὰ
986 3056 1197 3158 γέγραπται,
1221 3055 1279 3133 καὶ
1306 3058 1385 3130 τῶν
1416 3056 1484 3151 τῆς

242 3176 410 3281 ςσαρκὸς
434 3178 570 3276 ῆδονῶν
596 3179 757 3276 ἀμείνους
782 3178 850 3279 ῆδη
876 3182 918 3259 δι’
943 3179 1147 3283 ἐγκρατείας
1174 3176 1482 3276 ἀναδεικνύμενοι,

272 3302 481 3404 προσίωμεν
507 3336 553 3407 τη
586 3303 664 3407 θείᾳ
695 3337 733 3382 τε
764 3305 822 3382 καί
853 3305 1004 3411 οὐρανίῳ
1037 3304 1166 3408 χάριτι,
1194 3304 1252 3381 καὶ
1284 3305 1335 3385 είς
1368 3300 1485 3403 ἁγίαν

274 3423 482 3530 μετάληψιν
503 3427 750 3525 ἀναβαίνωμεν
773 3435 838 3506 τοῦ
863 3431 1040 3530 Χριστοῦ·
1070 3430 1164 3507 οὕτω
1191 3424 1263 3529 γάρ
1291 3426 1391 3505 οὕτω
1423 3430 1513 3506 καλε

106 3559 123 3660 1².
134 3544 225 3675 {M
274 3548 412 3650 ἀπάτης
437 3553 646 3649 διαβολικῆς
670 3551 918 3654 περιεσόμεθα,
941 3553 1037 3636 θείας
1059 3587 1097 3631 τε
1120 3551 1265 3656 φύσεως
1285 3549 1486 3653 γεγονότες

276 3677 445 3771 κοινωνοὶ,
462 3673 553 3776 πρὸς
569 3672 661 3778 ζωῆν
680 3680 736 3754 καὶ
755 3677 966 3781 ἀφθαρσίαν
984 3673 1255 3774 ἀναβησόμεθα.

227 3929 264 4002 36
331 3928 417 3992 Ἀλλ’
450 3920 542 3992 εἷπον
570 3921 643 4003 ὑμῖν
670 3930 720 3995 ὅτι
748 3929 801 3992 καὶ
826 3927 998 4016 ἑωράκατέ
1025 3950 1065 4004 με
1093 3928 1146 3992 καί
1173 3926 1210 3991 οὐ
1236 3927 1427 4000 πιστεύετε.

245 4109 266 4174 d
335 4108 407 4187 Διά
441 4115 592 4189 πολλῶν
624 4106 688 4205 μὲν
718 4106 845 4193 αὐτούς
876 4108 1148 4210 καταγωνίζεται
1179 4105 1314 4209 λόγων,
1350 4112 1416 4189 καὶ
1449 4114 1487 4192 ἐκ

279 4230 411 4316 παντὸς
429 4233 638 4313 συνελαύνει
656 4232 791 4336 τρόπον
815 4233 906 4337 πρὸς
929 4233 995 4334 τῆν
1014 4232 1072 4313 διά
1095 4233 1252 4315 πίστεως
1275 4235 1518 4339 σωτηρίανς

319 4468 341 4504 ι.
360 4452 407 4519 ἤδη
436 4452 502 4505 οὕτω
517 4453 548 4508 ss.
664 4472 689 4525 3.
709 4455 749 4508 καὶ
762 4463 931 4525 assumptum
944 4472 976 4508 ex
990 4454 1022 4508 B.
1137 4472 1163 4524 9.
1182 4451 1327 4578 χρῆνχδρ]
1382 4435 1491 4513 ³13.

285 4535 324 4591 ιγ.
345 4522 409 4578 εἰκὸς
437 4523 539 4578 εἰκότως
554 4525 584 4577 Β.
676 4541 717 4591 τη.
737 4547 764 4578 τε
777 4525 832 4594 θείη
845 4526 949 4580 inverso
961 4524 1053 4580 ordine
1067 4524 1099 4578 B.
1190 4525 1233 4579 28.
1305 4541 1364 4581 om.
1409 4567 1418 4582 .
