3038 5018
238 285 302 348 116
539 283 580 350 B.
603 282 810 349 CYRILLI
840 283 1130 348 ALEXANDR.
1305 283 1327 348 i.
1340 303 1371 370 9,
1387 303 1436 348 ιο.

237 449 312 556 φάς
341 448 376 530 τδ
405 447 552 544 ἀληθινόν
578 452 594 532 δ
624 451 760 559 φωτίζει
789 449 908 531 πάντα
935 448 1097 556 άιθρωπιν
1113 451 1290 557 ,ἐρχόμενον
1314 458 1360 536 εἰς
1388 448 1439 531 τόν

240 574 377 681 κόσμον·
409 570 500 675 πρὸς
523 572 569 652 δε’
582 608 624 671 γε
642 573 767 681 τούτῳ,
787 575 845 652 καὶ
863 571 965 676 ἕτερά
982 607 1063 651 τινα
1081 578 1153 652 τῶν
1171 570 1243 653 άπὸ
1261 577 1325 672 τῆς
1344 572 1439 656 θείας

61 697 67 709 ’
238 699 393 802 γραφῆς,
421 694 496 776 οῖον
523 694 566 776 τό
594 706 615 743 “
635 695 716 798 Πρὸ
744 703 808 775 τοῦ
835 731 880 794 με
911 701 1171 794 ταπεινωθῆναι
1203 695 1273 797 ἐγὼ
1301 698 1439 794 ἐπλημ-

239 829 262 866 “
278 820 454 920 με’λησα·”
484 823 542 899 καὶ
559 818 604 919 δὴ
624 821 685 899 καί
700 826 796 925 φασι
812 826 1035 923 παραληρεῖν
1052 821 1114 898 οὐκ
1133 818 1332 916 αἰδούμενοι
1344 817 1440 898 Ἰδοὺ

238 940 309 1045 πρὸ
327 947 392 1042 τῆς
409 943 667 1039 ταπεινώσεως,
686 942 852 1021 τουτέστι
870 947 935 1041 τῆς
952 941 1253 1040 ε’νσωματιόσεως,
1271 954 1472 1041 πεπλημ-5

239 1065 428 1168 μεληκέναι
466 1069 581 1172 φησῖν
618 1065 640 1164 ἡ
677 1063 792 1171 φυχῖ),
831 1065 890 1144 διά
933 1101 972 1146 τε
999 1074 1120 1145 τοῦτο
1157 1071 1439 1145 τεταπεινῶσθαι

207 1189 381 1274 δδικαίως
408 1191 610 1269 ε’νδεθεῖσαν
638 1187 781 1296 θανάτῳ
809 1191 868 1268 καὶ
896 1194 1028 1295 φθορᾷ,
1054 1186 1214 1290 καθάπερ
1242 1190 1305 1267 οὖν
1332 1190 1389 1267 καὶ
1417 1189 1438 1266 ό

90 1320 148 1421 5¹¹¹·
240 1316 390 1397 Παῦλος
413 1316 523 1395 οὕτως
546 1311 706 1416 ὀνομάζει
731 1311 773 1392 τό
799 1320 909 1411 σῶμα
934 1312 1053 1413 λέγων
1071 1322 1092 1359 “
1110 1313 1351 1414 Ταλαίπωρος
1368 1311 1438 1411 ἐγώ

239 1445 261 1484 “
279 1442 349 1534 εῖμι
367 1438 564 1539 ἅνθρωπος,
576 1437 630 1520 τίς
648 1470 691 1533 με
709 1435 857 1539 ῥύσεται
875 1438 912 1516 ἐκ
930 1445 995 1516 τοῦ
1013 1434 1183 1533 σώματος
1200 1443 1265 1514 τοῦ
1284 1433 1439 1514 θανάτου

239 1567 261 1604 “
278 1557 407 1639 τούτου
422 1561 456 1655 ;”
486 1565 514 1637 εἰ
533 1555 571 1638 δὲ
590 1566 807 1659 πλημμελεῖ,
827 1562 952 1666 φησὶν,
971 1556 1042 1661 πρὸ
1065 1562 1130 1657 τῆς
1153 1557 1400 1641 ταπεινώσεως
1416 1556 1438 1655 ἡ
1455 1594 1493 1635 10

239 1679 354 1787 ψυχὴ,
380 1687 438 1761 καὶ
466 1681 605 1786 ἔρχεται
633 1688 682 1766 εῖς
708 1680 772 1762 τὸν
801 1682 950 1779 κόσμον,
979 1684 1027 1765 ὡς
1054 1681 1343 1785 προϋπάρχουσα
1371 1684 1435 1778 δη-

240 1804 375 1884 λονότι·
416 1810 494 1888 πῶς
523 1804 595 1908 γὰρ
623 1803 668 1884 ἂν
697 1805 791 1889 ὅλως
819 1804 970 1908 ἁμάρτοι
997 1802 1040 1885 τό
1068 1803 1177 1904 μήπω
1206 1802 1434 1910 ὑφεστηκός;

238 1925 378 2032 ἔρχεται
415 1928 453 2008 δὲ
490 1935 538 2011 εῖς
578 1927 642 2008 τόν
679 1927 819 2028 κόσμον
855 1929 926 2009 άπό
966 1964 1073 2008 τινων
1108 1925 1276 2030 δηλονότι
1317 1925 1439 2007 τόπων

240 2049 437 2151 κινουμένη.
477 2050 623 2132 τοιαῦτά
649 2087 730 2131 τινα
756 2058 830 2132 τῶν
856 2056 920 2151 τῆς
940 2050 1164 2151 Ἐκκλησίας
1191 2053 1435 2158 καταῤῥαφῳ-

240 2179 382 2259 δοῦντες
400 2175 600 2278 δογμάτων,
620 2181 678 2256 καὶ
705 2179 835 2260 ὕθλους
860 2177 999 2256 εῖκαίων
1020 2174 1247 2278 διηγημάτων
1265 2182 1341 2257 ταῖς
1364 2181 1438 2254 τῶν
1454 2208 1492 2266 15

211 2299 499 2403 οάπλουστέρων
544 2299 820 2402 ἐπισωρεάοντες
865 2303 996 2397 ἀκοαῖς,
1037 2299 1178 2382 δικαίως
1223 2297 1438 2377 ἀκούσονται

72 2420 163 2551 ff}
240 2432 263 2469 “
282 2423 377 2502 Οὐαὶ
413 2430 489 2506 τοῖς
524 2424 814 2528 προφητεύουσιν
851 2421 923 2504 ἀπὸ
960 2424 1105 2526 καρδίας
1141 2423 1268 2518 αὐτῶν,
1302 2425 1359 2500 καὶ
1395 2419 1437 2501 τό

241 2555 262 2592 “
282 2546 442 2625 καθόλου
468 2544 519 2646 μὴ
547 2546 786 2640 βλέπουσιν.”
826 2547 971 2650 ὁράσεις
992 2546 1064 2650 γὰρ
1086 2545 1197 2628 ὅντως
1219 2548 1276 2623 καὶ
1296 2545 1438 2623 οἰωνίσ-

239 2700 338 2767 ματα
372 2673 430 2748 καὶ
464 2671 684 2777 προφητείας
719 2670 864 2775 καρδίας
891 2672 1008 2750 αὐτῶν
1036 2677 1110 2753 τοῖς
1137 2668 1197 2748 διὰ
1223 2677 1287 2749 τοῦ
1318 2669 1432 2748 Πνεύ-

240 2825 353 2890 ματος
381 2794 676 2896 άντιπαραθίντες
705 2793 837 2895 λόγοις,
866 2795 931 2875 οὐκ
963 2791 1195 2873 αἰσθάνονται
1224 2792 1315 2895 πρὸς
1344 2792 1437 2891 ὅσην
1452 2827 1493 2866 20

240 2917 360 3001 αὐτοῖς
378 2917 529 2997 άτοπίαν
546 2919 730 3020 δραμεῖται
747 2918 789 2997 τὸ
806 2919 1027 3023 ἐπιχείρημα,
1047 2918 1216 3019 λέγοντος
1240 2924 1303 2996 τοῦ
1328 2920 1435 3021 φαλ-

73 3042 193 3159 3¹⁸*-
240 3045 362 3150 μιρδοῦ
379 3040 470 3146 πρὸς
488 3039 583 3121 Θεόν
601 3050 623 3087 “
638 3038 691 3120 Σὺ
716 3041 873 3148 φοβερὸς
895 3039 934 3138 εἶ,
954 3044 1012 3122 καὶ
1030 3041 1084 3125 τίς
1102 3039 1360 3139 άντιστήσεταί
1376 3074 1438 3119 σοι

241 3175 262 3211 “
281 3164 352 3245 άπὸ
388 3168 452 3263 τῆς
488 3166 598 3267 ὀργῆς
635 3198 707 3243 σου
723 3166 757 3261 ;”
797 3163 850 3245 ότι
887 3166 925 3246 δὲ
958 3168 1041 3245 λίαν
1074 3167 1175 3244 ἐστὶν
1206 3163 1438 3243 ἀτοπώτατον

240 3285 482 3392 προϋπάρχειν
507 3285 572 3386 μῖν
598 3287 737 3367 οἴεσθαι
764 3288 830 3388 τὴν
853 3288 993 3395 ψυχὴν,
1019 3290 1058 3367 ἐκ
1085 3286 1375 3390 προγενεστέρων
1400 3287 1437 3367 δὲ

75 3424 118 3481 ’19
130 3424 169 3480 Δ.
211 3406 505 3508 αάμαρτημάτων
524 3416 574 3492 εῖς
590 3410 637 3489 τὰ
657 3414 694 3490 ἐκ
713 3415 780 3511 γῆς
799 3411 1096 3511 καταπίμπεσθαι
1114 3410 1268 3506 σώματα
1288 3410 1437 3512 νομίζειν
1452 3441 1490 3500 25

241 3528 362 3629 αὐτὴν,
395 3530 452 3608 διὰ
484 3540 555 3610 τῶν
586 3532 850 3634 ὑπεζευγμένων
881 3538 1023 3614 ἐννοιῶν
1055 3533 1145 3613 κατὰ
1177 3532 1219 3612 τὸ
1256 3535 1438 3637 ἐγχωροῦν

73 3663 150 3714 ΡΜ·
162 3665 195 3716 ix„
241 3652 325 3752 ἡμῖν
343 3653 527 3759 ἀποδεῖξαι
544 3655 800 3759 πειρασόμεθα,
818 3655 859 3736 τό
879 3658 1124 3759 γεγραμμένον
1144 3655 1273 3740 εἰδότες
1293 3660 1438 3736 “Δίδου

73 3744 98 3794 ⁹·
242 3786 265 3823 “
281 3783 390 3884 σοφῷ
407 3775 585 3883 ἀφορμὴν,
611 3781 669 3856 καὶ
689 3777 899 3886 σοφώτερος
918 3781 1034 3861 ἔσται·
1068 3778 1213 3884 γνάριζε
1233 3777 1272 3860 δὲ
1296 3782 1434 3890 δικαίῳ,

241 3909 263 3947 “
281 3901 341 3979 καὶ
358 3900 561 4003 προσθήσει
579 3907 643 3980 τοῦ
661 3900 860 4005 δέχεσθαι.”

276 4129 303 4186 6.
321 4129 362 4203 τε]
376 4153 416 4186 τοι
429 4131 462 4186 Β.
612 4145 637 4205 7.
656 4133 760 4205 φθορὰν
772 4133 806 4187 Β.
959 4136 986 4190 8.
1004 4137 1167 4207 ταλαίπωρος
1179 4137 1229 4210 ε’γώ
1241 4137 1292 4207 εἶμι
1304 4138 1437 4208 ἅνθρωπος

241 4215 379 4272 assumpta
390 4221 422 4256 ex
435 4203 468 4257 Β.
609 4222 636 4275 9.
654 4204 926 4260 τούτουτοῦθονάτου
938 4205 1043 4261 inverso
1055 4207 1148 4262 ordine
1161 4209 1194 4262 B.
1348 4226 1388 4262 12.
1405 4209 1437 4264 ἂν

241 4277 410 4343 assumptum
422 4290 456 4326 ex
469 4273 501 4326 Β.
516 4271 741 4347 [suprascriptum
754 4275 800 4347 Β.]
902 4292 944 4330 21.
963 4277 1095 4347 δραμεῖται
1108 4280 1138 4332 τὸ
1151 4277 1315 4351 ἐπιχείρημα]
1329 4282 1344 4330 δ
1356 4282 1437 4370 λόγιρς

242 4340 290 4408 δρα
322 4345 374 4395 ῖται
385 4345 415 4396 τδ
427 4344 579 4414 ἐπιχείρημα
592 4345 625 4400 Β.
720 4363 762 4412 24.
781 4347 958 4417 προῦπάρχειν
971 4348 1003 4400 Β.
1017 4349 1141 4418 ὑπάρχειν
1153 4349 1205 4403 Ed.
1298 4351 1340 4405 26.
1358 4351 1437 4420 αὐτην

243 4364 349 4467 ΒλδίΕ.
362 4412 413 4468 Ed.
427 4431 482 4485 mg.
495 4416 571 4470 αὐτὸν
584 4415 635 4471 Ed.
744 4417 787 4471 28.
805 4418 833 4471 δὲ
846 4426 1016 4489 assumptum
1028 4435 1061 4472 ex
1074 4419 1107 4474 B.
1119 4421 1220 4490 (Alex.)
