3038 5018
90 287 176 371 i.47.
286 293 341 357 IN
372 296 405 358 S.
429 295 682 360 JOANNEM.
728 295 895 359 LIB.II.
941 295 1095 360 CARI.
1226 299 1288 361 197

91 455 162 559 γὰρ
189 461 240 538 τὶν
266 458 465 556 Ναθαναήλ,
488 463 554 566 οὐχ
582 459 709 544 ἁπλῶς
735 460 927 564 ἐρχόμενον
949 458 1160 564 περιτυχῶν,
1185 458 1286 539 ἀλλὰ

89 582 235 682 πολλήν
259 586 313 664 ἐπ’
335 587 431 692 αύτῷ
455 583 521 684 τήν
542 581 690 687 ζήτησιν
712 585 965 683 ποιησάμενος·
1003 580 1079 688 ᾔδει
1104 583 1173 685 γὰρ
1199 582 1319 663 &aab

91 709 386 808 φιλοπονώτατον
414 742 451 787 τε
480 711 538 787 καὶ
567 711 875 812 φιλολογώτατον.
920 705 995 788 εἶτα
1020 708 1115 805 λε’γει
1140 704 1286 787 τὸνδιὰ

89 830 212 930 πάσης
231 832 490 933 κηρυττόμενον
503 836 567 930 τῆς
585 833 681 916 θείας
698 837 843 939 γραφῆς
862 833 1092 935 ἀνηυρηκέναι
1110 828 1286 934 Χριστόν,

58 954 158 1057 ὅοῦχ
175 958 233 1038 ,ὡς
264 961 450 1057 ἀγνοοῦντι
482 962 731 1058 προσομιλῶν,
759 957 843 1034 ἀλλ’
874 959 922 1040 ῶς
951 956 1034 1034 λίαν
1061 958 1287 1037 ἐκπεπαιδεν-

90 1080 185 1185 με’νερ
218 1078 264 1158 τό
295 1115 332 1160 τε
365 1088 429 1160 τοῦ
461 1079 657 1184 πανσόφοο
686 1080 874 1163 Μωυσέως
903 1085 960 1160 καὶ
990 1087 1063 1159 τῶν
1089 1085 1287 1184 προφητῶν

90 1203 289 1301 μηνύματα.
330 1203 477 1284 ὑπόνοια
504 1202 541 1283 δὲ
568 1206 633 1282 οὐκ
658 1203 798 1303 ἀληθής
816 1207 897 1307 περὶ
915 1213 978 1283 τοῦ
998 1208 1165 1304 Σωτῆρος
1187 1205 1287 1302 ήμῶν

90 1327 213 1424 Ἰησοῦ
232 1331 396 1429 Χριστοῦ
421 1326 520 1428 παρὰ
547 1334 619 1411 τοῖς
636 1328 819 1411 Ἰουδαίοις
845 1326 991 1429 ἐκρότει,
1010 1331 1057 1411 ῶς
1081 1329 1120 1406 ἐκ
1146 1325 1286 1410 πόλεως
1308 1396 1317 1430 z
1339 1393 1360 1435 ’,Ι
1375 1388 1435 1443 :rm
1451 1384 1487 1439 fif.
1498 1397 1509 1441 5

90 1449 167 1548 ἤτοι
195 1451 315 1551 κώμης
342 1452 444 1531 ἕσται
471 1455 534 1551 τής
561 1452 735 1559 Ναζαρὲτ,
756 1452 868 1530 καίτοι
893 1452 1135 1551 Βηθλεεμίτην
1160 1439 1315 1548 αῦτδν,’
1350 1449 1356 1459 ’
1391 1440 1395 1446 .

45 1609 77 1647 ιο
91 1571 181 1651 ὅσον
198 1580 245 1658 είς
269 1584 396 1655 τοῦτον
413 1575 487 1675 ἥκει
511 1573 706 1676 τὸνλόγον
729 1578 793 1673 τῆς
818 1575 913 1658 θείας
938 1576 1117 1677 λεγούσης
1142 1579 1317 1682 γραφήςο

90 1707 112 1742 “
133 1701 206 1776 Καὶ
248 1698 297 1778 σῦ
339 1699 421 1801 γὰρ,
462 1701 589 1805 φησὶν,
629 1694 794 1799 Βηθλεὲμ
837 1703 885 1800 γῆ
922 1698 1039 1778 Ἰούδα
1080 1696 1175 1784 οἶκος
1223 1707 1287 1779 τοῦ
1332 1714 1453 1766 Mic-m·

90 1831 112 1867 “
129 1822 308 1925 Ἐφραθᾶ,
327 1820 520 1925 ὀλιγοστὸς
538 1819 571 1901 εἷ
586 1831 650 1900 τοῦ
668 1818 754 1901 εἷναι
773 1824 810 1900 ἐν
829 1821 992 1925 χιλιάσιν
1009 1820 1137 1919 Ἰούδα,
1155 1824 1195 1902 εἰε
1217 1832 1287 1903 σοῦ

90 1955 112 1988 “
130 1944 202 2047 γάρ
219 1981 281 2044 μοι
300 1944 526 2052 ἐξελεύσεται
546 1953 611 2025 τοῦ
636 1942 723 2025 εἶναι
749 1951 795 2028 είς
821 1946 979 2050 ἄρχοντα
996 1950 1033 2025 ἐν
1052 1951 1102 2054 τῷ
1119 1946 1285 2048 Ἰσραήλ,

91 2077 113 2112 “
132 2071 188 2146 καὶ
217 2075 253 2148 αἱ
281 2069 396 2174 ἔξοδοι
424 2072 532 2149 αὐτοῦ
560 2070 621 2149 ἀπ’
642 2072 755 2173 ἀρχῆς
780 2068 824 2176 ἐξ
846 2069 986 2171 ἡμερῶν
1004 2073 1166 2154 αἰῶνος.”
1203 2073 1283 2149 ἀνε-

45 2212 76 2271 15
91 2192 210 2297 τράφη
235 2190 299 2292 μέν
316 2193 388 2298 γὰρ
413 2201 460 2278 είς
487 2193 667 2297 Ναζαρὲτ,
687 2189 734 2275 ῶς
764 2228 834 2272 πον
858 2196 916 2273 καὶ
945 2193 1050 2278 αὐτὸς
1076 2195 1095 2272 ὁ
1120 2195 1283 2295 Εῦαγγε·

90 2314 219 2416 λιστὴς
245 2317 499 2419 διεμαρτύρατο
521 2317 638 2417 λέγων
658 2326 680 2361 “
696 2319 768 2394 Καὶ
793 2313 902 2414 ἦλθεν
920 2321 969 2399 είς
988 2316 1152 2421 Ναζαρὲτ
1177 2317 1218 2396 οῦ
1244 2314 1288 2418 ἦν
1332 2320 1427 2436 ᾗᾏξ

90 2449 112 2486 “
129 2441 473 2542 ἀνατεθραμμεῦος·”
504 2437 548 2540 ἦν
567 2439 604 2520 δὲ
623 2441 688 2520 οῦκ
705 2442 845 2537 ἐκεῖθεν,
865 2437 949 2517 ἀλλ’
971 2438 1053 2520 ὅθεν
1070 2442 1139 2541 ήδη
1163 2440 1285 2545 προεί-

88 2596 214 2661 πομεν,
236 2562 443 2661 μᾶλλονδὲ
470 2568 518 2648 ὡς
541 2565 564 2663 ή
590 2572 653 2644 τοῦ
677 2562 867 2670 προφήτου
893 2564 1144 2668 διισχυρίσατο
1166 2565 1322 2668 φωνήθ

89 2686 341 2788 ἀκολουθήσας
365 2688 484 2768 τοίνυν
507 2689 527 2768 ὁ
555 2688 739 2771 Φίλιππος
766 2721 810 2794 τη
838 2695 911 2767 τῶν
935 2688 1115 2768 Ἰουδαίων
1140 2690 1288 2795 ῦπονοίᾳ

45 2843 75 2882 20
89 2812 206 2915 φησίν
224 2815 343 2904 Ἰησοῦν
361 2812 412 2891 τδν
430 2812 502 2891 ιἰπδ
521 2812 694 2920 Ναζαρέτ.

320 3044 380 3110 Ἐκ
409 3045 551 3135 Ναζαρὲτ
579 3045 713 3112 δύναταί
740 3071 770 3112 τι
796 3044 917 3120 ἀγαθὸν
945 3039 1049 3126 εἶναι;
1300 3054 1337 3114 47

144 3226 391 3322 Συνομολογεῖ
407 3223 603 3326 προχείρως
626 3220 879 3321 ὁΝαθαναήλ,
897 3221 952 3301 ότι
978 3221 1073 3320 με’γα
1098 3217 1142 3318 δή
1168 3252 1202 3297 τι
1229 3221 1288 3298 καὶ

89 3342 291 3424 κάλλιστον
319 3344 371 3445 ε’ίη
398 3344 441 3424 τὸ
470 3347 510 3425 ἐκ
538 3349 600 3443 τῆς
629 3344 789 3453 Ναζαρὲτ
817 3343 1144 3449 ἀναδειχθήσεσθαι
1170 3377 1289 3446 προσ-

89 3468 300 3565 δοκῶμενον.
351 3472 464 3567 δῆλον
495 3467 532 3549 δὲ
565 3467 680 3569 δήπου
712 3469 856 3551 πάντως
889 3470 1000 3563 ἐστὶν,
1029 3470 1077 3551 ῶς
1107 3469 1148 3545 οῦ
1178 3468 1290 3565 μόνον

45 3622 74 3681 ι5
88 3590 226 3697 ε’δέχετο
252 3591 344 3695 πρὸς
370 3595 497 3672 πίστιν
521 3601 584 3671 τοῦ
612 3591 826 3693 ζητουμένου
852 3590 918 3689 τὴν
938 3590 1114 3693 Ναζαρὲτ,
1138 3593 1223 3670 ἀλλ’
1249 3593 1289 3670 ἐκ

89 3714 198 3811 νόμον
226 3720 283 3795 καὶ
311 3721 509 3822 προφητῶν
535 3715 601 3813 τὴν
625 3722 764 3817 γνῶσιν
789 3711 1038 3816 ε’ρανιζόμενος,
1066 3721 1211 3818 ταχεῖαν
1241 3717 1289 3796 ὡς

87 3839 300 3937 πολυμαθής
322 3840 472 3918 ε’ποιεῖτο
496 3836 562 3936 τὴν
586 3838 747 3917 σύνεσιν.
1300 3870 1318 3912 e

129 4057 150 4093 ι.
169 4041 309 4109 ἐρχόμενον
323 4039 354 4093 Β.
368 4040 499 4113 ἐρχομένῳ
514 4039 564 4093 Ed.
676 4057 700 4094 2.
720 4039 781 4094 ὄντα
793 4050 819 4093 et
831 4049 891 4093 ante
904 4049 930 4091 et
943 4048 1003 4109 post
1016 4041 1229 4110 φιλοπονώτατον
1240 4057 1285 4091 ex·

89 4110 162 4162 hibet
174 4120 199 4162 et
211 4127 265 4162 om.
279 4131 307 4162 τε
322 4110 354 4163 Β.
513 4110 539 4166 6.
558 4115 609 4163 τῶν
620 4128 674 4163 om.
690 4110 721 4167 B.
881 4110 907 4163 8.
926 4109 1014 4177 Ἰησοῦ
1027 4117 1194 4177 assumptum
1207 4126 1239 4160 ex
1255 4107 1285 4161 B.

92 4197 132 4232 10.
152 4180 219 4245 ήκειν
234 4178 265 4232 Β.
436 4197 475 4233 11.
495 4181 579 4251 φησὶν
591 4197 644 4233 om.
660 4180 692 4234 B.
743 4180 859 4248 Βηθλεὲμ
871 4183 904 4250 γή
916 4178 1001 4232 Ἰούδα
1015 4180 1046 4232 Β.
1060 4181 1092 4247 γή
1106 4177 1222 4245 Βηθλεὲμ
1235 4178 1286 4233 Ed.

92 4266 132 4303 12.
150 4250 289 4318 ὀλιγοστὸς
305 4249 335 4303 B.
351 4251 397 4317 (cf.
411 4250 437 4304 in
457 4251 493 4304 xii
508 4250 605 4319 Proph.
619 4265 696 4320 553e
708 4250 755 4304 ubi
771 4250 805 4319 μὴ
822 4249 961 4319 ὀλιγοστὸς
980 4249 1062 4302 codex
1081 4249 1166 4312 alter.)
1179 4248 1214 4316 μή
1230 4248 1286 4301 ὀλι-

87 4321 184 4390 γοστὸς
200 4319 248 4373 Ed.
336 4338 377 4389 13.
395 4323 445 4390 γάρ
458 4326 628 4391 assumptum
641 4339 673 4373 ex
688 4319 720 4373 B.
807 4336 848 4385 ¹4·
867 4320 893 4371 αἱ
905 4327 1074 4388 assumptum
1089 4335 1121 4370 ex
1136 4317 1171 4370 D.
1185 4319 1286 4386 (Alex.)

92 4391 132 4444 16.
151 4389 230 4455 ἦλθεν
246 4390 275 4443 B.
288 4388 370 4458 ήλθον
384 4392 434 4445 Ed.
543 4408 585 4444 20.
607 4389 680 4444 Haec
691 4389 795 4458 Ἰησοῦν
806 4392 851 4443 τὸν
862 4390 913 4443 ἀπὸ
926 4387 1043 4457 Ναζαρέτ
1055 4393 1194 4457 assumpta
1204 4407 1237 4442 ex
1251 4389 1285 4443 B.

89 4478 132 4514 21.
151 4461 300 4531 λέγειοῦτ“
315 4460 462 4529 Ναθαναήλ
482 4459 820 4529 ε’κΝαζαρίτδύναταίτιᾶ
854 4457 991 4521 θὸνεῖναις
1007 4459 1101 4528 Dmg.
1164 4474 1207 4512 22.
1220 4481 1285 4528 προ·

88 4530 274 4602 χείρωςίίοῐθ.
314 4531 339 4586 d.
352 4530 490 4599 προθύμως
506 4532 536 4585 Β.
647 4548 688 4597 24.
709 4531 736 4585 δι’
748 4547 802 4585 om.
843 4529 942 4584 ,διδοῖ
956 4528 1038 4582 (Jord.
