3038 5018
84 304 126 370 vi.
139 322 192 392 51.
260 308 318 374 IN
349 309 382 372 S.
406 307 662 373 JOANNEM.
709 306 888 372 LIB.lV.
934 307 1036 372 CAP.
1062 307 1107 371 11.
1219 308 1282 370 523

83 472 121 549 ἐν
140 477 215 556 τοῖς
237 481 491 574 προλαβοῦσιν
508 470 596 554 εἶναι
622 474 834 574 δεδώκαμεν,
852 470 1073 578 τρεφόμενον
1091 469 1156 570 μὲν
1173 471 1281 580 ἐλαίῳ
1328 478 1439 609 ξὲξῐζὸι

83 601 135 701 τῷ
152 596 404 704 καθαρωτάτῳ,
421 598 597 696 τουτέστι,
617 605 668 706 τῷ
692 598 752 678 διὰ
773 606 838 678 τοῦ
857 597 1066 696 Πνεῦματος
1086 602 1278 703 φωτισμῲ·
1379 582 1385 602 ’
1445 581 1451 595 ’

83 715 154 823 ἔξω
173 718 287 820 γεμῆν
303 729 367 799 τοῦ
389 719 720 820 καταπετάσματος,
739 724 881 822 ε’πείπερ
899 723 1000 801 ε’στὶν
1017 722 1037 800 5
1058 719 1169 821 λόγος
1185 721 1282 827 αὐτῷ

83 842 319 946 κατηχητικός
347 854 368 891 “
386 844 628 944 Ἑτοιμάσατε
661 845 733 948 γὰρ
762 843 828 944 τὴν
857 843 942 924 ὁδὸν
974 845 1118 945 Κυρίου,
1147 847 1277 949 φησὶν,
1328 854 1452 918 Bul-³·

50 976 105 1042 5⁴⁶
124 967 258 1051 εὐθείας
282 975 411 1049 ποιεῖτε
437 968 501 1054 τὰς
526 971 671 1072 τρίβους
695 976 758 1048 τοῦ
777 976 873 1049 θεοῦ
898 969 1030 1067 ἡμῶν.”
1066 966 1113 1047 τὰ
1141 965 1178 1047 δὲ
1206 969 1280 1048 έσω

83 1098 147 1169 τοῦ
183 1091 518 1190 καταπετάσματος,
558 1094 735 1184 τουτέστι,
773 1093 816 1172 τὸ
852 1091 1164 1195 ἀποκεκρυμμένον
1199 1094 1281 1192 περὶ

83 1220 248 1316 Χριστοῦ
276 1217 490 1319 μυστήριον,
521 1218 562 1296 ού
591 1217 674 1296 λίαν
701 1219 870 1322 ἐκφαίνει.
911 1228 931 1264 “
950 1215 1049 1318 Ἐγὼ
1077 1216 1160 1314 μέθ’
1190 1213 1277 1318 γάρ,
1327 1210 1450 1327 Ξῇίιζδίὴ·

84 1343 209 1443 φησὶν,
229 1351 251 1387 “
266 1336 356 1439 ῦμῦς
380 1341 542 1444 βαπτίζω
568 1342 606 1421 έν
629 1343 730 1421 ῦδατι
755 1344 803 1425 είς
826 1340 1028 1440 μετάνοιαν,
1053 1342 1072 1419 5
1099 1341 1136 1420 δὲ
1162 1341 1316 1420 ὀπίσωιΙ

84 1473 105 1509 “
123 1497 193 1561 μου
220 1463 408 1569 ἐρχόμενος
432 1462 662 1570 ἰσχυρότερός
686 1499 756 1564 μου
780 1468 890 1561 ἐστὶν,
914 1465 956 1544 οὗ
982 1466 1045 1544 οῦκ
1070 1468 1139 1561 είμὶ
1164 1462 1282 1548 ἱκανὸς

30 1613 69 1655 10
84 1597 104 1632 “
122 1586 169 1665 τὰ
195 1588 405 1688 ὑποδήματα
429 1588 631 1684 βαστάσαι,
652 1588 759 1674 αὐτὸς
786 1592 876 1686 ύμῦς
901 1590 1075 1684 βαπτίσει
1102 1590 1140 1667 έν
1160 1588 1280 1667 Πνεύ·

84 1721 105 1757 “
124 1746 210 1807 ματι
236 1713 351 1820 Ἀγίιρ
380 1715 438 1791 καὶ
466 1714 586 1813 πυρί.”
626 1715 712 1819 ὁρᾷς
745 1713 807 1794 οῦν
834 1711 931 1797 ὅπως
963 1712 1190 1811 καταλάμπει
1216 1711 1282 1810 μέν

84 1833 200 1932 αὐτὸς,
221 1839 269 1919 ὡς
286 1838 324 1914 έν
343 1835 582 1944 ἁπλουστέριρ
607 1844 658 1944 τῷ
684 1837 784 1943 λόγῳ
804 1843 927 1916 καλῶν
946 1843 994 1921 εἰς
1012 1834 1215 1935 μετάνοιαν,
1238 1835 1283 1914 τὰ

83 1958 196 2061 γεμὴν
223 1960 297 2039 έσω
324 1968 389 2040 τοῦ
416 1959 739 2058 καταπετάσματος
766 1962 997 2061 ἀπογυμνοῦν
1025 1959 1200 2061 ἐπιτρέπει
1230 1971 1282 2065 τῷ

84 2081 293 2184 βαπτίζοντι
319 2082 378 2163 διὰ
405 2083 516 2186 πυρὸς
542 2086 600 2163 καὶ
623 2082 857 2182 Πνεύματος;
890 2086 948 2162 καὶ
972 2080 1196 2183 πλατύτερον
1218 2081 1284 2179 μέν

30 2234 69 2296 15
83 2208 129 2288 τὰ
154 2211 235 2309 περὶ
259 2206 394 2288 τούτων
417 2206 660 2312 διειλήφαμεν,
678 2208 911 2310 προτεθέντος
935 2207 1020 2305 ἡμῖν
1042 2209 1168 2308 ῥητοῦ,
1191 2203 1283 2284 κατὰ

83 2330 150 2431 τὴν
172 2331 286 2436 ἀρχὴν
310 2339 373 2412 τοῦ
399 2332 550 2428 βιβλίου
567 2341 589 2379 “
602 2333 760 2415 Ἐκεῖνος
785 2329 830 2431 ἦν
849 2332 869 2410 5
895 2330 1027 2435 λύχνος
1052 2331 1073 2408 5
1098 2329 1282 2427 καιόμενος
1295 2364 1312 2406 e
1326 2347 1410 2459 {gv}

85 2465 106 2502 “
125 2459 183 2535 καὶ
210 2457 378 2560 φαίνων·”
420 2454 594 2562 ἡψάμεθα
626 2456 669 2535 δέ
691 2490 768 2540 πως
802 2456 841 2534 έκ
866 2457 1101 2557 παραδρομῆς
1135 2453 1279 2555 ἀρτίως,
1328 2447 1381 2540 νιν·
1395 2448 1418 2525 ιῖ

81 2580 224 2681 ἐπείπερ
251 2579 295 2679 ἧν
323 2582 528 2681 ἀναγκαῖον,
551 2578 642 2677 μετὰ
669 2577 735 2678 τὴν
752 2576 922 2658 Ἰωάννου
949 2577 1118 2679 πάροδον,
1141 2579 1283 2679 γείτονα

83 2703 248 2782 δεικνύειν
280 2706 338 2782 καὶ
376 2700 477 2788 εύθῦς
513 2702 673 2803 κειμένην
704 2708 778 2782 τῶν
814 2702 928 2803 ἁγίων
965 2702 1185 2782 ἀποστόλων
1204 2698 1284 2815 Ιτὴν

30 2825 291 2929 τοάνάῤῥησιν.

139 2950 212 3028 Διὰ
240 2947 311 3053 γάρ
339 2951 473 3051 ταύτην
500 2947 596 3049 οἶμαι
623 2946 689 3048 τὴν
716 2951 832 3029 αίτίαν
856 2950 877 3027 5
906 2948 1016 3051 λόγος
1044 2982 1280 3052 προκαταση·

82 3071 197 3173 μήνας
225 3074 334 3153 αὐτὸν
362 3074 420 3154 διὰ
450 3080 514 3153 τοῦ
541 3074 687 3177 λύχνου,
715 3071 782 3172 τὴν
810 3077 867 3153 ἐπὶ
896 3081 969 3156 τοῖς
999 3073 1135 3153 δώδεκα
1163 3072 1284 3173 ἄρτοις

83 3198 232 3300 θεωρίαν
264 3198 347 3296 ἡμῖν
380 3197 611 3298 παρατίθησι·
645 3210 667 3244 “
686 3199 865 3297 Ποιήσετε
897 3195 980 3300 γάρ,
1010 3201 1115 3302 φησὶ,
1147 3197 1283 3276 δώδεκα
1328 3201 1396 3317 ζῇν
1411 3281 1434 3331 5·

83 3331 105 3368 “
123 3323 263 3425 ἄρτους·
292 3319 356 3401 δύο
384 3317 541 3400 δεκάτων
559 3320 664 3400 ἔσται
691 3322 711 3399 5
740 3321 846 3423 α’ίρτος
874 3322 894 3400 5
922 3318 1000 3404 εἶς.”
1032 3321 1111 3403 έθος
1136 3326 1182 3423 τῇ
1205 3321 1282 3426 θείᾳ

31 3473 71 3536 25
83 3453 208 3550 γραφῇ
232 3444 295 3524 τὸν
320 3441 472 3544 ἀρθμὸν
494 3442 559 3524 τὸν
578 3445 672 3540 δέκα,
693 3443 831 3523 τέλειον
850 3447 902 3523 ἀεὶ
927 3445 1197 3546 προσδέχεσθαι
1223 3446 1281 3523 καὶ

83 3570 208 3648 εἰδέναι
226 3567 491 3670 πληρέστατον,
507 3569 648 3669 ε’πείπερ
667 3567 689 3667 ἡ
708 3574 781 3647 τῶν
798 3568 928 3676 ἐφεξῆς
946 3571 1107 3671 ἀριθμῶν
1125 3566 1312 3671 πάροδόςα
1335 3593 1447 3648 357A.

83 3725 121 3771 τε
149 3698 207 3771 καὶ
236 3691 345 3789 θέσις,
374 3691 621 3793 ἀνακύκλησίν
649 3726 729 3772 τινα
757 3695 815 3771 καὶ
843 3691 1182 3790 πολυπλασιασμὸν
1209 3698 1282 3770 τῶν

83 3818 200 3894 αύτῶν
229 3821 277 3898 είς
311 3814 356 3894 τὰ
385 3815 477 3895 αύτῦι
504 3817 687 3922 δεχομένη,
716 3814 806 3919 πρὸς
839 3815 926 3919 ὅπερ
956 3817 1000 3895 άν
1028 3850 1081 3898 τις
1112 3814 1282 3913 ἐθελήσαι

82 3939 216 4042 βαδίζει
244 3942 302 4019 καὶ
329 3941 528 4019 ἐκτείνεται.
571 3942 610 4018 ἐκ
638 3939 700 4020 δύο
728 3949 919 4042 τοιγαροῦν
944 3938 1100 4019 δεκάτων
1128 3939 1282 4016 ἕκαστον

31 4090 70 4148 30
83 4059 170 4141 εἶναι
189 4060 333 4159 κελεύει,
352 4064 411 4142 ἵνα
428 4061 472 4142 τὸ
490 4059 629 4143 τέλειον
648 4064 723 4170 ’ίδῃς
746 4066 783 4142 έν
801 4072 874 4147 τοῖς
892 4069 1078 4162 μαθηταῖς,
1097 4064 1133 4141 έν
1153 4062 1215 4167 ἴσῃ
1236 4069 1280 4167 τῇ

83 4187 260 4295 ξυνωρίδι,
293 4194 338 4293 τῇ
371 4222 408 4267 τε
441 4192 675 4292 πραγματικῇ
707 4192 800 4288 φημι
835 4191 892 4266 καὶ
924 4193 969 4292 τῇ
1006 4186 1098 4267 κατὰ
1131 4189 1281 4288 θεωρίαν

121 4416 162 4468 19.
181 4395 349 4468 ἀποστόλων]
367 4403 395 4461 4
410 4396 470 4466 ἡμῖν
482 4397 534 4454 Ed.
547 4398 631 4453 invito
646 4399 677 4452 Β.
784 4414 827 4453 22.
846 4395 936 4468 αῦτδν]
950 4397 1034 4451 αῦτῶν
1048 4397 1079 4450 Β.
1129 4396 1225 4450 Statim
1238 4397 1280 4451 διὰ

82 4473 129 4523 τοῦ
141 4469 239 4539 λύχνου
252 4469 512 4538 αεςυῐαρῒιιωοκΒ.
561 4470 604 4524 ἐπὶ
619 4468 754 4523 stium.
831 4482 883 4539 ·27.
901 4469 1043 4536 ἀνάκλησιν
1057 4467 1090 4521 Β.
1180 4469 1222 4522 28.
1240 4490 1280 4524 τις

83 4550 252 4610 assumptum
265 4556 296 4592 ex
310 4538 343 4593 B.
417 4554 460 4610 29.
479 4538 630 4612 τοιγαροῦν]
643 4540 729 4594 τοίνυν
742 4539 774 4595 Β.
845 4555 889 4610 3ο.
909 4537 1007 4611 ένίση]
1022 4538 1139 4608 ε’νένήση
1154 4538 1185 4593 Β.

635 4641 728 4708 3x2
