3038 5018
223 297 288 361 394
526 295 565 361 B.
589 296 797 361 CYRILLI
827 296 1113 363 ALEXANDR.
1327 305 1428 372 v·47·

225 470 248 506 “
264 458 424 562 ἀρχαίοις
442 459 501 538 Ού
528 462 739 565 μοιχεύσεις·
769 459 841 562 ἐγὼ
869 459 907 541 δὲ
935 461 1032 563 λε’γω
1061 456 1167 557 ύμῖν”
1192 457 1273 537 Οῦκ
1300 457 1426 535 ἐπιθυ-

221 579 360 680 μήσεις.
397 581 595 687 ἐκλήψεται
616 583 655 663 δὲ
676 582 790 664 πάλιν
807 586 937 683 ὁμοίως
960 582 1003 664 τό
1018 585 1085 668 Ὠς
1110 579 1179 681 ε’μέ,
1197 575 1427 687 χειραγωγὸν

222 705 331 784 οἱονεί
353 737 434 784 τινα
460 707 520 784 καὶ
548 704 814 808 καθηγούμενον
836 707 965 810 λέγων,
984 712 1033 790 εἰς
1057 704 1100 786 τὸ
1125 703 1302 786 δύνασθαι
1331 708 1426 782 νοεῖν

199 866 201 871 ·
221 825 268 905 τὰ
285 830 324 906 ε’ν
341 827 491 926 θελήσει
510 827 656 932 Πατρὸς
674 832 732 909 καὶ
750 830 793 910 δι’
812 826 865 908 δν
882 828 927 909 ἂν
947 829 1085 932 γε’νοιτο
1103 833 1168 927 τῆς
1185 833 1234 911 εἰς
1252 822 1426 929 οῦρανοῦς

221 950 411 1042 βασιλείας
437 952 461 1051 ἡ
491 951 573 1036 ὃδδς
601 951 819 1052 ἱππήλατος·
850 950 975 1056 ὥσπερ
1007 954 1070 1033 οῦν
1102 949 1228 1052 ἀμέλει
1259 952 1319 1029 καὶ
1348 953 1460 1031 τοῖςὸ

221 1075 460 1179 ἀρχαιοτέροις
484 1077 505 1154 ὃ
529 1073 702 1177 μακάριος
722 1079 887 1175 Μωυσῆς
914 1081 979 1175 τῆς
1007 1076 1066 1155 διὰ
1094 1074 1205 1173 νόμου
1231 1075 1420 1172 παιδαγω-

221 1198 303 1300 γίας
329 1195 551 1282 διδάσκαλος
577 1198 796 1305 ἀνεφαίνετο,
824 1204 991 1304 πανταχή
1020 1207 1095 1283 τοῖς
1127 1199 1226 1280 ἰδίοις
1259 1195 1427 1279 ἐπιτιθεὶς

186 1333 208 1398 b
221 1319 347 1423 λύγοις
364 1322 407 1401 τό
425 1332 447 1368 “
459 1320 541 1401 Ἵνα
553 1320 673 1404 πολῦν
687 1319 799 1427 ζήσῃς
817 1321 961 1427 χρόνον,
974 1326 1033 1403 καὶ
1047 1320 1177 1428 ezod&
1190 1353 1236 1399 σε
1252 1316 1387 1419 Κύριος
1403 1318 1426 1396 ὁ

219 1453 242 1493 ‘⁴
262 1443 355 1528 Θεύς
372 1478 443 1524 σου
461 1450 511 1529 είς
529 1444 595 1544 τὴν
613 1448 682 1548 γῆν
695 1442 740 1544 ἢν
753 1443 875 1544 ὤμοσε
891 1453 966 1528 τοῖς
982 1442 1144 1549 πατράσι
1162 1443 1268 1525 σου.”
1302 1438 1427 1538 ἐπειδὴ

52 1566 171 1697 {³:33³}sp
222 1567 260 1647 δὲ
296 1574 371 1653 τοῖς
408 1568 602 1670 εἶρημεῦοις
636 1567 807 1670 ἐπήνεγκε
841 1580 862 1618 “
878 1572 951 1648 Καὶ
987 1567 1176 1671 ἅνθρωπος
1213 1564 1252 1650 ῦς
1289 1564 1334 1644 ἂν
1371 1559 1426 1662 μὴ
1444 1593 1485 1637 10

221 1699 245 1738 “
262 1690 401 1797 ἀκούσῃ
424 1690 497 1771 ὅσα
518 1689 563 1771 ἂν
581 1688 734 1797 λαλήσῃ
760 1694 780 1771 ὁ
801 1690 992 1798 προφήτης
1016 1695 1146 1776 ἐκεῖνος
1171 1692 1230 1770 ε’πὶ
1257 1695 1309 1795 τῷ
1336 1685 1423 1768 ὀνύ-

221 1824 244 1864 “
259 1815 351 1912 ματί
364 1849 445 1913 μου,
461 1813 534 1919 ε’γοδ
551 1812 729 1915 ἐκδικήσω
750 1815 795 1922 ἐξ
814 1816 955 1913 αύτοῦ,”
975 1814 1229 1912 ἀμοθαίνοντες
1246 1810 1428 1907 Ἰουδαῖοι,

219 1939 278 2018 καὶ
314 1935 405 2042 πρὸς
442 1936 606 2043 ἐσχάτην
636 1936 832 2038 δυσηκοΐαν
862 1936 926 2018 τὸν
957 1943 1083 2018 οἰκεῖον
1115 1933 1428 2040 ἀποτραχύνοντες

219 2068 315 2158 νοῦν,
346 2058 569 2162 αὐτόκλητον
599 2061 668 2162 ήδη
701 2059 939 2158 βλεπέτωσαν
972 2069 1048 2145 ταῖς
1080 2063 1215 2140 ἑαυτῶν
1245 2063 1428 2164 κεφαλαῖς

219 2186 477 2269 ἐπαντλοῦντες
507 2183 571 2265 τὸν
601 2184 765 2289 ὄλεθρον·
799 2183 945 2265 ἔσονται
975 2183 1046 2286 γὰρ
1075 2181 1144 2265 ύπδ
1172 2183 1272 2264 θείαν
1298 2181 1425 2284 ὀργήν,
1445 2215 1483 2276 15

189 2308 362 2416 οῦψιθυια
395 2313 459 2408 τῆς
490 2313 540 2393 είς
570 2306 735 2411 Χριστὸν
768 2308 951 2410 παροινίας
983 2305 1026 2388 τὸ
1057 2308 1095 2387 ε’ν
1125 2306 1315 2414 ὁλοκλήρῳ
1348 2312 1428 2387 τῶν

220 2435 368 2534 ἀγαθῶν
398 2429 505 2540 ζημίᾳ
536 2432 706 2534 γενέσθω
745 2428 1002 2531 λαμβάνοντες·
1041 2436 1087 2511 Ei
1122 2429 1195 2534 γὰρ
1231 2431 1428 2511 ἐπίστευον

221 2560 386 2652 Μωυσεῖ,
405 2555 593 2635 ἐπίστευον
615 2552 660 2634 ἂν
685 2561 737 2664 τῷ
756 2560 921 2662 xpm&
950 2559 1033 2658 περὶ
1058 2553 1131 2659 γὰρ
1156 2556 1266 2635 αῦτοῦ
1292 2556 1429 2640 ἐκεῖνος

219 2679 392 2786 ἔγραψεν.

168 2905 205 2966 47
248 2882 284 2954 Εἰ
311 2886 347 2952 δὲ
375 2881 443 2953 τοῖο
468 2885 596 2953 ἐκείνου
626 2888 810 2977 τράμμαοιν
836 2886 873 2951 οὐ
906 2889 1084 2967 πιστεύετε,
1111 2885 1182 2952 πῶς
1209 2881 1277 2954 τοῖο
1303 2882 1400 2964 ἐμοῖο
1444 2907 1487 2948 ²0

656 3012 777 3100 ῥύμασι
803 3012 993 3094 πιστεύετε,

277 3173 433 3274 Πολλὴν
451 3173 496 3253 ἅν
514 3209 565 3282 τερ
591 3171 694 3281 δόξαι
718 3178 776 3254 καὶ
803 3175 887 3255 λίαν
904 3172 1046 3258 εἰκότως
1070 3175 1091 3253 ὃ
1112 3174 1225 3277 λόγος
1242 3176 1336 3281 ἔχειν
1354 3178 1428 3274 τὴν

219 3295 411 3403 ἀσάφειαν.
442 3297 627 3401 οἰχήσεται
645 3297 717 3400 γὰρ
736 3300 793 3376 καὶ
813 3299 877 3378 ούκ
895 3295 967 3377 ἀπὸ
986 3306 1127 3379 σκοποῦ
1144 3298 1236 3401 πρὸς
1254 3301 1428 3386 ὑπονοίας

218 3419 283 3497 οῦκ
307 3421 462 3519 ἀληθεῖς,
483 3422 712 3522 ὑπερκεῖσθαι
734 3420 799 3504 τὰς
818 3419 1006 3505 Μωυσέως
1028 3421 1247 3530 συγγραφὰς
1265 3429 1340 3504 τεῦν
1357 3434 1427 3506 τοῦ

220 3545 389 3645 Σωτῆρος
406 3540 577 3646 ῥημάτων
592 3544 799 3639 ύπολαβιῦν·
828 3542 899 3649 ἔχει
916 3543 988 3647 γάρ
1002 3578 1082 3625 τινα
1098 3554 1258 3626 τοιοῦτον
1271 3548 1292 3628 δ
1309 3545 1427 3649 λόγος
1443 3574 1486 3636 25

185 3660 283 3743 δτδν
305 3664 575 3770 σχηματισμὸν,
595 3669 653 3747 καὶ
680 3666 771 3747 ὅσον
795 3667 897 3747 ἔστιν
921 3669 985 3748 οῦκ
1011 3668 1056 3775 ἐξ
1080 3670 1250 3767 ἀκριβοῦς
1273 3671 1428 3772 θεωρίας

218 3784 369 3873 ἑλόντας
396 3794 515 3888 εἰπεῖν,
541 3789 830 3898 ἀξιολογωτέραν
858 3798 933 3871 τῶν
958 3800 1023 3872 τοῦ
1051 3796 1219 3895 Σωτῆρος
1251 3793 1428 3898 ῥημάτων

217 3916 293 3995 τοῖς
326 3917 560 3998 Μωυσαὶκοΐς
596 3910 886 4016 συγγράμμασιν
917 3911 1088 4019 ἐκπορίζει
1121 3915 1188 4016 τὴν
1221 3915 1426 4025 ὑπόληψιν.

217 4031 277 4113 διδ
294 4031 365 4137 γὰρ
383 4043 449 4116 τοῦ
465 4035 585 4139 λε’γειν
605 4045 644 4116 Ei
685 4036 699 4117 ἒ
717 4041 785 4123 τοῖς
804 4040 923 4118 ἑκείνου
945 4038 1150 4147 γριίμμιιτιν
1175 4047 1210 4122 ιῦ
1235 4049 1427 4137 πιστεύετε,

253 4300 279 4344 2.
297 4287 326 4342 δι’
338 4305 393 4344 om.
407 4290 440 4344 B.
600 4307 627 4361 5.
642 4291 657 4360 ή
674 4293 747 4368 δδδς]
761 4294 852 4352 ἄνοδος
867 4295 899 4348 Β.
1060 4298 1086 4353 8.
1104 4300 1194 4370 λύγοις
1208 4297 1241 4353 Β.
1254 4299 1357 4370 λογίοις
1371 4300 1429 4358 Ed.

315 4360 437 4428 Ιθιιλητον
464 4363 619 4418 οῦτύλεκτον
632 4362 665 4418 Β.
712 4366 804 4420 δοντδν
817 4365 853 4419 D.
998 4369 1039 4424 18.
1059 4372 1143 4438 Μωσῇ
1158 4369 1209 4424 Ed.
1222 4370 1325 4425 correxi
1337 4388 1371 4426 ex
1387 4373 1430 4430 D.

363 4430 441 4485 Eexhl
476 4440 496 4486 t.
651 4448 698 4490 21.
714 4434 849 4491 πιστεύετε
864 4436 897 4492 B.
908 4438 1063 4493 πιστεύσετε
1077 4439 1128 4493 Ed.
1286 4456 1333 4497 22.
1347 4443 1431 4512 δόξαι

379 4516 431 4555 lex
442 4501 513 4556 B.D.
526 4503 639 4558 λίανκοὶ
651 4505 725 4575 δόξαι
737 4505 843 4560 inverso
855 4506 948 4561 ordine
959 4505 991 4561 B.
1039 4509 1094 4579 ἔχει
1108 4509 1141 4565 Β.
