3038 5018
85 289 131 355 vi.
147 311 195 372 ¹4
258 289 316 354 IN
346 289 379 353 S.
404 287 661 354 JOANNEM.
706 286 891 352 mam.
937 286 1038 352 CAP.
1062 287 1123 352 IV.
1220 289 1282 352 421

86 464 109 501 “
126 462 266 534 λαλοῦν
290 455 350 534 ἐν”
371 454 502 537 αὐτοῖς·
533 451 617 539 ἀλλ’
637 453 701 533 οῦκ
728 454 856 552 ἀμισθὶ
882 460 957 539 τοῖς
984 452 1097 557 ἀγίοις
1124 448 1289 546 ἀποστό-·Ε

86 589 167 663 λοις
193 580 215 658 ό
240 577 331 680 πρὸς
353 586 458 658 τοῦτο
487 575 676 678 γενήσεται
703 574 822 662 πόνος.
860 576 1076 680 παραθεῦτες
1103 574 1175 678 γάρ
1201 576 1286 675 ἡμῖν

86 700 153 786 τὰς
193 698 429 800 πνευματικὰς
473 705 586 800 δῆλον
617 698 674 783 ὅτι
716 699 867 806 τροφὰς,
902 704 960 781 καὶ
998 699 1046 781 τά
1086 697 1187 801 παρὰ
1220 707 1286 779 τοῦ

88 829 256 928 Σωτῆρος
283 826 384 924 ἡμῶν
411 823 532 926 ἀγαθά
553 823 859 924 διακονησόμενοι,
879 823 1157 921 πλουσιωτάτην
1183 823 1287 903 ἀποί-

51 968 217 1037 5σοντιιι
241 947 307 1048 τὴν
326 948 584 1045 ἀνταπόδοσιν,
605 951 664 1027 καὶ
684 946 942 1050 πληρεστάτην
962 948 1159 1050 εὑρήσουσι
1186 945 1287 1048 παρά

88 1076 186 1151 θεοῦ
212 1076 277 1170 τῆς
303 1072 511 1177 φιλοτιμίας
537 1070 603 1171 την
625 1071 742 1176 χάριν.
774 1068 870 1170 οἶμαι
897 1070 969 1173 γάρ
994 1081 1112 1161 τοῦτο,
1133 1073 1191 1150 καὶ
1219 1071 1317 1176 οῦχθ

88 1196 208 1299 ἕτερόν
231 1229 279 1293 τι,
297 1198 430 1295 δηλοῦν
453 1195 496 1274 τὸ
523 1192 615 1294 μετά
642 1194 725 1279 τοὺς
753 1193 884 1278 πόνους
912 1197 971 1273 καὶ
998 1193 1064 1293 τὴν
1090 1193 1287 1296 ὑπουργίαν

88 1318 155 1420 τὴν
191 1323 249 1401 ἐπὶ
285 1326 358 1403 τοῖς
395 1317 585 1418 δαιτυμόσι
622 1320 922 1419 δεδαπανημένην,
959 1315 1108 1424 κόφινον
1144 1315 1287 1423 ἑκάστῳ

87 1442 317 1548 συνειλέχθαι
348 1440 484 1542 μεστδν
516 1439 575 1521 διά
606 1442 889 1545 προστάγματος
920 1451 984 1523 τοῦ
1013 1447 1189 1544 Χριστοῦ.
1232 1439 1287 1520 ότι

35 1595 76 1635 10
92 1567 131 1648 δέ
148 1569 223 1666 μετ’
243 1568 392 1650 ἐκείνους
410 1565 455 1646 τὰ
472 1568 511 1645 ἐκ
529 1574 593 1645 τοῦ
609 1565 723 1647 τόπου
741 1564 952 1667 διαβήσεται
974 1569 1031 1646 καὶ
1050 1572 1097 1649 εὶς
1114 1563 1197 1650 τοῦς
1215 1571 1287 1643 τῶν

90 1692 204 1794 ἁγίων
220 1690 434 1792 ἡγουμένους
453 1693 668 1790 ἐκκλησιῶν,
689 1692 751 1770 οῦκ
770 1691 989 1795 ἀμφίλογον.
1283 1736 1287 1763 .

86 1920 127 1989 Οί
154 1919 211 1989 οὖν
238 1923 408 2013 ἀνθρωττοι
435 1922 560 1992 ἰδόντες
589 1926 607 1993 ὃ
637 1924 790 1992 ἐποίησεν
815 1921 948 2001 οιιμεῖον
974 1925 1149 2003 ὁἸιιοοῡς,
1174 1924 1287 1999 ἕλει-ον
1305 1946 1341 2000 14

138 2049 190 2115 δτι
217 2045 313 2118 οὗτός
340 2051 427 2117 ἐστιν
455 2052 473 2117 ὁ
500 2053 672 2140 προφήτου
700 2053 718 2119 ὁ
744 2051 919 2138 ἐρχόμενος
947 2049 993 2116 εἰς
1024 2050 1080 2118 τὸν
1108 2052 1237 2126 κόσμον.
1301 2060 1457 2118 ουθθΑ.

144 2209 377 2313 θαυμάζουσι
396 2210 437 2290 τὸ
456 2219 604 2308 σημεῖον
624 2217 656 2289 οἱ
676 2209 871 2312 δοκιμάζειν
888 2208 1016 2292 εἰδότες
1034 2207 1079 2288 τά
1098 2211 1288 2311 θεοπρεπῆ,

36 2363 74 2424 ¹5
88 2332 148 2412 καὶ
166 2335 376 2442 ἀνθρωπίνῳ
398 2341 543 2431 μᾶλλον
561 2338 730 2441 λογισμῷ
756 2333 997 2431 διοικούμενοι,
1019 2333 1109 2435 ἤπερ
1127 2331 1288 2432 κτηνῶδη

89 2465 278 2540 νοσοῦντες
309 2455 375 2556 τὴν
406 2459 597 2554 ἀβουλίαν,
633 2457 751 2537 ὁποῖοί
784 2492 874 2540 τινες
907 2454 1004 2556 ἦσαν
1032 2461 1066 2536 οἱ
1099 2459 1289 2548 δυσσεβεῖς

87 2582 261 2677 Ἰουδαῖοι,
285 2581 364 2660 δέον
392 2585 612 2688 ὠφελεῖσθαι
640 2588 684 2687 τῇ
714 2589 785 2660 τῶν
814 2581 1035 2680 τελουμένων
1062 2581 1287 2688 περιφανείᾳ,

89 2705 148 2782 καὶ
169 2702 211 2782 τὸ
233 2705 361 2806 κρίνειν
380 2707 495 2806 ὀρθῶς
518 2703 693 2784 δύνασθαι
712 2705 945 2808 ζημιούμενον.
985 2709 1114 2810 χρῆναι
1132 2704 1204 2807 γάρ
1222 2703 1289 2803 ἤδη

90 2828 148 2905 καὶ
176 2833 458 2907 καταλιθοῦσθαι
486 2826 549 2907 τὸν
573 2829 719 2927 Ἰησοῦν
745 2829 959 2932 ἐδοκίμαζον,
978 2836 1051 2909 τῶν
1073 2828 1291 2934 παραδόξων

35 2991 78 3032 20
90 2948 145 3028 ἐντι
170 2948 214 3048 δὴ
232 2950 410 3034 πολλάκις
438 2953 552 3058 ὁρῷτο
581 2950 804 3053 δημιουργός.
843 2955 1006 3051 ἀμείνους
1025 2961 1214 3054 τοιγαροῦν
1232 2958 1290 3030 καὶ

89 3073 132 3153 οῦ
156 3074 247 3152 κατά
274 3109 308 3154 τι
335 3075 438 3178 μέρος
463 3075 583 3180 βραχὺ
606 3081 668 3174 τῆς
691 3075 831 3156 ἐκείνων
849 3076 1029 3171 ἀπονοίας,
1049 3081 1081 3154 οἱ
1099 3078 1183 3179 τῇδε
1202 3082 1324 3154 Onna-b

88 3194 269 3298 μάζοντες,
288 3233 345 3278 και
364 3204 410 3303 εφ
439 3233 489 3277 ενι
517 3199 633 3307 τούτῳ
661 3203 718 3279 καί
747 3199 896 3306 μεγάλιρ
924 3200 1062 3304 σημείῳ
1089 3196 1287 3303 σωφρόνως

90 3322 386 3419 ἀναπεπεισμένοι
405 3320 544 3418 λοιπὸν,
564 3325 679 3423 ’ίτιπερ
698 3322 749 3422 εἴη
771 3320 914 3407 πάντως
938 3319 1042 3405 αῦτδς
1069 3331 1084 3402 ό
1110 3324 1168 3400 καὶ
1193 3322 1218 3422 ἦ
1240 3356 1291 3401 ειν

91 3453 137 3529 εἰς
168 3441 292 3548 κόσμον
313 3449 350 3524 ἐν
376 3448 550 3551 προφήτου
575 3445 676 3552 τάξει
700 3447 1036 3548 προκεκηρυγμένος·
1064 3443 1219 3549 ἐπιτήρει
1243 3444 1290 3542 δέ,

35 3599 77 3661 25
91 3567 163 3667 ὅση
187 3565 300 3649 πάλιν
318 3571 475 3648 ἐντεῦθεν
495 3571 618 3673 ὁρᾶται
644 3567 810 3677 διαφορὰ,
828 3569 951 3671 γένους
979 3605 1016 3650 τε
1041 3572 1134 3675 φημὶ
1162 3578 1225 3649 τοῦ
1249 3569 1294 3675 ἐξ

90 3689 254 3792 Ἰσραὴλ,
283 3696 441 3771 καὶτῶν
469 3693 539 3800 ἐξω
568 3698 631 3792 τῆς
658 3695 831 3777 Ἰουδαίας
858 3693 1036 3792 κειμένων·
1068 3699 1101 3772 οἱ
1128 3692 1193 3789 μέν
1219 3690 1291 3794 γάρ

85 3816 204 3894 καίτοι
229 3822 382 3895 πολλῶν
399 3820 457 3896 καὶ
481 3818 544 3895 οῦκ
569 3817 725 3923 ἀναξίων
744 3824 792 3900 εἰς
816 3815 857 3896 τό
882 3815 1124 3919 θαυμάζεσθαι
1142 3817 1288 3918 γεγονόε

90 3972 149 4022 τες
178 3941 315 4041 θεωροὶ,
347 3943 501 4041 σκληροὶ
531 3941 596 4039 μέν
626 3943 692 4045 οὐχ
725 3940 822 4025 ὅπως
854 3944 925 4020 είσὶ
962 3945 1020 4020 καὶ
1057 3937 1290 4042 ἀπάνθρωποι

127 4183 153 4230 4.
170 4163 241 4230 ἡμῶν
254 4163 286 4219 Β.
300 4163 360 4234 ἡμῖν
373 4162 424 4217 Ed.
511 4179 536 4235 5.
554 4164 730 4219 ἀνταπόδοσιν
743 4163 777 4219 Β.
789 4165 921 4220 ἀντίδοσιν
934 4163 986 4217 Ed.
1075 4182 1102 4236 9.
1122 4161 1289 4235 συνειλέχθαι

90 4233 200 4304 μεστὸν]
215 4234 395 4306 συλλέγεσθαι
410 4233 441 4288 Β.
571 4252 611 4288 11.
630 4235 780 4307 ἀμφίλογον
795 4236 825 4289 Β.
838 4235 990 4306 ἀμφίβολον
1001 4234 1053 4289 Ed.
1182 4251 1223 4289 12.
1244 4232 1289 4358 og]

94 4305 230 4372 -1-μένΒ.
279 4303 526 4374 σημεῖονόἸησοῦς
538 4304 589 4359 hoc
601 4306 694 4359 ordine
709 4305 740 4358 Β.
918 4322 958 4375 13.
976 4306 1049 4358 ἐστιν
1080 4312 1107 4368 -1-
1122 4305 1261 4372 ἀληθῶνΕ
1282 4344 1289 4359 .

91 4375 176 4428 invito
190 4375 223 4429 B.
272 4379 286 4429 ὁ
299 4379 343 4430 alt.
358 4393 411 4428 om.
427 4375 459 4428 B.
582 4377 623 4431 18.
642 4377 689 4446 ἤδη
702 4393 756 4430 om.
771 4375 804 4429 Β.
915 4391 957 4445 23.
976 4375 1046 4445 καὶῆ
1062 4374 1111 4447 ειν]
1125 4374 1244 4446 καθίηξειν
1257 4374 1290 4431 Β.

94 4445 248 4585 (νηῖιχοω.
263 4447 296 4500 B.
405 4461 446 4512 25·
466 4445 582 4513 ὅσηοιο.
598 4446 657 4499 Β..
744 4446 789 4500 τό.
806 4443 869 4516 γὰρ]
883 4448 985 4516 γάρτοι
999 4445 1032 4499 Β.
1153 4446 1292 4516 namur

106 4532 143 4569 οιο
199 4556 205 4570 .

1428 2784 1449 2813 fl
