3038 5018
228 293 293 357 576
532 292 1125 361 B.cYR1Lh1ALExANDR.
1323 256 1442 372 ’νοός

228 455 320 537 κατὰ
348 455 491 538 ταύτόν.
541 459 610 540 ἔδει
639 457 712 563 γὰρ
744 461 804 540 καὶ
834 457 1016 540 πιστεύειν
1044 461 1103 538 καὶ
1131 462 1240 538 νοεῖν·
1286 455 1352 534 καὶ
1381 453 1445 532 ούκ

59 592 175 649 8⁹8A·
199 580 371 683 ae’mc'mp
398 584 477 662 ἐστὶ
504 584 625 663 πίστει
652 582 860 688 παραδεκτὰ
883 583 929 663 τὰ
954 585 1122 686 θειότερα,
1146 579 1207 662 διὰ
1233 572 1351 660 τοῦτο
1375 574 1446 682 χρὴ

227 701 371 788 πάντως
398 707 462 803 τῆς
489 707 542 787 ἐπ’
563 707 681 791 αὐτοῖς
709 707 851 811 ἐρεύνης
879 708 1090 810 ὁλοκλήρως
1117 706 1345 808 ἀποφοιτᾶν,
1369 732 1445 781 πει-

228 833 364 931 ρᾶσθαι
389 827 427 908 δὲ
452 836 597 924 μᾶλλον
615 834 675 910 καὶ
701 839 791 934 γοῦν
809 838 858 917 είς
883 830 1033 932 μετρίαν
1054 829 1261 926 ἀναβαίνειν
1280 831 1441 929 γνῶσιν,

228 949 296 1050 τὴν
314 955 363 1036 ὡς
381 955 419 1032 έν
437 952 605 1061 ἐσόπτρῳ
623 957 681 1034 καὶ
700 954 892 1057 αἰνίγματι,
912 956 1074 1056 καθάπερ
1093 954 1114 1032 ὁ
1133 950 1288 1034 Παῦλύς
1310 957 1474 1054 φησιν.5

229 1074 268 1154 εὖ
286 1073 324 1154 δέ
343 1075 387 1176 δὴ
405 1074 519 1157 πάλιν
537 1080 579 1157 ού
597 1077 772 1181 πρότερον
791 1081 980 1180 ἐγνωκέναι
999 1080 1127 1184 φασίν,
1142 1072 1222 1179 ,εἶτα
1240 1072 1445 1168 πιστεύειν,

229 1197 330 1278 ἀλλὰ
354 1201 546 1303 προθέντες
569 1199 636 1301 τὴν
654 1204 790 1300 πίστιν,
810 1202 976 1304 δευτέραν
990 1200 1058 1300 τὴν
1078 1206 1218 1303 γνῶσιν
1240 1194 1443 1298 ἐπάγουσι.

229 1322 320 1422 μετὰ
348 1322 420 1426 γὰρ
447 1323 513 1424 τὴν
537 1326 664 1406 πίστιν
689 1326 712 1426 ἡ
740 1333 887 1428 γνῶσις,
912 1329 969 1405 καὶ
998 1325 1041 1405 ού
1067 1321 1139 1426 πρὸ
1166 1326 1232 1422 τῆς
1258 1325 1445 1416 πίστεως,

62 1454 186 1521 Μὶν·
231 1445 322 1527 κατὰ
351 1445 393 1527 τὸ
426 1449 674 1552 γεγραμμένον
702 1461 724 1496 “
742 1449 833 1530 Ἐὰν
860 1448 912 1549 μὴ
944 1447 1175 1548 πιστεύσητε,
1203 1447 1283 1525 οὐδ’
1316 1447 1362 1525 ού
1395 1442 1447 1543 μὴ

196 1568 254 1633 b“
269 1572 438 1669 συνῆτε.”
486 1573 813 1675 προκατατεθείσης
844 1572 915 1677 γὰρ
950 1575 987 1652 ἐν
1020 1572 1105 1673 ἡμῖν
1137 1569 1316 1672 κρηπῖδός
1348 1603 1448 1653 τινος
1463 1595 1496 1635 ¹⁰

231 1693 332 1793 δίκην
357 1699 420 1793 τῆς
450 1695 737 1798 ἀπεριεργοίστου
763 1697 930 1793 πίστεως,
950 1699 1228 1795 ἐποικοδομεῖται
1256 1690 1399 1773 λοιπὸν
1426 1692 1448 1793 ἦ

68 1886 106 1936 13·
232 1822 368 1918 γνῶσις
391 1816 483 1898 κατὰ
507 1819 638 1926 βραχὺ,
657 1823 716 1900 καὶ
736 1826 817 1904 “ele
842 1819 974 1923 μέτρον
996 1820 1158 1920 ἡλικίας”
1180 1818 1274 1918 ἡμᾶς
1301 1816 1445 1924 α’ναφέ·

231 1974 350 2043 ρουσα
371 1945 435 2042 τῆς
455 1944 493 2022 ἐν
510 1947 674 2051 Χριστῷ,
693 1948 752 2024 καὶ
771 1955 793 1993 “
806 1949 855 2029 εἰς
883 1944 997 2045 ἄνδρα
1018 1940 1181 2023 τέλειον”
1202 1943 1260 2021 καὶ
1280 1975 1449 2040 πνευμα-

63 2051 151 2169 Em
233 2061 344 2147 τικύν.
390 2065 449 2145 διοί
474 2101 530 2146 τοι
565 2076 671 2147 τούτο
704 2071 762 2147 καὶ
790 2070 811 2148 ὁ
839 2066 932 2152 Θεύς
959 2102 1031 2148 που
1059 2069 1176 2174 φησίν
1202 2078 1225 2112 “
1243 2063 1345 2146 Ἰδού
1372 2064 1449 2168 ἐγὼ

67 2182 106 2234 ¹⁶·
235 2199 256 2237 ‘⁶
274 2192 425 2289 ἐμβαλῶ
458 2195 507 2275 εἰς
534 2190 580 2270 τὰ
608 2189 759 2290 θεμέλια
788 2189 883 2272 Σιὼν
911 2193 1016 2272 λίθον
1043 2187 1212 2271 ἐκλεκτὸν
1240 2190 1449 2292 ἀκρογωνι-
1464 2216 1496 2278 15

118 2380 122 2385 .
233 2325 256 2362 ‘⁶
274 2320 351 2393 αῖον
377 2314 548 2413 ἕντιμον.”
585 2314 680 2420 ἀρχὴ
701 2313 772 2418 γὰρ
801 2316 963 2415 ἡμῖνκαὶ
988 2311 1154 2415 θεμέλιος
1178 2318 1227 2398 είς
1252 2311 1450 2414 ἁγιασμὸν

234 2439 292 2516 καὶ
321 2435 551 2539 δικαιοσύνην
578 2441 598 2518 ὁ
628 2437 799 2542 Χριστὸς,
828 2437 887 2519 διὰ
917 2439 1074 2523 πίστεως
1102 2436 1140 2518 δέ
1168 2435 1353 2538 δηλονότι,
1386 2439 1448 2520 καὶ

205 2561 301 2664 οούχ
319 2560 455 2663 ἑτέρως·
485 2563 578 2641 οὕτω
598 2560 669 2665 γὰρ
686 2565 724 2642 έν
742 2563 830 2663 ἡμῖν
847 2561 1057 2663 ἐνοικίζεται.

290 2681 474 2786 Ἐπιτήρει
508 2683 546 2764 δέ
579 2683 677 2770 ὅπως
709 2690 876 2791 πανταχῆ
907 2690 1107 2786 μοναδικῶς
1141 2688 1200 2764 καὶ
1236 2718 1447 2787 προτεταγ-

235 2806 343 2906 μένον
364 2815 430 2887 τοῦ
454 2807 589 2911 ἄρθρου
612 2810 712 2914 φασί
736 2807 784 2894 ib
809 2807 840 2891 ιῖ
863 2819 879 2892 ὁ
899 2809 1038 2919 Χριστὶς
1062 2817 1077 2891 ὁ
1099 2815 1175 2895 Τίὶς
1196 2809 1252 2888 τού
1271 2810 1362 2888 Θιού
1388 2811 1447 2889 τοῦ
1460 2843 1496 2886 ιο

236 2929 364 3041 (dnos,
382 2935 455 3012 τῶν
480 2930 547 3032 μέν
572 2934 610 3011 ἐν
634 2931 754 3038 χάριτι
782 2933 1008 3033 κεκλημένων
1032 2938 1081 3018 είς
1106 2932 1288 3014 υἱοθεσίαν
1307 2935 1359 3016 ὡς
1383 2933 1449 3013 ἕνα

236 3057 295 3137 καὶ
321 3054 502 3162 ἐξαίρετον
527 3055 766 3163 ύιτεξύγοντες
784 3056 848 3137 τὸν
866 3061 1011 3158 ἀληθῶς
1028 3056 1129 3153 Υἱὸν,
1148 3057 1191 3137 οὗ
1210 3058 1294 3135 καθ’
1315 3056 1444 3156 ὁμοιό-

236 3212 328 3278 τητα
346 3184 404 3260 καὶ
421 3179 521 3279 ἡμεῖς
540 3180 617 3260 υἱοί.
657 3183 716 3259 καὶ
734 3179 798 3260 τὸν
815 3181 981 3285 Χριστὸν
1000 3179 1038 3261 δέ
1055 3179 1170 3260 πάλιν
1186 3181 1448 3260 ἀποκαλοῦσιν

237 3299 345 3382 αὑτὸν
364 3306 413 3386 ὡς
439 3303 512 3383 ἕνα·
541 3301 641 3404 πλὴν
665 3306 786 3384 ἰστέον
811 3303 866 3384 ὅτι
892 3306 1030 3411 Χριστὶς
1059 3304 1176 3384 ούκέτι
1205 3310 1373 3384 καλεῖται
1402 3305 1446 3384 δι’

236 3422 373 3522 ἑαυτὸν,
391 3422 414 3525 ἢ
433 3428 482 3509 ὡς
499 3435 605 3508 τοῦτο
625 3427 796 3533 ὑπάρχων
815 3430 1008 3525 ούσιωδῶς,
1026 3425 1151 3529 ὥσπερ
1173 3427 1236 3506 οὖν
1253 3424 1362 3506 ε’ίτται
1387 3432 1448 3508 καὶ
1463 3457 1500 3520 ²5

235 3545 337 3641 Υἱὸς,
357 3550 441 3627 ἀλλ’
463 3547 511 3632 εἷς
529 3550 594 3647 μέν
612 3551 723 3637 ὅντως
743 3557 800 3633 καὶ
819 3552 1018 3660 ἐξαιρέτως·
1047 3552 1160 3636 οὐδεὶς
1178 3550 1251 3654 γὰρ
1268 3554 1307 3630 ἐν
1325 3586 1446 3656 χρισ-

203 3678 310 3756 ἀτοῖς
345 3674 394 3755 ὡς
428 3672 544 3770 αὐτὸς,
574 3673 673 3773 πλὴν
706 3679 788 3756 καθ’
820 3676 1014 3777 ὁμοιότητα
1043 3674 1111 3774 τὴν
1142 3679 1190 3759 ὡς
1222 3670 1316 3777 πρὸς
1348 3677 1449 3776 ἡμᾶς

236 3792 444 3896 ὀνομάζεται
462 3795 635 3900 Χριστός·
666 3800 788 3902 κύριον
804 3800 870 3900 μὲν
889 3799 961 3904 γὰρ
980 3801 1076 3909 αὐτῷ
1098 3803 1157 3879 καὶ
1181 3800 1450 3907 ἀφωρισμένον

235 3921 354 4002 ἐδικῶς
391 3918 505 4020 ὄνομά
540 3954 579 4000 τε
618 3925 675 4000 καὶ
720 3929 873 4024 πρᾶγμα
913 3926 990 4004 κατ’
1027 3925 1214 4024 ἀλήθειαν,
1255 3921 1297 4003 τό
1334 3925 1446 4025 Υἱὸς,

236 4039 356 4122 κοινὸν
378 4042 416 4122 δέ
444 4047 492 4127 ὡς
519 4042 611 4146 πρὸς
638 4046 730 4144 ἡμᾶς
758 4046 800 4126 τό
826 4048 1003 4149 Χριστός.
1044 4044 1162 4147 ἐπειδὴ
1191 4044 1263 4150 γὰρ
1287 4049 1449 4152 ε’χρίσθη
1463 4079 1500 4138 30

236 4163 326 4246 καθὸ
356 4167 501 4268 γέγονεν
526 4168 725 4271 ἅνθρωπος,
751 4168 809 4248 διὰ
836 4179 941 4250 τοῦτο
964 4168 1138 4273 Χριστός.
1186 4171 1316 4251 ούκοῦν
1342 4179 1376 4252 εί
1406 4172 1450 4253 τὸ

270 4377 297 4430 8.
317 4375 454 4458 ἡγνῶσις]
468 4379 515 4445 τὴν
526 4384 624 4449 γνῶσιν
639 4378 671 4434 Β.
684 4380 773 4434 invitis
786 4380 857 4435 Catt.
951 4400 976 4453 9.
996 4380 1051 4436 οὐδ’
1064 4398 1118 4436 om.
1132 4378 1215 4446 Cord.
1317 4398 1361 4436 12.
1382 4383 1450 4452 ἡμᾶς

235 4445 336 4514 ἡλικίας
348 4465 454 4502 ιιινοτοο
466 4449 615 4536 οτγΙίιιοΙΒ.Δ
716 4465 756 4539 ιγ.
775 4453 972 4523 &assumptum
985 4471 1016 4507 ex
1032 4453 1064 4506 Β.
1170 4452 1211 4505 18.
1230 4451 1450 4526 ‘’rmumptum

235 4533 267 4569 ex
281 4515 314 4569 B·
425 4517 466 4572 26.
486 4519 622 4589 ιξαιρετιος
637 4520 668 4574 Β.
683 4521 815 4593 ἐξοιρετος
828 4521 879 4577 Ed.
989 4525 1031 4577 28.
1049 4523 1100 4594 γὰρ
1113 4540 1168 4577 om.
1183 4521 1215 4578 Β.
