3038 5018
91 272 158 363 i.9,
175 295 222 342 ιο.
279 276 334 342 IN
367 277 401 343 S.
425 278 680 345 JOANNEM.
727 278 874 344 LIB.I.
918 278 1020 344 CAP.
1044 279 1104 345 IX.
1228 280 1290 344 118

92 440 157 522 τὸν
173 444 212 522 ἐν
230 443 380 552 ὑπάρξει
398 446 588 545 λαμβάνει.
628 448 757 529 οὐκοῦν
775 444 983 552 οἰκειότερόν
1000 481 1040 527 τε
1062 449 1120 527 καὶ
1141 479 1288 550 πρεπω-

92 564 262 670 δέστερον
288 569 310 668 ἡ
334 576 407 649 τῶν
430 570 630 674 ἀνθρώπων
651 569 846 677 ἐπιδέξεται
870 570 984 677 φάσις
1008 567 1051 649 τὸ
1075 573 1113 649 ἐκ
1137 568 1292 674 πρῶτων

92 686 193 774 εὐθὺς
210 691 430 797 φωτίζεσθαι
446 692 598 797 χρόνων,
612 693 819 798 σύνδρσμόν
837 728 874 773 τε
892 698 951 774 καὶ
969 726 1289 795 συγκατεσκευασ·

91 811 201 912 με’νην
226 819 279 922 τῷ
306 812 395 896 εἶναι
423 816 624 916 λαμβάνειν
647 815 714 917 τὴν
738 814 890 897 σύνεσιν
913 816 1013 920 παρὰ
1037 825 1102 897 τοῦ
1126 816 1228 901 ὅντος
1253 818 1320 896 ε’να

60 941 145 1041 5τῷ
181 935 309 1044 κόσμῳ
346 939 478 1045 Φωτῖις,
510 941 674 1021 τουτέστι
710 949 774 1021 τοῦ
808 945 1048 1043 Μονσγενσῦς,
1081 939 1120 1024 ὃς
1156 938 1200 1040 δὴ
1233 941 1292 1020 καὶ

93 1057 235 1168 ἇῤῥήτῳ
272 1069 317 1168 τῇ
350 1068 413 1162 τῆς
446 1061 611 1163 θεότητος
648 1062 792 1164 δυνάμει
824 1062 870 1144 τά
906 1061 1025 1145 πάντα
1056 1069 1201 1167 πληροῖ,
1234 1065 1293 1141 καὶ

93 1183 325 1289 συμπάρεστι
351 1187 418 1286 μὲν
445 1188 614 1290 ἀγγέλοις
647 1192 685 1268 ἐν
712 1190 863 1297 οὐρανῷ,
891 1188 1043 1268 σύνεστι
1070 1185 1109 1266 δὲ
1135 1194 1209 1270 τοῖς
1236 1189 1293 1269 ἐπὶ

93 1310 157 1407 τῆς
184 1313 261 1409 γῆς,
285 1308 389 1390 κενὸν
414 1310 452 1391 δὲ
480 1315 543 1410 τῆς
571 1314 697 1392 ἑαυτοῦ
724 1309 892 1412 θεότητος
918 1308 999 1391 οὐδὲ
1026 1310 1135 1390 αὐτὸν
1161 1311 1294 1417 ἀφίησι

94 1426 158 1509 τὸν
176 1427 275 1536 ᾅδην,
295 1437 353 1513 καὶ
376 1439 544 1539 πανταχῆ
570 1442 644 1518 τοῖς
669 1441 785 1517 πᾶσιν
802 1436 983 1534 ἐπιδημῶν
1001 1432 1142 1518 οὐδενὸς
1166 1435 1294 1515 ἀπανί-

45 1589 82 1631 ιο
94 1587 238 1655 σταται,
256 1559 304 1640 ῶς
328 1559 388 1639 ἐπὶ
413 1556 528 1666 τοάτερ
555 1561 614 1638 καὶ
638 1558 723 1637 λίαν
741 1557 884 1642 εἰκότως
908 1555 1206 1658 ἀποθαυμάζοντα
1230 1555 1294 1637 τὸν

94 1677 312 1782 σοφώτατον
335 1681 455 1782 λε’γειν
477 1679 778 1790 μελφδόν“Πσῦ
803 1686 968 1785 πορευθῶ
994 1679 1154 1761 ἀπὸτοῦ
1179 1678 1294 1760 Πνεό-
1338 1708 1381 1757 Pa.

95 1812 119 1849 “
135 1800 248 1901 ματός
275 1838 356 1901 σου,
378 1809 437 1885 καὶ
464 1803 537 1885 ἀπὸ
560 1812 625 1884 τοῦ
649 1805 850 1907 προσώπου
877 1838 948 1885 σου
971 1813 1043 1885 ποῶ
1067 1803 1199 1911 φύγω;
1231 1787 1458 1903 ε’διυδζῖῖῖῖιιι

96 1936 119 1973 “
137 1928 262 2022 ἀναβῶ
288 1934 338 2012 εἷς
364 1927 429 2009 τὸν
454 1927 617 2031 οὐρανὸν,
642 1927 692 2009 σὺ
719 1925 752 2008 εἷ
776 1931 855 2008 ἐκεῖ·
898 1927 961 2008 ἐὰν
986 1934 1134 2024 καταβῶ
1159 1932 1208 2010 εἶς
1232 1926 1295 2006 τὸν

96 2059 120 2098 “
138 2047 241 2157 ᾅδην,
261 2049 380 2156 πάρει·
408 2048 470 2130 ε’άν
488 2049 663 2146 ἀναλάβω
688 2048 754 2134 τάς
779 2050 958 2155 πτέρυγάς
981 2085 1052 2150 μου
1069 2051 1145 2130 κατ’
1165 2047 1297 2153 ὄρθρον

45 2177 197 2262 15“·καὶ
215 2176 488 2275 κατασκηνῶσω
515 2180 563 2259 εἷς
588 2174 635 2255 τά
659 2174 799 2279 ἔσχατα
823 2179 888 2273 τῆς
912 2175 1119 2274 θαλάσσης,
1138 2177 1197 2253 καὶ
1224 2172 1297 2277 γάρ

97 2306 121 2344 “
136 2299 208 2377 ε’κεῖ
227 2299 250 2397 ἡ
275 2299 352 2403 χείρ
376 2333 447 2380 σου
469 2297 642 2400 ὁδηγήσει
660 2334 716 2396 με,
736 2301 793 2377 καὶ
813 2297 953 2403 καθέξει
970 2332 1015 2397 με
1033 2298 1056 2397 ἡ
1073 2296 1173 2405 δεξιά
1190 2299 1295 2377 σου.”

97 2420 232 2506 παντὸς
257 2420 328 2524 γάρ
353 2421 466 2503 τόπου
487 2425 546 2502 καὶ
570 2420 695 2523 πάσης
711 2422 862 2505 κτίσεως
885 2422 907 2522 ἡ
932 2423 1008 2502 θεία
1029 2418 1296 2526 περιδράττεται

98 2547 186 2648 χεὶρ,
203 2534 409 2651 συνέχουσα
427 2544 519 2649 πρὸς
536 2546 578 2626 τὸ
597 2542 685 2627 εἶναι
703 2544 749 2626 τὰ
767 2547 998 2646 πεποιημένα,
1016 2549 1075 2625 καὶ
1096 2547 1292 2650 περισφίγ-

98 2701 218 2769 γουσα
254 2665 345 2773 πρὸς
383 2666 475 2770 ζωὴν
511 2667 558 2748 τὰ
595 2669 684 2773 ζωῆς
721 2668 881 2767 δεόμενα,
913 2673 971 2749 καὶ
1008 2676 1083 2754 τοῖς
1116 2668 1297 2753 συνέσεως

45 2826 86 2868 20
99 2793 267 2875 δεκτικοῖς
285 2790 328 2872 τὸ
348 2791 475 2894 νοητὸν
493 2794 733 2896 ε’νσπείρονσα
752 2798 844 2899 φῶς,
886 2795 964 2873 ἔστι
984 2792 1021 2873 δὲ
1041 2796 1104 2874 οὐκ
1123 2797 1159 2873 ἐν
1178 2794 1292 2900 τόπῳ,
1308 2833 1326 2874 e

99 2912 260 3019 καθάπερ
292 2914 360 3015 ἤδη
392 2917 619 3019 προείπομεν,
650 2915 729 2996 οὐδὲ
761 2915 828 3016 τὴν
860 2916 1101 3016 μεταβατικὴν
1134 2915 1297 3013 ὑπομένει

99 3038 251 3137 κίνησιν·
276 3039 456 3138 σωμάτων
475 3037 547 3144 γάρ
566 3040 655 3120 ἰ’δισν
673 3038 780 3119 τοῦτό
799 3068 853 3141 γε·
881 3047 1020 3142 πληροῖ
1035 3037 1072 3118 δὲ
1089 3045 1234 3137 μᾶλλον
1251 3035 1299 3117 τὰ

99 3160 219 3241 πάντα
238 3166 286 3247 ῶς
305 3163 408 3248 Θεός.

156 3287 263 3365 Ἀλλ’
292 3289 364 3389 ἐρεῖ
386 3322 439 3371 τις
467 3285 557 3392 πρὸς
584 3295 698 3368 ταῦτα
725 3284 835 3390 τυχόν
857 3285 909 3364 Τι’
933 3285 996 3365 οὖν
1021 3283 1091 3387 ἄρα
1119 3282 1248 3389 φαμὲν,
1271 3279 1301 3361 ὦ

48 3438 88 3498 25
101 3416 249 3512 γενναῖε,
269 3408 356 3490 όταν
377 3445 432 3496 τις
457 3412 542 3510 ἡμῖν
563 3416 612 3495 εἰς
636 3410 750 3509 με’σον
776 3409 848 3515 ἄγη
874 3408 1030 3512 λε’γσντα
1054 3407 1117 3488 τὸν
1134 3406 1300 3512 Χριστόν

102 3543 124 3581 “
143 3532 241 3635 Ἐγὼ
267 3539 345 3637 φῶς
370 3539 418 3619 εἰς
441 3535 504 3614 τὸν
522 3531 663 3633 κόσμον
680 3533 844 3633 ἐλήλυθα
858 3531 891 3630 ;”
926 3530 1022 3611 τίδὲ
1047 3529 1295 3637 ἵπανὸψαλ·
1344 3525 1442 3655 ξξῖἵσ

101 3655 220 3763 μερδὸς
245 3656 515 3761 ἀναφθέγγηται
533 3669 555 3706 “
574 3655 865 3764 Ἐξαπόστειλσν
884 3654 926 3734 τὸ
953 3660 1031 3761 φῶς
1058 3689 1128 3733 σου
1152 3656 1210 3733 καὶ
1234 3648 1300 3750 τὴν
1344 3671 1387 3723 Pi·
1400 3670 1455 3721 xii·

103 3789 125 3826 “
143 3776 315 3878 ἀλήθειάν
333 3815 403 3859 σου
416 3782 448 3878 ;”
481 3781 557 3861 ἔδοι)
575 3780 646 3884 γάρ
665 3779 788 3860 ἐνθάδε
806 3785 939 3885 σαφῶς
958 3777 1064 3862 αὐτὸς
1082 3775 1147 3876 μὲν
1164 3778 1297 3875 ε’ληλυ·
1346 3750 1369 3800 3’

103 3899 201 3980 θέναι
225 3905 341 4006 φησὶν
365 3908 414 3987 εὶς
439 3901 503 3984 τόν
525 3903 674 4001 κόσμον,
694 3907 743 3988 ὡς
771 3903 835 3982 αιἰκ
863 3900 914 3980 ῶν
935 3903 973 3980 ἐν
997 3900 1092 4006 αὐτῷ
1120 3897 1298 3998 δηλονότι·

50 4059 90 4117 30
102 4025 309 4123 πέμπεσθαι
328 4024 365 4106 δὲ
383 4025 496 4106 πάλιν
515 4028 535 4104 ὁ
552 4025 715 4133 μελῳδὸς
737 4021 897 4128 ἐλιπάρει
915 4023 979 4103 τὸν
997 4025 1096 4103 οὔπω
1121 4018 1299 4125 παρόντα,

143 4314 167 4351 1.
185 4296 399 4368 πρεπωδέστερσν
413 4298 479 4352 ΒΕ.
492 4296 709 4367 πρεπωδέστατον
720 4295 757 4349 D.
771 4295 822 4350 Ed.
975 4310 1002 4416 ᾖ
1020 4289 1257 4360 κατεσκευασμένην
1270 4291 1302 4346 Β.

105 4367 132 4422 6.
151 4371 182 4436 τῇ
195 4385 249 4422 om.
264 4368 296 4422 B.
424 4385 464 4422 10.
483 4369 529 4422 τδν
540 4370 695 4438 σοφώτατον
706 4366 793 4438 λέγειν
805 4365 856 4420 hoe
868 4364 961 4420 ordine
1138 4378 1181 4416 σο.
1200 4361 1303 4417 ‘'mre'-

104 4436 379 4562 povqaku'ospt‘povan
392 4439 425 4531 [δ’.
438 4438 484 4493 sed
498 4439 672 4505 ε’νσπείρσυσα
686 4437 708 4490 Β
722 4454 777 4506 mg.
892 4450 937 4524 ²²¹.
952 4436 1054 4521 μᾶλλον
1063 4441 1127 4558 Boni
1139 4434 1204 4490 θεὸς
1215 4441 1304 4488 tranu-

106 4518 183 4580 pomt
223 4548 229 4562 .
337 4525 380 4575 αι.
399 4531 449 4580 αρα
461 4517 629 4580 assumptum
641 4525 674 4562 ex
688 4507 755 4562 ΒΕ.
863 4518 906 4577 25.
924 4525 985 4574 ημιν
995 4521 1049 4558 om.
1090 4543 1096 4558 .

150 4609 221 4654 von.
239 4611 261 4654 1.
700 4608 723 4667 Q
