3038 5018
97 290 142 358 iv.
154 305 272 378 50-54·
307 289 362 356 IN
395 290 430 356 s.
454 291 710 357 τοκΝΝΕΜ.
758 292 853 358 LIB.
876 293 924 359 11.
970 293 1072 361 οκς.
1089 294 1130 360 v.
1235 294 1304 358 σοι

98 455 136 535 ἐν
158 452 197 536 δί
220 461 273 563 τῷ
295 455 340 536 Ὀ
359 456 424 541 νίύς
448 490 508 536 σου
531 456 581 567 ζῇ,
601 462 674 536 τῶν
695 458 926 557 ποθουμένων
951 458 973 557 ἡ
999 456 1190 562 πλήρωσις
1213 455 1304 557 μετά

97 582 242 678 πολλῆς
260 612 355 664 τινος
372 582 430 658 καὶ
447 583 666 682 θεοπρεποῦς
683 580 848 688 ἔξουσίας
867 581 1098 690 ἐκφερομένη.

95 794 307 863 Ἐπίστευσεν
329 797 348 865 6
374 795 550 886 ἀνθρωττοι
577 798 625 881 τῷ
651 799 740 882 κότῳ
764 793 794 881 ᾦ
816 791 907 863 εἶπεν
931 798 1022 882 αὐτῷ
1047 798 1223 878 ὁἸιισοΰι,
1249 797 1337 862 «aid

151 921 338 1011 ἐπορεύετο.
390 919 452 986 aba
492 920 528 986 δὲ
564 921 663 987 αὐτοῦ
699 921 961 1003 καταβαίνοντος,
996 919 1025 989 οί
1061 922 1171 989 δοῦλοι
1206 924 1353 993 αὐτοΰ5ῐ

65 1050 87 1111 5
151 1047 341 1112 ἀττιίντιισαν
360 1047 451 1132 αὐτῷ
467 1047 520 1112 καί
538 1047 739 1122 ἀπιίττειλαν
759 1048 909 1117 λέτοντει
927 1049 978 1115 ὅτι
995 1047 1014 1114 6
1034 1045 1101 1114 υίόα
1119 1071 1177 1114 σου
1196 1053 1241 1139 ζῇ.

148 1202 222 1287 Ἐν
253 1215 317 1287 τοῦ
352 1211 520 1311 Σωτῆρος
551 1209 731 1309 ἐπίταγμα
768 1208 832 1287 δύο
863 1212 1083 1313 παραχρῆμα
1118 1207 1303 1311 θεραπεύει

100 1331 239 1437 ψυχάς.
281 1336 333 1438 τῷ
354 1329 420 1429 μίν
439 1328 510 1435 γάρ
532 1336 716 1439 βασιλικῷ
741 1329 807 1430 τὴν
826 1331 990 1432 ἀσυνήθη
1008 1331 1133 1412 πίστιν
1151 1330 1301 1433 ε’νεργοί·

100 1455 206 1558 ζεται,
231 1451 387 1535 θανάτου
414 1453 452 1533 δὲ
480 1454 521 1535 τὸ
548 1453 729 1557 μειράκιον
757 1453 894 1560 ἐξίλκει
921 1463 1142 1554 σωματικοῦ.
1182 1455 1235 1539 τίς
1264 1454 1302 1534 δὲ

100 1576 172 1680 πρὸ
194 1578 290 1662 τίνος
314 1575 409 1662 ὅλως
435 1575 610 1680 ὑγιάζεται
637 1577 800 1681 χαλεπὸν
822 1582 943 1657 εἰπεῖν·
973 1576 1085 1682 ἀμφω
1112 1575 1183 1681 γάρ
1206 1575 1303 1675 οἶμαι

46 1736 89 1779 το
101 1699 193 1780 κατά
210 1699 341 1781 τοῦτὸν
359 1700 592 1802 συνέδραμον,
605 1708 679 1784 τοῖς
696 1708 761 1779 τοῦ
782 1706 948 1802 Σωτῆρος
967 1702 1068 1800 ἡμῶν
1082 1701 1332 1804 ἐπιτάγμασιο

100 1826 165 1923 τῆς
190 1822 301 1904 νόσου
326 1823 516 1923 λαβούσης
540 1822 606 1922 τὴν
629 1825 749 1905 λύσιν.
787 1825 1068 1927 ἀπαγγέλλουσι
1093 1825 1130 1906 δὲ
1156 1824 1222 1926 τὴν
1240 1835 1304 1906 τοῦ

99 1945 227 2031 παιδῦς
248 1947 444 2051 -θεραπείαν
473 1948 695 2032 ὑπαντῶντες
723 1948 854 2027 οἰκέται
882 1950 982 2046 ὁμοῦ,
1011 1952 1070 2029 καὶ
1097 1955 1170 2029 τῶν
1198 1950 1304 2030 θείων

101 2069 353 2175 ἐπιταγμάτων
381 2071 698 2155 ἀπολευκαίνοντες
726 2069 792 2169 τὴν
820 2070 989 2178 ὀξύτητα·
1034 2075 1092 2151 καὶ
1124 2081 1229 2151 τοῦτο
1259 2071 1303 2173 δὴ

100 2194 204 2295 μάλα
239 2200 370 2301 σαφοῦς
402 2199 672 2292 οίκονομοῦντος
705 2199 883 2299 Χριστοῦ·
928 2198 985 2275 καὶ
1022 2201 1074 2302 τῷ
1110 2192 1207 2275 τίλει
1238 2199 1302 2295 τῆς

48 2342 87 2404 15
100 2320 246 2403 ε’λπίδος
275 2315 366 2422 ταχῦ
397 2325 627 2413 βεβαιοῦντες
662 2323 711 2403 είς
742 2318 869 2399 πίστιν
897 2320 1118 2399 ἀσθενοῦντα
1147 2316 1211 2398 τὸν
1238 2320 1298 2397 δε·

101 2439 257 2541 σπότην.

95 2630 258 2697 Ἐπύθετο
286 2627 342 2697 οὖν
370 2633 442 2721 παρ’
474 2632 582 2699 αὐτῶν
609 2633 669 2698 τιίν
696 2635 787 2721 ὤραν
815 2632 954 2715 ἐκείνοιν,
980 2636 1016 2700 ὲν
1045 2631 1064 2726 ᾖ
1097 2636 1300 2722 κομψότερον
1315 2650 1353 2711 52

150 2757 235 2844 ἔσχε,
263 2757 315 2821 καί
343 2750 435 2822 εἶπον
463 2757 553 2842 αὐτῷ
580 2760 630 2826 ὅτι
659 2758 732 2844 χθὲς
760 2761 851 2849 ὤραν
879 2759 1020 2839 ὲβδόμκν
1047 2760 1174 2848 ἀφῆκεν
1201 2760 1300 2827 αὺτὸν

151 2881 170 2950 6
197 2883 347 2971 πυρετός.
393 2882 478 2956 ἔτνω
504 2877 560 2947 οὖν
587 2884 606 2949 6
633 2882 741 2972 πατιίρ
769 2885 819 2950 ὅτι
846 2884 881 2948 ἑν
907 2883 1017 2974 ἐκείνῃ
1044 2890 1084 2973 τῇ
1114 2887 1185 2974 ὥρᾳ
1217 2883 1252 2948 ὲν
1280 2881 1299 2975 ᾖ
1314 2871 1420 3000 ξ3205
1431 2944 1471 3000 Δ.

47 3021 88 3063 20
154 3001 244 3073 εἶπεν
276 3007 367 3091 αὐτῷ
397 3009 416 3074 6
443 3007 577 3088 Ἰιισοΰα,
608 3010 659 3076 ὅτι
694 3010 712 3076 6
749 3005 817 3074 υίόε
853 3030 910 3074 σου
946 3012 991 3097 (ᾗ,
1024 3008 1077 3072 καί
1112 3006 1300 3074 ἐπίστευσεν

152 3131 249 3197 αὐτὸυ
277 3132 331 3196 καί
357 3131 376 3196 τί
405 3128 490 3196 οἰκία
514 3133 613 3197 αὐτοῦ
635 3134 708 3198 ὄλιι.
749 3136 844 3198 τοῦτο
868 3132 967 3198 ττάλιν
990 3130 1143 3220 δεύτερον
1167 3129 1300 3209 σιιμεῖον
1316 3151 1354 3211 54

151 3254 303 3323 ἐποίησεν
321 3256 482 3328 ὁἸιισοῡα
501 3255 607 3324 ἐλθὼν
627 3257 664 3323 ὲκ
682 3263 742 3324 τῆς
756 3230 919 3323 Ἰουδαίου
938 3254 985 3322 είς
1002 3258 1062 3323 τιίν
1083 3254 1269 3323 Γαλιλαίαν.

155 3418 462 3500 Ἀναπυνθάνεται
490 3425 570 3530 παρ’
592 3419 698 3501 αάτιῦν
723 3420 777 3514 τάν
801 3419 884 3527 ύμιν
906 3424 970 3519 τῆς
995 3422 1052 3500 ε’πί
1076 3417 1119 3500 τῦ
1144 3427 1303 3523 κρεῖττον

98 3550 165 3624 τοῦ
182 3551 375 3627 νοσοῦντος
391 3545 516 3647 ῥοπῆς,
535 3550 565 3623 εί
583 3543 767 3649 συντρέχει
785 3541 984 3647 δοκιμάζων
1001 3549 1053 3652 τῷ
1075 3547 1139 3643 τῆς
1157 3542 1303 3648 χάριτος
1407 3545 1414 3553 ’

46 3695 85 3757 25
99 3663 231 3774 χρόνῳ.
277 3666 396 3766 ἐπειδὴ
425 3665 462 3748 δὲ
490 3668 601 3751 οὕτως
628 3669 731 3773 ἔχειν,
754 3670 812 3747 καί
840 3669 907 3773 ούχ
934 3666 1059 3772 ἑτέρως
1086 3665 1302 3765 ε’διδοίσκετο,

99 3788 252 3892 σώζεται
283 3794 437 3888 πανοικὶ,
465 3789 532 3891 τὴν
560 3798 625 3872 τοῦ
659 3787 867 3896 παραδόξου
899 3789 1049 3888 δύναμιν
1078 3792 1219 3873 ἀναθείς
1250 3795 1302 3896 τῷ

99 3917 239 4015 σωτῆρι
257 3919 419 4021 Χριστῷ,
439 3917 498 3994 καὶ
515 3913 640 4018 ὥσπερ
658 3912 737 3993 τινά
756 3919 819 4012 τῆς
838 3916 895 3994 ε’πὶ
913 3911 1050 3997 τούτοις
1074 3913 1335 4017 εύχαριστίαςί)

99 4033 238 4138 καρπὸν
255 4039 539 4141 ἀσφαλεστέραν
556 4036 758 4140 προσάγων
776 4036 841 4137 τὴν
859 4038 998 4118 πίστιν.

139 4244 164 4284 2.
182 4228 341 4299 εἐφερομύνη
354 4229 435 4286 edidi.
447 4231 671 4302 εἐπλφοιρομσίνη
686 4231 718 4285 Β.
731 4229 900 4300 ε’κφσινομίνη
914 4229 965 4287 Ed.
1100 4228 1127 4284 6.
1144 4232 1301 4300 παραχρῆμα

100 4310 271 4369 assumptum
284 4318 316 4354 ex
331 4300 363 4354 B.
474 4318 514 4357 10.
533 4303 694 4370 συνέδραμον
707 4301 739 4356 B.
753 4300 899 4371 σύνδρομον
912 4301 963 4357 Ed.
1077 4319 1087 4353 τ
1091 4313 1119 4370 5.
1136 4303 1301 4362 βεβαιοῦντες

102 4369 174 4424 Β.Ι).
187 4371 354 4434 βεβαιοῦντος
367 4370 419 4426 Ed.
556 4385 596 4442 ιγ.
614 4372 711 4440 εἰιείνην
723 4382 893 4440 assumptum
905 4390 937 4427 ex
951 4372 983 4426 B.
1112 4371 1153 4425 18.
1170 4372 1253 4441 ἔσχον
1266 4372 1299 4426 Β.

101 4439 199 4520 δίυῑὶω
212 4441 253 4495 καὶ
265 4442 297 4494 τά
309 4442 368 4512 ε’ξῆς
380 4441 427 4498 ἕως
438 4444 485 4495 τοῦ
496 4442 537 4496 καί
549 4443 704 4497 ἐπίστευσεν
716 4440 793 4565 (παὲ
802 4441 833 4498 Β.
1000 4458 1044 4507 21,
1054 4458 1098 4496 22.
1112 4441 1147 4497 V.
1156 4456 1191 4514 54
1203 4459 1257 4496 om.
1270 4451 1302 4498 ut

100 4508 158 4564 v1d.
172 4509 204 4563 B.
314 4528 356 4582 ²3·
376 4511 435 4582 παρ’
448 4512 531 4567 αὐτῶν
542 4521 711 4584 assumptum
723 4529 756 4566 ex
796 4551 803 4566 .
