3038 5018
234 299 299 362 294
537 299 576 364 B.
600 297 807 364 CYRILLI
838 297 1124 363 ALEXANDR.
1323 299 1365 362 iv.
1379 318 1432 383 34·

235 462 394 564 “mode
410 497 465 563 με,
484 465 541 543 καὶ
560 497 651 561 μετα
635 461 777 570 δόξης
795 463 1128 567 προσελάβου”
1050 492 1106 561 με
1158 464 1274 566 ὁράτω
1292 460 1435 560 θέλημα

66 573 108 688 ξ’
121 588 190 623 ¹¹¹¹·
235 585 397 668 πάλιν’
379 620 417 665 εν
447 591 499 695 τῷ
533 587 652 688 λε’γειν
682 584 790 667 αὐτόν
818 597 840 634 “
861 586 1022 689 Κάριε’
1004 622 1041 666 εν
1073 593 1124 694 τῷ
1158 584 1335 686 θελήματί
1363 618 1436 663 σου

236 723 257 760 “
274 710 469 816 παράσχου
504 716 556 819 τῷ
593 708 721 790 κάλλει
758 744 829 810 μου
864 709 1049 809 δάναμιν.”
1104 717 1222 813 νευροῖ
1254 707 1326 812 γάρ
1362 715 1438 787 τῶν

235 836 348 938 ἁγίων
371 831 413 914 τὸ
436 832 582 932 κάλλος,
600 835 765 913 τουτέστι
792 831 859 933 τὴν
882 840 931 917 εἰς
956 833 1105 914 ἅπασαν
1126 830 1255 936 ἀρετὴν
1279 831 1435 938 εὐεξίαν,

236 956 279 1038 τὸ
298 955 422 1060 ζῶντε
441 959 499 1036 καὶ
521 954 765 1037 ἐνυπόστατον
783 954 926 1055 θέλημα
952 966 1016 1036 τοῦ
1035 957 1191 1060 Πατρός,
1211 955 1396 1036 τουτέστιν
1416 956 1472 1034 ὁ5

238 1081 337 1165 Υἱός.
384 1079 439 1160 ὅτι
466 1079 536 1185 γάρ
564 1083 643 1159 ἐστι
670 1084 729 1159 καὶ
757 1080 913 1181 δύναμιν,
938 1079 1051 1160 πάλιν
1078 1084 1236 1160 ἐντεῦθεν
1264 1076 1437 1178 συνήσειν

69 1208 191 1334 1⁹⁸¹ss
209 1214 261 1264 θ’(
274 1200 469 1301 Ἔντειλαι,
494 1205 664 1358 φησὶν,
648 1238 668 1282 ο
697 1202 861 1287 θεος
817 1237 863 1308 τη
891 1200 1035 1301 δυνάμει
1055 1238 1144 1300 σου,
1172 1201 1431 1300 δυνάμωσον
1415 1236 1436 1280 ο

241 1338 262 1374 “
281 1325 374 1412 Θεος
397 1335 503 1408 τοῦτο
530 1325 551 1406 ῦ
575 1327 779 1481 κατηρτίσω
804 1325 923 1426 ἡμῖν.”
961 1328 1046 1428 ὁρᾶς
1065 1330 1103 1406 ἐν
1120 1326 1256 1410 τούτοις
1277 1327 1437 1427 ἀκριβῶν

239 1451 377 1558 εῦδοκιᾳ
401 1485 465 1531 του
448 1456 586 1531 θεοῦ
613 1485 671 1530 και
658 1449 853 1551 Πατρός,
876 1455 1129 1551 σαρκωθεῖσαν
1154 1451 1262 1529 αὐτοῦ
1286 1447 1353 1547 τὴν
1374 1448 1438 1526 διί-

239 1609 355 1674 ναμιν,
383 1574 546 1655 τουτέστι
572 1571 636 1654 τὸν
663 1571 764 1670 Υίὸν,
790 1573 849 1652 ἵνα
876 1572 1073 1678 δυναμῶση
1100 1580 1206 1652 τοῦτο
1233 1571 1323 1674 ὅπερ
1353 1572 1438 1671 ἡμῖν
1456 1600 1500 1640 10

239 1699 481 1801 κατηρτίσατο
504 1702 624 1799 σῶμα.
665 1703 694 1776 εί
719 1692 769 1796 μὴ
795 1695 868 1799 γὰρ
892 1694 1101 1796 ἐσκήνωσεν
1123 1698 1159 1775 ἐν
1181 1696 1274 1794 ἡμῖν,
1294 1693 1371 1774 οὐδ’
1391 1692 1438 1774 ἀν

240 1820 336 1906 ὅλως·
362 1820 428 1921 τὴν
448 1818 522 1901 ἀπὸ
550 1827 688 1927 φθορᾶς
717 1820 905 1899 ἀσθένειαν
927 1855 949 1919 η
977 1824 1041 1919 τῆς
1067 1817 1204 1923 σαρκὸς
1232 1817 1438 1898 ἀπεδύσατο

240 1943 363 2050 φάσις.
412 1942 518 2028 αὐτὸς
548 1952 738 2048 τοιγαροῦν
767 1943 937 2047 ὑπάρχων
964 1944 984 2021 ό
1012 1940 1099 2025 Υἱὸς
1131 1941 1172 2021 τὸ
1204 1940 1342 2044 ἀγαθὸν
1371 1949 1437 2021 τοῦ

242 2066 387 2171 Πατρός
416 2068 569 2168 θέλημα,
596 2074 722 2149 τελιιοῖ
752 2067 787 2148 τὶ
822 2067 912 2176 ἔργον
941 2069 1050 2163 αῦτιῦ,
1078 2068 1239 2169 σωτηρία
1271 2074 1345 2150 τοῖς
1375 2100 1436 2145 πι-

240 2190 432 2271 στεύουσιν
450 2197 499 2275 εἰς
517 2189 625 2272 αὐτὸν
643 2191 941 2289 ἀναδεικνύμενος.
1456 2211 1494 2271 15

206 2309 228 2374 b
295 2317 403 2395 Ἀλλ’
423 2318 496 2418 ε’ρεῖ
519 2349 572 2398 τις
597 2311 689 2417 πρὸς
716 2321 821 2393 τοῦτο
848 2311 959 2418 τυχόν
978 2319 1023 2393 Ei
1048 2310 1153 2396 αὐτός
1177 2314 1277 2392 ἐστιν
1302 2315 1323 2393 ὁ
1347 2313 1436 2397 Υἱὸς

240 2438 283 2520 τὸ
307 2437 448 2537 θέλημα
469 2446 533 2519 τοῦ
553 2435 710 2540 Πατρός,
726 2444 831 2516 ποῖον
849 2440 1040 2536 ἀπεσταλη
1058 2437 1268 2539 πληρώσων
1282 2435 1435 2541 θελημας

239 2567 294 2642 δεῖ
317 2561 388 2664 γὰρ
414 2561 533 2664 ἕτερον
555 2558 643 2639 εἶναι
666 2558 766 2662 παρὰ
789 2557 852 2639 τόν
872 2569 1082 2662 πληροῦντα
1105 2560 1148 2639 τὸ
1171 2559 1434 2660 πληρούμενον.

239 2686 278 2764 τί
312 2686 375 2764 οῦν
405 2684 477 2787 ἀρα
507 2681 599 2786 πρὸς
631 2680 736 2763 τοῦτό
769 2691 912 2788 φαμεν;
954 2687 1098 2765 ἀπαιτεῖ
1125 2682 1191 2782 μὲν
1222 2682 1334 2767 ὅντως
1363 2690 1438 2762 τῶν

241 2807 426 2906 ὀνομάτων
451 2809 474 2906 ἡ
503 2806 602 2890 θέσις
629 2811 702 2886 τῶν
726 2805 998 2905 σημαινομένων
1020 2806 1085 2906 τὴν
1108 2805 1305 2909 ἑτερότητα,
1330 2809 1435 2885 ἀδια-
1455 2837 1497 2878 20

242 2938 349 3038 φορεῖ
363 2928 400 3010 δὲ
417 2931 596 3014 πολλάκις
613 2931 671 3010 ε’πὶ
689 2934 797 3025 Θεοῦ,
812 2931 869 3008 καὶ
888 2929 930 3008 τὸ
948 2929 1091 3031 ἀκριβὲς
1109 2933 1147 3009 ἐν
1163 2931 1301 3013 τούτοις
1317 2931 1338 3008 ό
1355 2933 1439 3031 περὶ

241 3059 304 3153 τῆς
329 3052 499 3134 ἀνωτάτω
525 3054 670 3150 φάσεως
694 3059 915 3156 παραιτεῖται
939 3051 1061 3155 λόγος.
1100 3061 1263 3133 λαλεῖται
1290 3051 1363 3156 γὰρ
1391 3051 1441 3132 τά

239 3180 321 3279 περὶ
349 3179 467 3276 αὐτῆς,
496 3179 563 3280 οῦχ
591 3180 639 3260 ὡς
667 3176 738 3281 ἔχει
768 3174 911 3261 πάντως
944 3178 1122 3274 ἀληθείας,
1151 3178 1236 3256 ἀλλ’
1266 3175 1364 3259 ὅπως
1393 3174 1441 3256 ἀν

211 3302 384 3379 οδιίναιτο
413 3300 648 3402 διερμηνεῦειν
676 3335 698 3397 η
728 3305 886 3400 γλιῦττα,
914 3300 973 3379 καὶ
1006 3301 1067 3382 οῦς
1096 3304 1363 3402 κατακροᾶσθαι
1394 3297 1440 3379 τῦ

240 3422 475 3523 ἀνθράυτινον.
513 3425 534 3501 ό
562 3421 634 3524 γάρ
660 3425 699 3501 ε’ν
725 3425 904 3524 αἰνίγματι
931 3425 1091 3519 βλέπων,
1114 3426 1152 3502 ἐν
1174 3423 1354 3524 αἰνίγματι
1378 3426 1439 3502 καὶ
1456 3449 1496 3509 25

240 3552 356 3626 λαλεῖ.
404 3547 478 3625 ἐπεὶ
509 3546 548 3624 τί
574 3543 737 3646 ποιήσεις
768 3545 854 3625 ὅταν
886 3548 906 3624 ὁ
940 3547 1078 3631 ἁπλοῦς
1109 3547 1194 3646 ἡμῖν
1224 3544 1291 3645 τὴν
1322 3544 1440 3651 φύσιν

239 3669 406 3773 εἶσβαίνη
433 3671 594 3766 διπλοῦς,
616 3666 675 3746 διά
699 3676 762 3747 τοῦ
787 3670 905 3771 λέγειν
928 3704 1008 3772 περι
1033 3677 1105 3750 τῶν
1123 3672 1167 3777 ἐξ
1188 3669 1343 3771 Ἰσραηλ
1364 3667 1439 3748 Και

240 3791 285 3871 τά
303 3790 409 3871 τέκνα
427 3793 544 3870 αῦτῶν
562 3794 687 3892 διηγον
706 3790 765 3870 διὰ
782 3792 977 3894 πυρὸς,“ο
956 3792 1059 3874 ῦοῦκ
1068 3792 1360 3944 ἐνετειλάμην’
1317 3800 1441 3878 αυτοῖς

240 3917 339 3994 “xm
365 3915 429 3994 οῦκ
453 3914 608 4015 ἀνε’βη’
590 3949 648 3995 επι
672 3913 739 4014 τὴν
756 3918 904 4017 καρδίαν
922 3918 1025 4014 μου.”
1064 3914 1087 4015 ἢ
1113 3915 1185 4019 γάρ
1210 3919 1273 3995 οῦκ
1297 3915 1441 4016 ἀνάγκη

279 4185 301 4221 1.
320 4189 360 4221 και
373 4190 436 4234 μετα
426 4169 526 4235 δόξης
537 4171 873 4237 προσελαβουμκαεευω
873 4168 990 4221 uexB.
1071 4186 1096 4223 2.
1114 4169 1185 4238 λεγει
1198 4167 1270 4222 Aub
1356 4189 1382 4234 4.
1402 4169 1442 4225 εἷς

239 4239 493 4325 ἅπασανάρετηνΒ.
506 4239 638 4292 dracas
622 4242 713 4319 αρετῇς
728 4238 778 4292 Ed.
826 4239 852 4291 8.
856 4186 1056 4306 κατηρτίσυΒ.
1069 4241 1229 4308 κατειργάσω
1243 4238 1293 4293 Ed.
1340 4247 1441 4308 9.·1]a

238 4310 299 4376 πρὸς
311 4319 337 4361 et
350 4313 419 4361 θεοῦ
431 4310 500 4362 inter
513 4327 541 4362 se
553 4309 703 4378 transpomt
718 4308 748 4361 B
829 4324 869 4374 14.
888 4309 1001 4377 σωτηρία
1016 4308 1073 4361 Ba.
1086 4311 1217 4377 σωτηρίου
1229 4309 1309 4362 Cord.
1324 4257 1370 4362 (ἀί.
1385 4310 1440 4364 Ed

242 4393 283 4444 15.
301 4378 543 4446 ἀναδεικνύμενοτίι.
557 4378 639 4432 Cord.
653 4379 699 4431 Cr.
710 4378 914 4445 δεικνύμενοςΒ.
927 4378 1086 4447 δυροῦμενοτ
1099 4378 1441 4449 Εᾶ.16.τυχονπρὸς

238 4448 585 4502 τοῦτοίυεετεοοτδίιιεΒ.
715 4464 757 4501 21.
775 4469 808 4501 πε
808 4448 1134 4518 piassumptumexssua
1260 4467 1302 4504 22.
1321 4452 1400 4502 λαλεῖ
1412 4469 1440 4504 ιι.

238 4516 764 4584 ήημῐνὸἁπλοῦςίυιυταοοτάἰυεῦ.
873 4534 915 4586 τη
934 4520 1218 4590 τοῦρτοτόνλὶηηιιο.
