3038 5018
272 1056 373 1127 ΤΟΥ
409 1055 481 1126 ΕΝ
516 1055 692 1126 ΑΓΙΟΙΣ
728 1052 941 1127 ΠΑΤΡΟΣ
977 1053 1128 1125 ΗΜΩΝ

450 1312 950 1424 ΚΥΡΙΛΛΟΥ

334 1604 697 1653 ΑΡΧΙΕΠΙΣΚΟΠΟΥ
728 1603 1065 1653 ΑΛΒΒΑΝΔΡΒΙΔΣ

174 1824 257 1900 αις
281 1769 367 1900 Ιτο
407 1825 549 1901 ΚΑΤΑ
590 1825 839 1903 ιαΑΝυιιΝ
878 1765 1222 1902 υγκτταλιου.

67 2136 84 2194 5
569 2145 756 2193 υιυλτου
794 2135 828 2193 ν.
936 2166 939 2176 -

100 2400 227 2482 Ζίρησις
245 2398 367 2482 ἀκριβὴς
388 2401 466 2464 διοτί
483 2398 524 2480 μὴ
541 2400 636 2481 μόνον
651 2402 668 2464 ό
682 2401 802 2484 λόχνος,
818 2400 900 2464 ἀλλὰ
919 2397 1073 2477 καιόμενος
1089 2394 1136 2459 καὶ
1151 2395 1268 2476 φαίνων
1283 2395 1301 2458 ό
1405 2421 1408 2427 ’

357 2508 497 2592 μακόριος
509 2510 678 2591 βαπτιστὴς
691 2513 804 2593 εἴρηται
812 2512 892 2591 παρὰ
899 2512 1040 2591 Χριστοῦ.

147 2671 285 2753 ''APTI
304 2676 363 2752 καὶ
388 2670 494 2771 μόλις
519 2671 584 2752 τὸν
601 2676 659 2754 ἐπὶ
687 2678 739 2782 τῳ
762 2672 914 2781 δευτέρῳ
938 2673 1075 2780 βιβλίῳ
1100 2668 1303 2771 στήσαντες

98 2795 277 2897 κάλαμον,
312 2800 369 2876 καὶ
406 2803 479 2875 τῶν
516 2798 620 2877 θείων
655 2796 896 2901 θεωρημάτων
933 2797 976 2876 τὸ
1011 2794 1133 2876 πλατύ
1170 2827 1208 2874 τε
1245 2795 1302 2873 καὶ

49 2953 85 2992 10
98 2918 194 3016 βαθὺ
217 2918 464 3028 διανηξάμενοι
488 2918 659 3023 πέλαγος,
687 2921 866 3023 καταίρειν
892 2955 929 3000 τε
954 2920 1049 2999 οὕτω
1075 2919 1301 3017 νομίσαντες,
1399 2920 1401 2924 ⁸

100 3046 149 3128 ὦς
167 3050 215 3128 εἰς
233 3043 360 3143 λιμένα
377 3041 419 3123 τὸ
441 3042 557 3141 τέλος,
577 3048 634 3124 καὶ
663 3045 856 3149 μονονουχὶ
878 3047 943 3143 τῆς
969 3043 1114 3148 ἠπείρου
1138 3041 1181 3123 τὸ
1205 3043 1301 3122 σκά·

100 3175 170 3273 φας
203 3164 425 3273 ἐξάπτοντες,
454 3166 636 3269 θαλάττης
669 3169 807 3272 ὁρῶμεν
836 3166 956 3272 ἐτέρας
990 3165 1120 3272 ἀρχὴν,
1150 3165 1214 3247 τὸν
1246 3169 1304 3247 ἐπὶ

99 3298 173 3374 τοῖς
205 3292 336 3397 ἐφεξῆς
368 3289 536 3392 δηλονότι
567 3290 713 3395 δρόμον,
745 3289 788 3372 δν
821 3293 882 3371 καὶ
915 3290 970 3371 ὅτι
1003 3291 1181 3394 προσήκοι
1212 3289 1337 3392 μετὰί)

98 3416 222 3518 πάσης
258 3418 350 3519 ἡμᾶς
386 3416 546 3525 ἐξανόειν
581 3422 756 3517 σπουδῆς,
795 3421 855 3499 καὶ
895 3415 1004 3503 αὐτὸς
1042 3420 1204 3499 δυσωπεῖ
1239 3425 1303 3499 τοῦ

49 3568 86 3628 15
99 3541 311 3647 πράγματος
348 3545 368 3622 δ
405 3539 554 3642 σκοπὸς,
591 3543 771 3624 ἀναπείθει
809 3540 847 3623 δὲ
883 3542 987 3623 οὐδὲν
1024 3541 1131 3643 ἦττον
1168 3545 1227 3622 καὶ
1261 3538 1303 3623 τδ

101 3665 171 3747 ὑπό
191 3701 255 3747 του
280 3666 474 3769 λεγόμενον
494 3677 515 3715 “
528 3668 698 3770 Ἀγαθῶν
725 3665 797 3771 γὰρ
819 3664 941 3748 πόνων
965 3664 1101 3768 καρπὸς
1125 3663 1302 3766 εὖκλεῆς.”
1347 3689 1405 3752 ⁸⁵1³·
1419 3686 1454 3738 iii.

100 3791 187 3895 φέρε
216 3789 259 3889 δὴ
283 3790 347 3871 οὖν
369 3793 416 3875 είς
444 3793 620 3888 εὔτολμον
642 3788 756 3871 πάλιν
775 3791 1029 3888 ἀναβαίνοντες
1054 3791 1303 3898 φρόνημα,τῴ
1349 3765 1388 3817 15‘

99 3913 165 4015 μὲν
183 3917 310 4022 ἀγαθῷ
336 3917 392 3995 καὶ
419 3915 668 4024 φιλανθρώπῳ
687 3920 771 4022 Θεῷ
798 3914 844 3995 τὰ
870 3915 954 3995 καθ’
975 3914 1068 4014 ἡμᾶς
1090 3919 1302 4019 οίοιιιοστρο·

139 4134 197 4184 1-4.
215 4117 256 4171 tit.
269 4116 366 4171 retinui
380 4135 413 4172 ex
426 4116 478 4172 Ed.
490 4114 617 4189 κυρίλλου
633 4118 796 4189 πατριάρχου
811 4116 993 4188 ἆλιξονδρείας
1010 4118 1046 4174 εἷς
1063 4119 1094 4172 τό
1111 4118 1175 4172 και-δ
1186 4116 1306 4189 Ἰαόννην

101 4186 256 4260 εὐαγγίλιον
269 4187 302 4241 Β.
315 4187 351 4245 κός
363 4189 393 4242 τό
405 4189 469 4243 κατὰ
481 4187 600 4257 Ἰωάννην
611 4187 764 4260 εὐαγγέλιον
775 4187 878 4259 Migne.
997 4202 1023 4258 5.
1043 4188 1088 4243 Sic
1101 4188 1173 4243 B.D.
1187 4187 1307 4260 [βιβλίον

101 4261 190 4347 τρίτον
203 4256 254 4330 D.]
266 4260 346 4349 λόγος
357 4259 445 4327 τρίτος
458 4257 509 4313 Ed.
560 4328 566 4341 .
616 4258 643 4314 6.
662 4258 792 4329 κυρίλλου
804 4258 949 4314 ἐπισκόπου
960 4259 1144 4346 δλεξανδρςίας
1153 4259 1258 4328 ζήτησις
1268 4259 1307 4315 Ι).

103 4332 210 4398 ζητησις
222 4329 330 4400 ἀκριβης
341 4347 396 4384 om.
412 4329 445 4385 B.
501 4332 602 4400 όρτιυς
614 4338 783 4400 assumptum
796 4346 829 4383 ex
842 4328 876 4384 Β.
985 4343 1011 4400 7.
1028 4328 1158 4402 Χριστου]
1171 4331 1259 4401 κυρίου
1271 4329 1305 4387 Β.

106 4417 149 4455 τι.
162 4402 263 4469 δρῶμεν
275 4417 329 4454 om.
344 4399 377 4455 B.
452 4398 494 4456 τό.
506 4398 571 4527 mv}
579 4404 625 4454 τοῦ
639 4400 672 4456 Β.
684 4409 711 4455 οι
723 4398 786 4456 αδδ.
798 4399 936 4472 προφὴτου
948 4400 972 4454 Β
982 4418 1009 4455 m
1031 4439 1038 4455 .
1107 4414 1149 4472 ιη.
1160 4398 1206 4456 σόν
1216 4418 1271 4456 om.
1280 4410 1307 4457 ιι

104 4471 184 4527 πόλιν
196 4469 233 4528 τίς
245 4472 372 4539 εὔτολμον
383 4479 417 4526 tr.
432 4470 464 4526 Β.
539 4488 551 4525 1
574 4474 652 4543 ,Θεῷ
665 4488 720 4528 om.
735 4471 768 4527 Β.
804 4419 1260 4545 οίοκοστροφιῖνθοίοκοςίκτρίψιιν
1271 4470 1307 4528 Β.
