3038 5018
61 283 155 372 L13.
247 285 305 350 IN
336 285 370 350 S.
395 283 652 350 JOANNEM.
698 283 795 351 LIB.
818 285 846 352 1.
892 285 995 353 CAP.
1019 285 1080 353 IX.
1203 285 1265 350 135

62 445 233 529 δεδόσθω
256 446 329 553 γὰρ
354 451 473 535 αὐτοῖς
499 449 669 557 ἐξουσίαν
690 447 799 530 εἰπὼν
820 447 920 554 παρὰ
943 458 1008 530 τοῦ
1034 446 1128 530 κατὰ
1151 446 1267 556 φῦσιν

63 577 154 653 Υίοῦ
177 571 270 677 πρὸς
293 571 336 654 τῖι
358 573 529 676 γενέσθαι
546 561 654 653 τέκνα
672 578 779 672 θεοῦ,
799 576 858 652 καὶ
875 571 918 653 τῦ
941 571 1039 653 θέσει
1064 575 1123 654 καὶ
1147 569 1267 676 χάριτι
1310 581 1405 699 effi

63 694 123 776 διὰ
147 696 275 777 τούτου
299 696 592 801 προεισενεγκῦιν,
617 694 811 781 ἀκινδύνως
836 695 960 798 ἐπάγει
985 694 1115 778 λοιπδν
1138 693 1180 776 τό
1202 701 1297 779 ’Euo
1357 683 1364 698 ⁸
1407 684 1415 702 ’

64 822 151 901 Θιοιῖ
169 818 388 924 ἐγεννήθησαν·
418 820 478 901 ἵνα
495 823 555 901 καὶ
572 823 637 920 τῆς
655 820 709 901 ἐπ’
730 821 850 904 αὐτοῖς
872 818 1019 925 χάριτος
1042 819 1201 927 ἐπιδείξῃ
1223 817 1267 901 τὸ
1336 862 1339 866 “

31 939 223 1046 5μέγεθος,
261 939 386 1048 ὥσπερ
422 949 471 1029 εἰς
507 943 706 1044 οἰκειότητα
741 941 903 1052 φυσικὴν
937 941 1187 1045 συλλέγοντος
1224 941 1268 1025 τὸ

63 1065 261 1170 ἀλλότριον
277 1076 341 1148 τοῦ
367 1074 464 1149 θεοῦ
488 1070 548 1148 καὶ
567 1064 726 1172 Πατρῖις,
747 1071 806 1149 καὶ
829 1067 872 1148 τὸ
897 1071 1030 1148 δοῦλον
1052 1071 1101 1151 είς
1127 1071 1265 1149 δεσπο-

63 1186 166 1289 τικὴν
198 1192 377 1294 εὐγένειαν
408 1188 701 1296 ἀναβιβάζοντος,
734 1190 793 1272 διὰ
828 1190 894 1293 τὴν
926 1197 975 1276 είς
1010 1189 1097 1272 αὐτὸ
1132 1190 1268 1294 θερμὴν

63 1313 263 1416 ἀγάπησιν.

121 1438 172 1517 Τί
187 1439 250 1519 οῦν
267 1438 338 1543 ἀρα
355 1436 397 1520 τὸ
414 1438 538 1537 πλέον,
557 1440 630 1542 ἐρεῖ
643 1474 698 1525 τις
715 1438 836 1546 τυχὸν,
855 1437 879 1541 ἦ
904 1439 943 1518 τί
965 1436 1008 1520 τὸ
1029 1438 1211 1546 ἐξαίρετον
1228 1441 1267 1520 ἐν

13 1597 52 1638 10
63 1566 137 1646 τοῖς
165 1562 402 1644 πιστεύουσιν
428 1569 477 1649 είς
501 1561 669 1666 Χριστὸν
695 1561 794 1666 παρὰ
822 1561 887 1643 τὸν
911 1560 1077 1667 Ἰσραὴλ,
1104 1565 1179 1645 ἐπεὶ
1207 1565 1266 1644 καὶ

63 1683 171 1770 αὐτὸς
202 1692 442 1790 γεγεννῆσθαι
477 1686 623 1789 λέγεται
660 1686 761 1791 παρὰ
792 1693 889 1768 θεοῦ
920 1686 1012 1768 κατὰ
1047 1686 1090 1768 τό
1121 1699 1143 1736 “
1157 1687 1266 1773 Υἱοῦς
1310 1709 1383 1762 m
1398 1722 1421 1764 ι.

65 1819 88 1856 “
106 1806 283 1912 ἐγέννησα
300 1814 360 1891 καὶ
378 1813 529 1917 θψωσα,
551 1812 652 1892 αὐτοὶ
669 1810 714 1891 δέ
724 1847 769 1912 με
788 1811 970 1912 ἠθέτησαν
983 1812 1018 1910 ;”
1047 1808 1138 1915 πρὸς
1157 1809 1201 1911 δὴ
1218 1809 1299 1891 τάᾶ

64 1942 212 2014 τοιαῦτα
239 1933 359 2036 λέγειν
383 1931 481 2033 οἶμαι
508 1938 593 2034 δεῖν,
620 1941 766 2039 πρῶτον
788 1933 854 2038 μέν
879 1935 933 2016 ἵπι
956 1947 977 1984 “
991 1933 1103 2016 Σκιάν
1127 1935 1265 2040 ἕχωνό
1310 1941 1416 2059 {Im

66 2066 89 2106 ‘⁴
107 2054 214 2157 νόμος
238 2064 311 2138 τῶν
333 2058 545 2159 μελλόντων
568 2060 726 2161 ἀγαθῶν,
745 2060 809 2139 οῦκ
835 2056 945 2158 αὐτην
962 2057 1029 2159 τὴν
1050 2057 1168 2138 εἰκόνα
1192 2065 1266 2139 τῶν
1328 2044 1336 2062 ⁸

11 2201 52 2262 15
66 2190 89 2228 “
106 2181 365 2286 πραγμάτων,”
386 2181 466 2265 οῦδέ
493 2191 600 2264 τοῦτο
629 2184 704 2263 κατ’
735 2182 906 2283 ἀλήθειαν
932 2182 1025 2288 ἔχειν
1051 2183 1166 2263 ἐδίδου
1192 2188 1267 2267 τοῖς

66 2303 112 2411 ἐξ
133 2303 302 2409 Ἰσραὴλ,
324 2306 408 2385 ἀλλ’
432 2310 481 2391 ὡς
507 2308 546 2386 ἐν
569 2307 672 2414 τύπῳ
700 2310 758 2386 καὶ
786 2303 948 2411 σχήματι
975 2304 1206 2413 γραφόμενον
1229 2308 1268 2387 ἐν

66 2429 187 2511 αὐτοῖς
205 2439 227 2476 “
241 2427 325 2532 ἄχρι
350 2437 473 2533 καιροῦ
498 2430 756 2530 δωρθοῖσεως,”
777 2428 872 2511 καθά
893 2431 1105 2533 γέγραπται,
1124 2430 1206 2511 καθ’
1226 2429 1269 2510 δν
1313 2450 1436 2502 Ιαὶιοο.

66 2549 222 2650 ἔμελλον
246 2552 571 2659 ἀναδειχθήσεσθαι
598 2553 740 2653 λοιπὸν,
763 2559 796 2633 οῖ
822 2551 1119 2657 πρεπωδέστερόν
1143 2589 1182 2634 τε
1210 2555 1269 2634 καὶ

66 2675 313 2779 ἀληθέστερον
339 2679 605 2762 ἀποκαλοῦντες
634 2676 780 2781 Πατέρα
806 2677 871 2758 τὸν
894 2676 1000 2777 θεὸν,
1026 2680 1084 2757 διὰ
1111 2675 1154 2758 τὸ
1181 2679 1269 2757 ἐνοι-

10 2833 53 2876 20
67 2802 179 2897 κῆσαι
202 2800 322 2883 αὐτοῖς
345 2799 388 2879 τὸ
408 2804 558 2899 Πνεῦμα
575 2809 640 2881 τοῦ
660 2806 905 2902 Μονογενοῦς·
935 2806 968 2881 οἱ
993 2800 1059 2900 μέν
1076 2799 1148 2904 γὰρ
1172 2798 1297 2908 εἷχονο

67 2933 88 2969 “
107 2930 249 3023 πνεῦμα
266 2924 428 3007 δουλείας
447 2929 495 3008 εἰς
514 2923 665 3031 φόβον,”
686 2929 718 3005 οῖ
741 2924 780 3004 δέ
797 2935 820 2971 “
832 2933 973 3025 πνεῦμα
993 2926 1199 3024 υῖοθεσίας,”
1220 2931 1269 3011 είς
1311 2937 1405 3067 ξηρὴ

67 3047 280 3149 ἐλευθερίαν,
299 3056 321 3093 “
335 3043 422 3153 ἐνῷ
446 3045 619 3151 κράζομεν
637 3049 763 3143 Ἀββοῖ
786 3050 806 3127 ὁ
827 3046 987 3151 Πατήρ.”
1025 3049 1152 3127 οὐκοῦν
1171 3049 1191 3127 ὁ
1210 3046 1269 3127 διὰ
1357 3041 1364 3057 ’
1407 3040 1414 3055 ’

66 3170 224 3255 πίστεως
242 3174 305 3269 τῆς
324 3175 372 3255 εἰς
390 3169 555 3273 Χριστὸν
574 3170 827 3271 ἀναβήσεσθαι
852 3171 1000 3270 μέλλων
1017 3177 1066 3255 είς
1089 3174 1270 3252 υἱοθεσίαν

67 3292 168 3391 λαὸς,
191 3291 352 3397 καθάπερ
377 3296 415 3374 ἐν
439 3301 559 3378 σκιαῖς
585 3297 624 3375 ἐν
645 3296 765 3403 ἐκείνην
792 3293 1123 3402 προκατεγράφετο,
1144 3293 1269 3397 ὥσπερ

15 3440 54 3502 ²5
68 3417 131 3498 οὖν
158 3418 283 3518 ἀμέλει
310 3420 369 3498 καὶ
397 3416 463 3519 τὴν
490 3421 529 3498 ἐν
555 3419 731 3518 πνεύματι
759 3427 908 3519 νοοῦμεν
935 3418 1132 3523 περιτομὴν
1159 3421 1270 3525 ἔντη

67 3542 207 3621 ἐκείνων
243 3539 361 3622 πάλαι
396 3550 740 3646 προανατυττοῦσθω
776 3545 900 3647 σαρκί·
949 3547 1008 3624 καὶ
1050 3541 1271 3643 συλλήβδην

68 3670 186 3762 εἰπεῖν,
204 3664 324 3747 πάντα
342 3663 387 3765 ἧν
406 3669 443 3746 ἐν
461 3666 603 3750 ἐκείνοις
620 3665 666 3747 τὰ
685 3667 836 3769 ἡμέτερα
854 3675 1020 3752 τυπικῶς.
1060 3666 1151 3771 πρὸς
1171 3667 1213 3746 δέ
1226 3700 1270 3769 γε

68 3794 142 3871 τοῖς
174 3787 379 3892 εἰρημένοις,
409 3793 549 3870 κάκεῖνο
582 3789 713 3897 φαμέν,
746 3790 799 3872 ὅτι
833 3792 1001 3893 κέκληται
1033 3797 1187 3873 τυπικῶς
1222 3796 1269 3874 είς

69 3914 249 3993 υἱοθεσίαν
282 3914 303 3992 ὁ
334 3911 489 4018 Ἰσραὴλ
522 3913 580 3994 διὰ
613 3916 763 4014 μεσίτου
797 3915 998 4001 Μωυσέως·
1043 3912 1098 3996 διὸ
1129 3916 1188 3993 καὶ
1220 3919 1297 3999 εῖςο
1338 3936 1436 3996 98A.

86 4186 132 4263 J.
150 4173 212 4227 αὐτὸ
226 4173 258 4228 Β.
267 4174 350 4256 ,αὐτὸν
363 4173 415 4230 Ed.
539 4174 612 4260 933⁹
623 4192 678 4231 om.
692 4175 725 4230 B.
738 4174 838 4230 habent
851 4174 932 4261 Corfi.
946 4175 991 4230 Cr.
1122 4191 1162 4264 ιγ.
1180 4175 1270 4260 λέγειν

70 4265 140 4311 οιμιιι
151 4242 203 4298 hoc
216 4244 310 4298 ordlne
324 4244 357 4298 B.
466 4243 508 4301 16.
528 4268 617 4317 σχημο
631 4246 663 4300 B.
774 4263 814 4316 19.
834 4246 963 4315 ἐνοικησαι
977 4244 1058 4300 Cord.
1074 4243 1120 4300 Cr.
1133 4266 1269 4315 ενοικησαν

70 4313 123 4369 Ed.
160 4314 267 4404 posunt
280 4314 422 4405 hafciqa.
525 4319 617 4406 τοκεῦ
629 4324 797 4386 assumptum
811 4334 845 4407 ex,
857 4315 888 4369 Β.
935 4316 987 4386 γὰρ
999 4312 1083 4386 εἶχον]
1096 4319 1221 4388 παρεῖχον
1234 4316 1267 4408 δ.

70 4384 271 4598 ἐξόζὲἓίξέί
285 4385 709 4583 ’Ὗῖζοῖιοιῗιῦῖιὲἷηηέ
723 4385 1269 4516 οἳ·,οἷ’ἶιίίῖίέῦέίοοοῗίοῖῖῖ

71 4541 172 4590 2‚2.
227 4548 339 4584 τυπικως
396 4544 619 4584 τυπικυετααςι
670 4566 677 4582 .
