3038 5018
193 234 199 246 ’
242 279 306 345 ονε
523 282 1137 349 ·B.cYR1LL1ALExANDR.
1343 303 1373 345 v.
1391 301 1439 365 19.

75 435 201 555 m,
245 444 356 531 ὅντως
388 445 475 527 ὅντα
504 447 600 528 Θεὸν
630 453 692 548 τῆς
726 452 828 549 ἁγίας
861 448 1123 548 νῦνοθετθῦσίς
1153 448 1236 547 ἡμῖν
1268 447 1438 550 ἰθαφῆςῖ

76 568 198 696 ἔξω·
246 580 268 617 “
288 570 422 668 Κύριον
446 571 518 674 γάρ
542 571 721 653 τὸνθεόν
743 607 814 652 σου
841 575 947 676 φησί,
964 570 1239 676 προσκυνήσεις,
1259 573 1316 649 καὶ
1345 569 1441 676 αι’πῷ

76 705 137 763 210
146 708 188 764 Δ.
216 705 269 766 a“
286 693 383 802 μόνῳ
403 695 641 798 λατρειίσεις.”
679 697 764 776 ἀλλ’
786 699 850 776 οὐκ
869 694 914 775 ἀν
933 693 1133 803 ἀπεσφάλη
1156 703 1219 775 τοῦ
1242 693 1440 797 πρέποντος

244 819 267 918 ἡ
300 819 385 922 ἁγία
415 819 578 917 μάλιστα
610 827 682 901 τῶν
710 820 878 922 ἀγγέλων
904 818 1056 920 πληθὺς,
1078 825 1278 924 προσκυνεῖ
1306 815 1344 897 δὲ
1375 814 1441 895 τὸν

241 940 332 1023 Υἰδν
360 948 416 1023 καί
445 945 605 1047 λατρεύει
632 945 713 1040 μεθ’
738 945 848 1044 ἡμῶν,
867 942 958 1025 κοτά
987 945 1101 1050 φύσιν
1129 943 1216 1023 ὄντα
1240 940 1336 1022 θεὸν
1363 942 1473 1035 ἐπι-5

240 1067 483 1168 γινώσκουσα,
502 1072 559 1148 καί
586 1070 627 1149 οιί
656 1071 836 1166 διδακτῶς,
863 1072 911 1151 ῶς
937 1071 1058 1148 ἐκεῖνοι
1089 1065 1280 1170 ληροῦντές
1310 1072 1437 1171 φασιν·

241 1189 382 1294 οὐγὰρ
413 1190 655 1290 αἰσθάνονται,
674 1190 764 1271 κατά
792 1191 834 1271 τὸ
864 1190 964 1287 εἰκὸς,
984 1191 1083 1276 ὅσοις
1111 1194 1270 1270 ἐντεῦθεν
1296 1222 1439 1290 περιπε-

240 1323 390 1395 σοῦνται
407 1323 480 1398 τοῖς
498 1313 719 1416 ἀτοπήμασι.
757 1322 901 1416 πρῶτον
919 1313 984 1411 μὲν
1002 1313 1074 1417 γάρ
1093 1316 1113 1395 ὁ
1131 1312 1219 1398 Υἱὸς
1237 1312 1440 1393 ἀλλοίωσίν

240 1472 279 1518 τε
302 1443 359 1520 καί
385 1437 522 1541 τροπήν
540 1439 606 1540 τὴν
621 1443 679 1518 ε’πί
701 1439 743 1518 τὸ
761 1439 878 1543 μεῖζον
897 1441 945 1523 ῶς
964 1439 1008 1545 ἐξ
1026 1436 1216 1522 ε’λάττονος
1233 1437 1438 1543 ε’πιδέξεται,

72 1571 135 1688 ἔω·
146 1571 182 1622 ἰῑὶ
206 1565 355 1644 δκοίτοι
377 1563 436 1643 διά
457 1570 521 1643 τοῦ
539 1561 729 1669 προφήτου
746 1563 865 1663 λέγων
884 1561 989 1647 αὐτός
1008 1573 1030 1610 “
1041 1559 1166 1657 Ἴδετε,
1184 1562 1273 1641 ἰδετε
1291 1561 1347 1641 ὅτι
1365 1562 1438 1662 ἐγώ
1456 1603 1495 1643 ιο

90 1673 96 1687 ’
241 1697 264 1735 “
274 1692 354 1786 εἰμι,
366 1689 424 1769 καί
439 1689 503 1766 οὐκ
517 1687 748 1787 ἡλλοίωμοι·”
773 1688 1005 1791 διοψεόσεται
1020 1685 1056 1766 δὲ
1071 1686 1214 1770 πάντως
1228 1689 1285 1764 καί
1300 1687 1320 1764 ὁ
1334 1689 1439 1790 φολ-

71 1821 153 1939 ξγῦὶ
242 1809 361 1919 ρφδδς
379 1814 417 1891 ἐν
431 1811 613 1909 πνεύματι,
628 1822 649 1858 “
662 1809 715 1890 Σὺ
734 1808 770 1888 δὲ
789 1813 809 1890 ὁ
828 1810 934 1895 αὐτὸς
952 1808 1017 1907 εἰ,”
1033 1817 1131 1903 βοῶν
1144 1808 1235 1912 πρὸς
1253 1808 1317 1888 τὸν
1330 1808 1435 1888 Υἰόν.

106 1925 113 1940 ’
239 1933 413 2038 περιμένει
444 1933 529 2037 γὰρ,
562 1937 609 2017 ῶς
638 1934 763 2013 ἐκεῖνοί
790 1941 919 2038 φασιν,
953 1938 1163 2039 ἐνεργοῦντα
1194 1933 1258 2012 τὸν
1289 1932 1439 2035 Πατέρα

238 2044 323 2161 περί
345 2093 380 2138 τι
406 2064 479 2138 τῶν
504 2057 628 2157 ὄντων,
646 2062 748 2138 οἱονεὶ
778 2058 982 2159 καθηγητήν
1009 2093 1089 2137 τινα
1117 2063 1175 2138 καὶ
1204 2058 1437 2154 διδάσκαλον,

237 2183 295 2263 ἵνα
313 2182 500 2288 θεωρήσας
525 2182 669 2284 γένηται
693 2180 860 2280 μιμητής·
890 2179 965 2262 εἶτα
982 2190 1060 2267 πῶς
1084 2185 1105 2262 ὁ
1130 2190 1287 2266 τοιοῦτος
1305 2182 1370 2260 οὐκ
1389 2182 1437 2261 ἀν
1455 2222 1493 2281 15

237 2342 288 2415 τερ
306 2306 410 2413 δόξαι
428 2306 557 2387 λοιπὸν
575 2306 619 2411 ἐξ
634 2306 779 2404 ἀγνοίας
797 2311 861 2405 τῆς
878 2312 983 2388 τινῶν
1000 2307 1205 2400 ἀναβαίνειν
1219 2310 1267 2388 εἰς
1285 2312 1437 2406 γνῶσιν,

237 2435 295 2511 καί
322 2428 394 2512 ἀπὸ
420 2440 484 2510 τοῦ
508 2430 664 2534 χείρονος
688 2431 973 2532 μετατρέπεσθαι
994 2429 1084 2533 πρὸς
1102 2429 1144 2510 τὸ
1163 2431 1317 2528 ἀρεινον,
1337 2428 1437 2533 εἰπερ

235 2552 323 2634 εἶναι
350 2554 569 2657 λογιοθρεθα
593 2552 635 2632 τὸ
664 2553 788 2651 εἰδέναι
818 2590 852 2635 τι
877 2560 949 2634 τῶν
972 2557 1119 2656 ἀγαθῶν
1144 2564 1207 2634 τοῦ
1232 2553 1282 2654 μὴ
1308 2554 1437 2635 εἰδέναι

237 2678 415 2774 κάλλιον;

206 2837 224 2880 ε
293 2797 385 2880 Εἰτα
406 2803 443 2881 τί
464 2800 555 2904 πρὸς
579 2801 713 2887 τούτοις
742 2805 867 2905 ἀρᾶται
892 2801 934 2883 τὸ
959 2804 1118 2898 ἀτοπον;
1151 2801 1332 2904 λεγόντων
1349 2803 1436 2902 ἡμῖν
1452 2839 1492 2881 ιο

236 2930 269 3006 οἰ
287 2925 487 3025 παιδευτὴν,
507 2922 530 3026 ἢ
552 2927 699 3030 Πατέρα
720 2933 865 3025 ράλλον
883 2926 1106 3032 εἰσφέροντες
1124 2925 1187 3006 τὸν
1206 2923 1301 3006 Θεόν
1319 2926 1437 3006 Πότε·

235 3049 299 3153 ρόν
323 3084 410 3130 ποτε
440 3057 513 3129 τῶν
536 3050 651 3154 ἔργων
674 3058 739 3130 τοῦ
763 3049 907 3154 Πατρός
935 3053 972 3131 ε’ν
999 3051 1125 3158 ἀγνοίᾳ
1155 3049 1385 3150 καθεστηκὼς
1415 3053 1436 3130 ὁ

235 3174 321 3258 Υἱὸς
354 3178 530 3275 περιμένει
562 3174 604 3254 τὸ
637 3177 731 3271 ἰδεῖν,
760 3174 783 3276 ἢ
817 3176 882 3276 τὴν
914 3179 971 3257 ε’πί
1002 3174 1141 3258 τούτοις
1172 3182 1310 3277 γνῶσιν
1341 3174 1436 3280 ἔχων

234 3297 522 3399 ἀκριβεστάτηυ;
552 3303 582 3378 εἰ
605 3296 669 3397 μὲν
697 3299 759 3379 οὖν
787 3297 904 3379 εἰδότα
926 3298 1122 3400 περιμένειν
1146 3302 1288 3400 ἐροῦσιν
1313 3297 1434 3396 αὐτὸν,

233 3419 486 3522 περιττότατόν
504 3456 538 3500 τι
557 3428 727 3503 ποιοῦντα
744 3429 875 3526 σαφῶς
894 3423 1118 3530 ἐπιδείξονσι,
1138 3426 1195 3501 καί
1214 3420 1435 3503 εἰκαιοτοὶτου
1448 3459 1490 3520 ²5

233 3543 446 3646 πράγματος
471 3543 699 3645 ε’πιτηδευτὴν
721 3544 785 3626 τὸν
806 3547 963 3651 Πατέρα·
996 3550 1016 3627 ὁ
1040 3545 1105 3645 μὲν
1126 3545 1207 3651 γὰρ,
1227 3546 1315 3651 ὅπερ
1340 3543 1435 3626 οἰδεν

234 3670 406 3770 ἀκριβῶς,
428 3672 476 3752 ῶς
494 3671 635 3771 ἀγνοῶν
651 3671 909 3769 ἐπισκέπτετοιι,
929 3673 949 3752 ὁ
972 3670 1010 3750 δὲ
1034 3671 1098 3752 τὸν
1116 3670 1232 3750 εἰδότα
1251 3667 1435 3750 διδάσκειν

200 3795 410 3897 δέπιχειρεῖ·
440 3796 498 3872 καὶ
522 3791 590 3873 τίνι
615 3792 819 3874 τῶνόντων
840 3795 905 3874 οιίκ
929 3794 1032 3874 ἔσται
1054 3792 1268 3900 καταφανὲς,
1288 3792 1343 3873 ὅτι
1367 3798 1434 3894 τῆς

233 3915 392 4022 ἐσχάτης
415 3913 641 4017 γελοιότητος
660 3916 747 3997 εἰσον
772 3919 925 3998 κείσεται
948 3916 992 3997 τά
1009 3927 1177 4013 sonaim
1205 3916 1307 3998 ἀλλά
1324 3924 1433 3998 τοῦτο

233 4037 299 4138 μὲν
323 4041 388 4120 οὐκ
414 4041 534 4143 ἐροῦσι
562 4040 681 4144 τυχόν·
709 4041 976 4141 μεταθήσονται
1004 4040 1041 4121 δὲ
1068 4040 1160 4144 πρὸς
1187 4041 1229 4121 τὸ
1257 4042 1430 4122 ἐναντίον.
1449 4079 1491 4136 30

272 4265 296 4306 1.
314 4250 373 4320 ἡμῖν
385 4249 573 4320 νομοθετοῦσής
585 4252 690 4307 inverso
702 4253 794 4308 ordine
808 4253 840 4309 Β.
933 4270 958 4309 2.
976 4257 1045 4324 φησι
1058 4264 1119 4309 ante
1131 4255 1176 4308 τόν
1187 4263 1220 4309 tr.
1235 4254 1286 4309 Ed.
1299 4254 1384 4310 invito
1398 4255 1433 4312 Β.

231 4368 260 4424 6.
276 4336 448 4441 ληροῦόίἰίΒ.
526 4386 550 4444 7.
568 4375 801 4443 περιπεσοῦσινΒ.
880 4393 920 4429 11.
938 4376 1040 4445 μᾶλλον
1051 4393 1101 4466 Pro
1112 4376 1212 4432 πόντιος
1226 4375 1258 4430 B.
1341 4389 1382 4446 17.
1402 4378 1433 4432 τδ

309 4445 492 4569 ποιαιτςεέἱέ.
573 4463 616 4517 23.
635 4446 702 4518 ἔχων
715 4445 747 4501 Β.
761 4446 857 4517 Georg.
871 4447 982 4518 Trapez.
994 4447 1040 4501 οὐκ
1050 4469 1119 4519 εχινν
1132 4446 1183 4502 Ed.
1256 4463 1299 4517 29.
1317 4448 1434 4505 κείσεται
