3038 5018
102 286 148 352 iii.
161 289 213 376 36.
281 288 336 354 IN
369 289 403 356 S.
427 289 682 358 JOANNEM.
728 291 823 358 LIB.
846 291 894 357 11.
938 290 1040 358 CAP.
1064 291 1124 358 IV.
1236 293 1301 355 259

104 449 143 530 δὲ
160 451 221 532 διὰ
244 458 309 553 τῆς
331 455 489 540 πίστεως
513 458 551 537 ἐν
570 457 654 558 ἡμῖν
673 459 693 538 5
711 457 799 543 Υἱὸς
816 458 1004 563 αὐλίζεται,
1022 456 1300 563 πληροφορήσει

103 575 223 680 λέγων
249 581 271 659 5
300 585 450 665 Παῦλος
477 593 499 630 “
514 583 655 664 Τούτου
682 582 788 688 χάριν
815 581 967 682 κάμπτω
995 581 1041 663 τά
1068 579 1204 684 γόνατά
1230 614 1300 679 μου
1345 589 1458 719 {pff-7³¹¹·

104 710 126 747 ‘⁴
144 701 236 806 πρὸς
259 701 323 784 τάν
342 705 500 810 Πατέρα,
519 708 563 814 ἐξ
587 708 630 788 οῦ
656 715 760 788 πᾶσα
781 705 916 809 πατριὰ
940 708 978 786 ἐν
998 707 1137 813 οὐρανῷ
1160 708 1219 785 καὶ
1243 707 1300 786 ἐπὶ
1362 674 1377 717 ⁴
1429 690 1435 705 ⁸

104 835 128 870 ‘⁶
145 830 214 928 γῆς
238 829 455 932 ὀνομάζεται,
477 833 536 912 ἵνα
561 837 613 939 δῷ
639 835 720 930 ύμῖν
742 829 833 911 κατὰ
855 829 897 911 τδ
921 839 1079 913 πλοῦτος
1104 834 1168 929 τῆς
1193 826 1302 934 δόξης

71 961 91 1022 5
105 959 127 996 “
144 953 208 1049 τῆς
227 950 431 1052 ἁπλότητος
448 956 568 1055 αὑτοῦ,
582 955 727 1055 δυνάμει
744 958 1004 1058 κραταιωθῆναι
1021 953 1080 1034 διὰ
1098 960 1161 1035 τοῦ
1182 953 1300 1034 Πνεύ·

105 1082 128 1121 “
145 1107 259 1172 ματος
292 1078 411 1175 αὐτοῦ,
440 1083 650 1179 κατοικῆσαι
682 1077 746 1158 τὸν
773 1076 939 1182 Χριστὸν
967 1081 1005 1157 ἐν
1033 1084 1111 1163 ταῖς
1144 1078 1337 1179 καρδίαιςά

105 1207 128 1244 “
147 1199 246 1296 ῦμιῦν
273 1198 331 1279 διὰ
360 1205 424 1301 τῆς
450 1203 636 1288 πίστεως.”
679 1202 739 1283 ὅτε
766 1204 884 1283 τοίνυν
911 1201 971 1282 διὰ
999 1206 1064 1301 τῆς
1091 1203 1249 1284 πίστεως
1279 1200 1302 1300 ἦ

104 1320 197 1401 κατὰ
229 1323 344 1429 φύσιν
375 1326 458 1424 ἡμῖν
491 1327 748 1433 ἔπεισκρίνεται
779 1323 860 1431 ζωὴ,
893 1331 971 1411 πῶς
1006 1326 1070 1404 οῦκ
1107 1321 1245 1425 ἀληθὴς
1281 1324 1303 1402 5

104 1444 225 1548 λέγων
242 1447 287 1527 ‘0
309 1447 472 1532 πιστεύων
496 1458 541 1537 εἰς
566 1455 618 1533 τδι
642 1456 714 1531 Tiar
739 1451 808 1549 ἔχει
836 1448 915 1559 ζωῆν
934 1450 1078 1543 αἰάνιονς
1109 1446 1216 1528 αύτδν
1241 1450 1303 1547 δη-

51 1596 91 1638 ¹0
105 1568 227 1650 λονάτι
251 1569 316 1652 τὸν
333 1573 423 1654 Υὶὸν
449 1577 506 1655 καὶ
535 1576 600 1680 ούχ
628 1573 750 1677 ἑτέραν
771 1574 851 1654 τινὰ
877 1575 961 1678 παρ’
979 1571 1089 1653 αύτδν
1113 1571 1304 1674 νοουμένην

104 1691 209 1794 ζωήν.

257 1827 299 1893 ‘0
327 1828 364 1895 δὲ
390 1829 537 1896 ἀπειθῶν
564 1833 611 1916 τῷ
637 1828 704 1916 Υἰῲ
731 1832 789 1897 οὐκ
816 1830 934 1910 ὄψεται
961 1830 1020 1897 τάν
1048 1833 1144 1922 ζωήν.

156 1970 240 2075 ’Ap'
260 1976 335 2074 οὖν,
359 1980 433 2080 ε’ρεῖ
455 2013 510 2064 τις
536 1979 657 2086 τυχὸν,
680 1979 801 2083 ἑτέραν
824 1980 908 2080 ἡμῖν
932 1981 1125 2082 πρεσβεύει
1149 1979 1260 2086 δόξαν
1285 1981 1334 2058 ὃς

106 2097 323 2201 βαπτιστὴς,
355 2107 414 2185 καὶ
445 2105 510 2184 τὸν
539 2108 604 2204 τῆς
637 2103 873 2188 ἀναστάσεως
902 2104 1137 2210 παραφθείρει
1175 2100 1303 2206 λόγον,

49 2241 90 2304 15
107 2219 441 2327 ζωοποιηθήσεσθοιι
478 2227 543 2330 μὲν
576 2228 639 2309 τὸν
671 2228 889 2309 πιστεύοντα
925 2226 1055 2330 λέγων,
1087 2224 1151 2306 τὸν
1183 2226 1221 2307 δὲ
1256 2226 1306 2329 μῆ

106 2356 268 2429 τοιοῦτον
290 2356 348 2433 οὐκ
373 2347 533 2457 ἀφεσθαι
559 2352 638 2463 ζαῆν
663 2352 757 2435 ὅλως
786 2351 1099 2448 διαβεβαιούμενος
1111 2383 1122 2447 ;
1155 2352 1302 2455 ε’γερθη·
1342 2390 1344 2394 ’

106 2469 249 2570 σάμεθα
267 2473 305 2555 δὲ
328 2476 420 2557 κατά
436 2512 479 2579 γε
497 2476 539 2559 τῦ
558 2476 648 2562 εἰκὸς
667 2478 708 2557 οῦ
727 2474 868 2566 πάντες,
888 2474 1022 2575 ταύτην
1041 2476 1125 2574 ἡμῖν
1143 2481 1304 2555 εἶσκεκο·

106 2596 252 2694 μικάτος
277 2608 342 2680 τοῦ
373 2601 487 2702 λόγου
514 2599 581 2699 τῆν
608 2599 795 2708 διαφοράν·
836 2596 912 2679 εἶτα
938 2606 1005 2679 ποῖ
1027 2633 1116 2681 ποτε
1148 2597 1307 2704 χωρήσει
1333 2624 1336 2628 ’

107 2719 150 2800 τδ
178 2723 368 2808 ἀπολύτως
395 2729 452 2804 καὶ
478 2729 526 2810 ὡς
547 2725 602 2830 ἐφ’
624 2720 761 2805 ἅπασιν
780 2723 962 2828 εἰρημένον
980 2720 1306 2822 ’(Ἀναστήσονται
1352 2723 1476 2852 ἔξω·

50 2873 94 2915 20
109 2854 131 2891 “
149 2849 182 2924 οἱ
201 2848 319 2950 νεκροί
327 2850 358 2943 ;”
377 2852 416 2928 τί
429 2850 463 2929 δ’
484 2847 529 2929 ἂν
547 2852 605 2929 καὶ
624 2846 721 2956 δρφη
741 2850 859 2949 λέγων
878 2849 898 2926 5
918 2853 1068 2931 Παῦλος
1087 2857 1109 2894 “
1120 2846 1216 2931 Τοῦς
1234 2844 1306 2949 γάρ
1353 2857 1466 2970 {ow

109 2979 131 3015 “
148 2969 285 3056 πάντας
304 2973 395 3072 ῆμῦς
413 2976 469 3053 δεῖ
484 2977 731 3078 φανερωθῆναι
750 2972 956 3073 ἔμπροσθεν
975 2978 1038 3050 τοῦ
1058 2969 1221 3070 βήματος
1242 2977 1337 3049 τοῦο
1364 2991 1477 3051 lm.

108 3104 130 3139 “
148 3098 324 3198 Χριστοῦ,
337 3096 395 3176 ἵνα
414 3097 604 3197 κομίσηται
621 3096 774 3180 ἕκαστος
793 3095 838 3174 τά
858 3092 916 3172 διά
933 3102 997 3174 τοῦ
1015 3092 1198 3193 σώματος,
1216 3093 1307 3198 πρὸς

108 3225 130 3264 “
149 3215 173 3296 ά
191 3217 358 3327 ἔπραξεν,
378 3220 446 3301 εἴτε
463 3218 602 3324 ἀγαθὸν
620 3219 688 3300 εἴτε
708 3216 882 3324 φαῦλον.”

164 3342 414 3425 Ἐπαινεῖσθοι
435 3345 500 3444 μὲν
518 3344 582 3425 οῦν
600 3341 769 3442 οἰήσομαι
793 3347 864 3422 δεῖν
882 3340 945 3422 τδν
964 3346 1162 3448 φιλομαθῆ,
1181 3344 1309 3446 χρῆναι

53 3487 94 3548 ²5
110 3464 148 3545 δὲ
166 3465 262 3567 ὅμως
280 3465 544 3571 ἀκριβεστάτην
563 3470 600 3547 ἐν
618 3474 692 3550 τοῖς
709 3470 813 3570 ἱεροῖς
831 3464 1024 3569 γράμμασι
1040 3471 1220 3547 ποιεῖσθαι
1242 3463 1309 3564 τῆν

109 3589 287 3686 βάσανον.
340 3592 408 3695 ὅρα
440 3593 511 3697 γάρ
544 3626 605 3690 μοι
641 3596 773 3696 σαφῶς
805 3588 872 3691 τῆν
905 3596 978 3669 τῶν
1010 3589 1201 3692 εἰρημένων
1233 3591 1308 3669 δια·

110 3717 264 3815 στολήν·
294 3719 375 3819 περὶ
392 3714 459 3816 μὲν
476 3714 548 3821 γάρ
565 3723 630 3795 τοῦ
647 3711 882 3798 πιστεύοντός
902 3718 1032 3821 φησιν,
1054 3713 1109 3793 ὅτι
1128 3710 1220 3816 ζωὴν
1238 3713 1259 3792 ἕ
1296 3746 1309 3792 ι

109 3836 175 3937 τῆν
192 3839 348 3936 αἰώνιον,
368 3842 450 3944 περὶ
474 3839 512 3919 δὲ
537 3847 600 3919 τοῦ
624 3837 897 3939 ἀπειθήσαντας,
917 3837 1039 3940 ἑτέραν
1059 3839 1079 3917 5
1103 3839 1213 3939 λόγος
1238 3835 1309 3941 ἔχει

109 3960 176 4061 τὴν
201 3962 372 4069 ἔμφασιν.
413 3965 455 4041 ού
482 3960 554 4063 γὰρ
582 3960 651 4069 ἔφη
680 3960 772 4065 ζωὴν
798 3963 866 4066 οὐχ
893 3961 986 4068 ἕξειν
1010 3958 1130 4041 αὐτόν·
1162 3959 1343 4065 έγερθῆ-Ι)

53 4114 96 4174 30
110 4120 212 4166 σεται
238 4084 310 4189 γάρ
337 4092 388 4194 τῷ
413 4091 517 4193 κοινῷ
542 4089 606 4186 τῆς
630 4084 866 4169 ἀναστάσεως
890 4082 1000 4193 νόμῳ·
1032 4084 1133 4164 ἀλλά
1151 4083 1230 4195 ζαῆν
1250 4090 1308 4165 οῦκ

149 4289 172 4327 1.
192 4272 219 4327 ἐν
231 4271 290 4340 ἡμῖν
301 4284 470 4343 assumptum
483 4290 514 4326 ex
529 4271 562 4326 B.
647 4289 674 4343 3.
693 4268 733 4342 ε’ν]
751 4277 779 4334 †
794 4292 822 4323 τε
836 4269 887 4324 Ed.
899 4269 984 4323 invito
997 4269 1029 4322 B.
1116 4289 1140 4335 4.
1158 4270 1206 4339 γῆς
1220 4267 1310 4394 B'ss‘

109 4345 158 4416 γῆς
172 4341 223 4398 Ed.
259 4344 414 4400 τδπλοῦτος
427 4345 472 4412 τῆς
485 4344 561 4414 δόξης
573 4344 617 4412 τῆς
629 4341 774 4453 ἀπλθθτητος
787 4339 820 4396 B.
832 4342 878 4394 τὸν
887 4341 1003 4395 πλοῦτον
1014 4340 1059 4409 τῆς
1070 4342 1247 4410 χρηστότητος
1301 4380 1310 4396 .

113 4481 154 4536 13.
174 4464 311 4588 ηὴνδόξαΒν
324 4463 356 4519 B.
499 4478 540 4532 15.
560 4428 720 4531 ζωοτοιειθιῆ
735 4463 768 4516 Β.
908 4476 948 4533 17.
967 4484 997 4533 γε
1010 4470 1179 4532 assumptum
1191 4477 1223 4514 εκ
1238 4459 1310 4516 B.D.

113 4553 154 4607 ιο.
173 4558 208 4593 ιιι
220 4552 274 4590 orn.
314 4575 321 4589 .

671 4616 751 4682 212
