3038 5018
104 318 200 390 v·35.
291 303 349 369 IN
380 305 413 372 S.
437 305 692 371 JOANNEM.
737 304 923 371 LIB.III.
968 301 1116 369 CARI.
1241 301 1302 363 371

103 465 277 549 τενόντων
296 470 481 575 ἐπιλογήν.
523 471 692 578 ἀναβήσῃ
718 468 755 550 δέ
779 469 892 552 πάλιν
911 470 999 550 ὅλον
1017 476 1081 548 τοῦ
1107 466 1305 572 κεφαλαίου

102 587 298 695 τὸνλόγον
316 595 599 696 ἀναμασώμενος
624 601 673 680 εἰς
695 594 861 695 τοιαύτην
879 592 959 674 τιυά
978 591 1137 695 θεωρίαν,
1157 593 1216 671 καὶ
1239 588 1304 668 οὐκ

102 714 283 822 ἄκομψον,
302 715 351 804 οῖς
379 753 421 821 γε
448 754 510 820 μοι
537 724 642 800 δοκεῖ·
673 721 730 799 ἐπὶ
755 716 851 799 τέλει
876 721 939 818 τῆς
962 721 1099 818 σκηνῆς
1123 715 1145 815 ἡ
1170 716 1227 795 ἐπὶ
1253 717 1305 824 τῳ

101 837 225 948 λύχνῳ
254 840 413 950 διάταξις
443 843 689 944 εἰσενήνεκται,
719 845 799 944 μεθ’
828 841 873 943 ἢν
902 841 1004 927 εῦθῦς
1033 842 1155 941 ἡτῶν
1185 839 1303 941 ἱερέων

69 962 270 1066 ὅπροβολή
299 999 337 1046 τε
365 971 422 1047 καὶ
450 971 593 1074 χρῆσις.
633 970 692 1050 ἐπὶ
716 966 788 1071 γάρ
806 965 900 1046 τέλει
925 975 989 1047 τοῦ
1015 962 1126 1064 νόμον
1147 966 1203 1044 καί
1229 968 1303 1043 τῶν

101 1093 310 1194 προφητῶν,
328 1091 351 1190 ἡ
375 1099 440 1172 τοῦ
462 1093 740 1197 προβαδίζῖιντος
763 1090 949 1198 ἐξέλαμψε
971 1101 994 1137 “
1009 1087 1118 1189 Φωνὴ
1142 1095 1302 1184 βοῶντος
1348 1103 1389 1155 Ε·-
1399 1103 1435 1154 ¹1·
1445 1118 1469 1166 ς·

101 1221 123 1256 “
142 1213 180 1292 ἐν
198 1217 243 1318 τῇ
259 1212 388 1324 ἐρήμῳ,
408 1214 501 1296 καθὰ
518 1213 726 1320 γέγραπται,
740 1214 952 1315 ἑτοιμάσατε
971 1213 1036 1314 τὴν
1054 1210 1139 1294 ὁδὸν
1156 1213 1302 1315 Κυρίου,

102 1345 124 1382 “
143 1337 276 1422 εὐθείας
293 1347 423 1421 ποιεῖτε
442 1338 506 1425 τάς
525 1341 670 1444 τρίθους
687 1349 751 1421 τοῦ
767 1345 863 1421 Θεοῦ
882 1339 1017 1440 ἡμῶν,”
1036 1338 1118 1438 μεθ’
1140 1336 1182 1418 δν
1199 1336 1302 1422 εὐθὺς

101 1459 123 1557 ἡ
155 1465 229 1540 τῶν
261 1463 375 1565 ἀγίων
407 1464 626 1545 ἀποστόλων
658 1463 716 1545 διά
746 1470 911 1568 Χριστοῦ
947 1462 1145 1570 χειροτονία
1173 1496 1212 1542 τε
1242 1463 1336 1542 καίιί

48 1623 87 1664 ιο
100 1583 287 1692 ἀνάδειξις·
317 1587 508 1695 ἐξελέξατο
532 1588 605 1692 γὰρ
629 1591 649 1669 ὁ
671 1587 802 1692 Κύριος
821 1600 843 1636 “
859 1588 1008 1685 δώδεκα,
1029 1586 1090 1671 οῦς
1117 1589 1174 1666 καὶ
1204 1588 1295 1668 ἀπο·
1345 1602 1442 1680 ⁸:1⁴⁰&

99 1717 121 1755 “
138 1709 297 1795 στόλους
315 1710 537 1812 ὠνόμασεν.”
1345 1685 1379 1719 n.
1391 1682 1430 1732 ¹³⁹

159 1838 232 1915 Καὶ
250 1837 287 1914 εὐ
304 1835 442 1922 τούτοις
460 1836 544 1936 ἡμῖν
562 1840 625 1936 τῆς
651 1838 708 1916 ε’πί
733 1840 785 1943 τῷ
810 1834 932 1942 λύχνῳ
952 1836 1101 1937 θεωρίας
1118 1869 1302 1933 συμπεπε-

99 1957 296 2060 ρασμένης,
318 1959 446 2058 ἰδωμεν
467 1957 580 2040 πάλιν
604 1959 670 2059 τὴν
694 1966 758 2039 τοῦ
779 1962 946 2061 Σωτῆρος
965 1955 1090 2064 φωνήν
1109 1963 1251 2044 Ἐκεῖνος
1271 1952 1303 2052 ιῖι

102 2091 117 2162 ὁ
145 2080 269 2180 λύχνος
296 2087 412 2191 φησὶν
437 2094 451 2165 ἰ
482 2082 657 2192 καιόμενος
687 2089 746 2164 καί
777 2086 912 2192 φαίνων,
934 2089 1028 2188 ὑμεῖς
1057 2079 1093 2163 ἀέ
1121 2081 1302 2176 ἠθελήσατε

48 2233 86 2291 ¹5
100 2205 359 2309 ἀγαλλιαθῖιναι
388 2210 470 2314 πρός
500 2205 583 2314 ἀραν
610 2211 639 2289 εἰ
664 2217 711 2317 τῷ
739 2213 826 2316 φωτί
856 2209 966 2287 αὐτοῦ.
998 2206 1072 2312 ἕξιν
1096 2208 1217 2305 ἀμαθῆ
1243 2209 1301 2286 καί

101 2331 317 2434 δυσάγωγον
348 2336 395 2415 εἰς
426 2332 584 2433 ῦπακοὴν
613 2341 687 2417 τοῖς
716 2331 927 2434 Φαρισαίοις
956 2334 1109 2432 ἐγκαλεῖ,
1140 2333 1198 2409 καί
1227 2334 1299 2409 διε·

101 2454 223 2560 λέγχει
242 2455 370 2554 πάλιν,
392 2459 441 2540 ὡς
459 2455 679 2559 ἀσύγκριτον
698 2464 850 2537 νοσοῦσι
873 2451 939 2554 τὴν
958 2454 1201 2550 ἀπαιδευσίαν,
1221 2454 1331 2535 οὑδέο

100 2576 192 2683 άπερ
213 2580 338 2660 εἰδέναι
361 2580 702 2684 κατεπαγγέλλοντο
721 2588 812 2661 νοεῖν
831 2578 1027 2685 ἰσχύοντες,
1046 2582 1104 2658 καί
1121 2578 1219 2659 πολῦ
1236 2576 1302 2680 μέυ

100 2703 183 2784 λίαν
208 2709 271 2804 τῆς
299 2706 469 2810 ἀκριβοῦς
496 2707 733 2804 νομομαθείας
760 2704 1000 2811 ἐξῳκισμένοι,
1027 2705 1236 2805 ἀγνοοῦντες
1264 2700 1301 2783 δέ

47 2868 86 2909 ιο
99 2825 191 2906 κατὰ
218 2825 260 2908 τῦ
283 2827 466 2928 παυτελές,
487 2825 578 2932 άπερ
597 2832 645 2913 ὡς
672 2832 709 2908 ἐν
732 2826 922 2932 σχήμασιν
946 2831 966 2907 ό
995 2827 1186 2928 νομοθέτης
1214 2861 1301 2929 προ-

98 2951 274 3032 αυετύπου
305 2951 363 3031 διὰ
399 2953 596 3037 Μωυσέως.
642 2951 700 3033 διά
736 2951 802 3052 μέν
837 2950 909 3054 γὰρ
939 2961 1002 3031 τοῦ
1036 2954 1164 3054 λέγειν,
1197 2950 1251 3030 ὅτι
1285 2961 1299 3033 ἰ

98 3074 221 3173 λύχνος
247 3070 281 3168 ιῖι
306 3078 421 3163 ἐκεῖνος
451 3087 465 3159 ὁ
496 3077 670 3183 καιόμενος
700 3084 760 3157 καί
790 3080 925 3183 φαίνων,
951 3078 1113 3154 δυσωπεῖ
1137 3071 1230 3153 κατά
1257 3073 1300 3154 τό

97 3197 188 3283 εἰκὸς
207 3199 254 3282 ὡς
274 3199 373 3278 οὕτω
393 3200 602 3300 νενοηκότος
620 3199 662 3280 τό
680 3202 718 3279 ἐν
733 3207 886 3301 νομικοῖς
905 3198 1090 3301 αἰνίγμασι
1111 3200 1169 3276 καί
1185 3195 1301 3278 πάλαι

97 3321 445 3430 σκιαγραφούμενον·
486 3322 545 3404 διά
582 3324 619 3404 δέ
656 3333 720 3404 τοῦ
757 3329 864 3404 εἰπεῖν
896 3321 1009 3428 Ὑμεῖς
1045 3317 1080 3403 δέ
1116 3320 1300 3416 ἠθελήσατε

45 3472 83 3533 25
97 3445 355 3547 ἀγαλλιαθῆιαι
376 3447 457 3550 πρός
476 3445 558 3551 ἀραν
578 3450 607 3528 ἐν
625 3446 670 3554 τῷ
690 3457 777 3553 φωτὶ
804 3449 912 3543 αὐτοῦ,
931 3450 994 3545 τῆς
1013 3447 1149 3527 ἀνωθεν
1168 3445 1328 3554 φηφουν
1352 3461 1469 3523 am.

97 3566 140 3648 τῦ
173 3574 299 3649 οἰκεῖον
331 3571 384 3650 ἀεί
420 3570 687 3673 προτάττοντας
720 3569 861 3671 θέλημα
894 3568 1006 3650 πάλιν
1038 3571 1207 3677 εἰσφέρει,
1241 3575 1298 3651 καί

98 3690 227 3797 οἷσπερ
260 3693 305 3774 ἀν
334 3692 539 3790 βούλωνται
572 3694 693 3794 μόνοις
722 3697 932 3774 ἀκολουθεῖν
964 3695 1196 3791 εἰθισμένους.
1235 3702 1300 3775 τοῦ

98 3815 170 3920 γάρ
198 3817 400 3916 νομοθέτου,
425 3823 534 3927 φησὶ,
563 3817 622 3898 διὰ
647 3816 782 3902 παντὸς
812 3819 951 3924 φαίνειν
980 3852 1018 3898 τε
1049 3818 1107 3896 καὶ
1135 3817 1299 3897 καίεσθαι

97 3940 160 4021 τόν
192 3941 327 4047 λύχνον
359 3940 620 4048 διατεταχότος,
649 3943 713 4022 οῦκ
741 3947 787 4026 εἰς
818 3944 870 4021 ἀεῖ
901 3942 1040 4047 φαίνειν
1068 3936 1177 4020 αὐτόν
1205 3944 1298 4047 ὑμεῖς

134 4213 159 4250 2.
178 4196 377 4265 ἀναμασώμενοι
390 4195 423 4250 Β,
436 4196 656 4265 ἀναμασσώμενος
668 4194 719 4250 Ed.
827 4212 852 4265 3.
872 4195 955 4248 δοκεῖν
970 4193 1000 4248 Β.
1112 4192 1137 4246 8.
1156 4195 1202 4247 τοῦ
1215 4190 1296 4264 θεοῦ]

97 4267 176 4320 οῦτοῦ
188 4267 277 4336 κυρίου
288 4270 334 4320 τοῦ
347 4271 414 4321 θεοῦ
425 4267 458 4322 Β.
472 4268 506 4321 cf.
520 4284 602 4338 supra
615 4283 665 4334 249
676 4266 702 4320 b.
777 4281 817 4319 10.
834 4265 885 4336 γὰρ
898 4265 982 4355 κύριος
994 4267 1008 4318 ὁ
1021 4262 1079 4319 θεὸς
1087 4261 1119 4316 Β.
1194 4279 1234 4316 ιτ.
1248 4265 1298 4316 Καὶ

99 4347 268 4408 assumptum
281 4355 313 4392 ex
328 4336 360 4392 B.
480 4354 519 4405 14.
537 4339 622 4408 φησίν
634 4355 687 4392 om.
703 4336 735 4391 Β.
863 4350 903 4402 15.
920 4334 1106 4406 ἀγαλλιαθῆναι
1122 4333 1157 4388 D.
1170 4333 1297 4404 ἀγαλλια-

99 4408 192 4477 σθῆναι
207 4407 257 4462 Ed.
368 4409 408 4464 18.
428 4408 669 4480 κατεπαγγέλλοντο
685 4407 715 4461 Β.
728 4406 980 4478 κατιπαγγίλλονται
992 4405 1042 4460 Ed.
1163 4421 1206 4458 22.
1225 4404 1298 4459 ἐστιν

99 4495 148 4569 [ιτα
160 4477 192 4546 ἦν
199 4480 298 4604 Ιἐκεῖνος
312 4478 344 4534 Β.
453 4493 495 4551 25.
514 4479 701 4551 ἀγαλλιαθῆναι
715 4477 750 4532 D.
763 4477 970 4549 ἀγαλλιασθῖγναι
982 4473 1032 4531 Ed.
1133 4489 1176 4548 η.
1195 4473 1295 4548 μόνοιν]

99 4570 185 4617 νομοις
225 4589 231 4604 .

654 4655 744 4720 3¹³2
