3038 5018
81 317 125 362 ιιι
142 299 190 364 16.
271 300 327 363 IN
358 301 391 364 S.
416 298 671 364 JOANNEM.
718 298 883 364 LIB.II.
931 298 1085 364 CARI.
1213 303 1277 364 227

80 464 143 558 τῆς
171 471 234 543 τοῦ
262 464 402 563 κόσμου
430 466 534 568 ζωῆς,
555 468 686 544 ἐννοεῖν
708 466 888 544 ἀναπείθει
914 471 1066 567 γοργῶς,
1089 463 1208 563 πόσης
1233 463 1310 542 ἀνᾶ

79 584 240 685 γένοιντο
270 588 439 689 τιμωρίας
471 590 597 692 ένοχοι,
627 589 711 689 παρ’
743 587 843 667 οὐδὲν
873 587 918 694 ἐξ
946 590 1114 672 ἀπονοίας
1147 592 1179 667 οῖ
1211 585 1278 687 τὴν

78 713 191 795 οὕτως
209 710 435 817 ἀξιοῖγαστον
453 720 517 792 τοῦ
536 716 632 791 Θεοῦ
658 713 715 790 καὶ
736 709 881 814 Πατρός
899 712 1134 810 ποιησάμενοι
1156 709 1274 815 χάριν.

79 831 160 913 οὕτω
186 833 256 941 γάρ
287 842 403 941 φησιν
429 835 641 937 ἡγάπησενῖ
673 835 759 920 Θεός
790 836 840 915 τόν
870 837 994 940 κόσμον
1022 835 1106 916 ὥστε
1134 834 1187 915 τόν
1216 833 1278 915 οῖον

44 960 178 1043 5οιῦτοῦ
200 959 252 1038 τόν
273 958 425 1065 μονογενῖη
451 955 578 1039 ἔδωκεν.

134 1081 312 1161 Ἀκουέτω
349 1081 463 1162 πάλιν
496 1083 516 1161 ὁ
552 1078 798 1186 χριστομάχος
836 1079 1017 1184 αῖρετικός,
1052 1085 1110 1161 καὶ
1142 1079 1278 1182 λεγέτω

68 1203 283 1307 παρελθόν,
301 1206 339 1284 τί
361 1205 403 1285 τό
427 1206 522 1307 μέγα
548 1209 611 1305 τῆς
636 1203 780 1307 ἀγάπης
804 1213 869 1284 τοῦ
888 1210 984 1285 Θεοῦ
1003 1209 1060 1285 καὶ
1080 1204 1235 1308 Πατρός,
1254 1203 1277 1305 ἢ

79 1335 156 1412 πῶς
174 1326 220 1407 ἀν
233 1329 344 1429 αὑτήν
360 1329 502 1413 εἰκότως
519 1328 853 1427 ἀποθαυμάσαιμεν·
883 1331 967 1408 ἀλλ’
987 1332 1059 1430 ἐρεῖ
1073 1330 1116 1428 δὴ
1134 1326 1279 1412 πάντως

79 1455 141 1547 τῆς
160 1450 304 1554 ἀγάπης
323 1456 478 1556 ὁρᾶσθαι
502 1452 543 1532 τό
570 1451 807 1560 ἀξιάγαστον,
826 1456 864 1532 έν
881 1456 932 1560 τῷ
951 1454 1120 1532 δεδόσθαι
1139 1453 1189 1533 τόν
1205 1455 1305 1533 Υίόιο

23 1608 64 1649 10
80 1573 166 1675 ῦπέρ
185 1575 294 1673 ήμῶν,
309 1580 366 1655 καὶ
387 1585 492 1655 τοῦτο
509 1592 545 1655 Μ
551 1575 685 1678 ονιγενῆ.
720 1578 846 1656 οὐκοῦν
864 1576 922 1655 ἵνα
939 1576 1026 1680 μένη
1045 1578 1103 1655 καὶ
1120 1573 1278 1677 σώζηται

78 1696 221 1800 μεγάλη
240 1709 303 1779 τοῦ
323 1705 420 1780 Θεοῦ
443 1702 501 1778 καὶ
522 1698 667 1801 Πατρός
692 1700 714 1799 ἡ
740 1696 935 1801 ἀγάπησις,
954 1697 1026 1782 υἱός
1048 1701 1210 1796 νοείσθω,
1228 1698 1278 1798 μή

78 1824 227 1922 ποίημα·
259 1823 349 1903 Υίόν
367 1821 407 1902 δέ
422 1832 516 1928 φημι
538 1822 602 1902 τόν
619 1825 657 1902 ἐκ
682 1827 746 1921 τῆς
772 1825 897 1907 οὐσίας
922 1831 986 1902 τοῦ
1005 1821 1166 1926 Πατρός,
1188 1823 1275 1921 ὁμο·

80 1945 205 2025 ου’σιον
230 1946 396 2047 δηλονότι
424 1953 476 2054 τῷ
504 1947 741 2049 γεγεννηκότι,
768 1950 825 2025 καὶ
854 1943 950 2025 Θεόν
977 1945 1088 2030 ὅντως
1116 1949 1172 2025 καὶ
1202 1948 1276 2025 κατ’

81 2068 264 2166 ἀλήθειαν.
307 2076 338 2150 εῖ
366 2070 403 2151 δὲ
431 2068 523 2150 κατὰ
550 2070 613 2149 τόν
638 2068 718 2166 σόν,
743 2065 772 2148 ὦ
802 2069 915 2167 οὗτος,
937 2068 1060 2171 λόγον,
1085 2067 1128 2148 τό
1153 2073 1191 2149 ἐκ
1216 2074 1279 2167 τῆς

28 2213 66 2273 15
81 2192 206 2293 οὐσίαις
224 2190 311 2272 εἶναι
329 2202 393 2273 τοῦ
412 2200 508 2273 Θεοῦ
526 2196 583 2272 καὶ
603 2191 748 2294 Πατρός
767 2195 831 2271 οῦκ
848 2192 930 2297 ἔχει,
945 2196 1003 2272 καὶ
1020 2190 1062 2271 τό
1081 2189 1169 2271 εῖναι
1188 2191 1280 2271 κατὰ

81 2314 196 2420 φύσιν
213 2315 300 2400 Υἱός
325 2322 383 2398 καὶ
408 2315 502 2400 Θεός
530 2324 790 2414 συναποβαλεῖ,
816 2319 874 2395 καὶ
902 2316 1053 2418 ἀργήσει
1081 2313 1211 2394 λοιπόν
1235 2313 1278 2393 τό

80 2441 302 2541 περίπυστον
330 2449 448 2539 θαῦμα
480 2445 543 2540 τῆς
572 2438 716 2542 ἀγάπης
745 2448 809 2519 τοῦ
839 2438 995 2543 Πατρός.
1042 2439 1178 2538 ποίημα
1207 2437 1307 2543 γάρα
1334 2461 1393 2516 15³
1406 2459 1445 2513 Δ.

80 2559 289 2662 ποιημάτων
315 2563 515 2671 ἠλλάξατο,
538 2567 597 2643 καὶ
625 2565 691 2667 οὐχ
713 2562 804 2644 Υῖόν
827 2566 984 2664 ἀληθῶς·
1018 2567 1092 2663 εἰκῆ
1121 2560 1159 2642 δῖ
1187 2562 1279 2662 ἡμᾶς

81 2687 140 2764 καὶ
168 2688 189 2764 ό
218 2686 388 2792 μακάριος
417 2694 566 2770 Παῦλος
594 2685 790 2788 θορυβήσει
818 2685 935 2788 λέγων
960 2684 1198 2787 “Ἀθετήσας
1226 2719 1278 2769 τις
1323 2706 1390 2820 {0¹1
1402 2723 1427 2756 ¹·
1491 2769 1493 2773 ,

28 2832 68 2871 ²0
82 2818 105 2855 ‘⁶
124 2806 233 2906 νόμον
272 2810 460 2895 Μωυσέως
494 2813 604 2915 χωρὶς
639 2816 830 2912 οἰκτιρμῶν
865 2812 922 2890 ε’πὶ
959 2813 1063 2888 δυσὶν
1099 2808 1122 2909 ἢ
1160 2812 1278 2909 τρισὶν
1326 2787 1415 2836 2'29'

82 2943 104 2980 “
122 2933 302 3036 μάρτυσιν
319 2933 552 3032 ἀποθνήσκει,
570 2933 677 3040 πόσῳ
703 2938 834 3013 δοκεῖτε
859 2933 1014 3036 χείρονος
1039 2932 1278 3038 ἀξιωθήσεται

81 3067 105 3103 “
121 3060 290 3160 τιμωρίας
316 3060 336 3137 ὁ
360 3056 424 3138 τόν
442 3057 532 3137 Υίόν
553 3065 618 3136 τοῦ
637 3062 732 3135 Θεοῦ
751 3055 1009 3155 καταπατήσας
1020 3056 1054 3151 ;”
1085 3063 1283 3135 καταπατεῖ

79 3177 146 3277 μὲν
164 3179 236 3283 γάρ
256 3179 551 3281 ὁμολογουμένως
578 3184 597 3259 ὁ
623 3178 913 3285 καταφρονήσας,
932 3181 1016 3258 ἀλλ’
1037 3182 1104 3284 οὐχ
1123 3182 1170 3262 ὡς
1189 3179 1287 3259 Υὶὸν

80 3303 262 3403 ἀληθινόν,
281 3304 382 3385 ἀλλά
402 3303 588 3388 Μωυσέως
608 3304 817 3401 ὁμόδουλον,
836 3303 934 3407 εἴπερ
955 3307 1033 3383 ἐστὶ
1051 3308 1103 3410 τῷ
1125 3337 1276 3403 πεποιη·

28 3455 67 3514 25
80 3428 175 3534 μένῳ
200 3428 243 3506 τό
267 3429 404 3527 ποίημα
425 3426 569 3510 πάντως
594 3427 765 3534 ἀδελφόν,
785 3426 876 3507 κοιτά
899 3461 941 3529 γε
965 3424 1028 3506 τόν
1046 3435 1111 3506 τοῦ
1129 3431 1311 3525 wolfi-b
1398 3492 1401 3499 ⁴

80 3555 168 3629 σθαι
192 3550 315 3654 λόγον,
334 3550 401 3632 κάν
419 3559 495 3635 ταῖς
520 3557 569 3635 εἰς
593 3549 636 3630 τό
661 3549 818 3652 μεῖζονή
844 3552 987 3649 ἄμεινον
1006 3553 1195 3657 ὑπεροχαῖς
1213 3551 1279 3653 τήν

81 3672 201 3777 ἑτέρου
227 3674 337 3781 δόξαν
359 3681 566 3777 πλεονεκτῇ·
598 3676 682 3751 ἀλλ’
704 3672 803 3753 ἔστιν
827 3673 965 3774 ἀληθής
991 3675 1011 3753 ὁ
1036 3684 1099 3755 τοῦ
1127 3674 1280 3754 Παύλου

80 3797 205 3898 λόγος·
234 3796 489 3903 χαλεπωτέραν
508 3798 544 3876 δέ
570 3799 737 3877 ἀποτίσει
761 3794 828 3896 τὴν
852 3798 952 3897 δίκην
975 3799 995 3876 ὁ
1021 3797 1280 3897 καταπατήσας

80 3919 145 3999 τόν
162 3920 262 4019 Υίόν,
285 3922 351 4026 οὐχ
377 3925 425 4005 ὡς
450 3928 497 4006 είς
524 3922 661 4020 ποίημα
686 3927 922 4020 πλημμελῶν,
942 3920 1021 4000 οῦδὲ
1047 3927 1095 4004 είς
1121 3921 1182 4000 ἕνα
1207 3928 1280 4000 τῶν

27 4061 68 4117 30
84 4045 271 4129 Μωυσέως
307 4045 526 4145 ὁμοδούλων.
576 4043 720 4146 μεγάλη
758 4044 801 4144 δή
840 4045 903 4123 οῦν
941 4046 998 4122 καὶ
1038 4043 1219 4148 ὑπερφυής
1256 4046 1279 4145 ἡ

117 4329 143 4385 5;
162 4313 255 4368 ἔδωκεν
268 4313 301 4367 Β.
315 4313 423 4368 δέδωκεν
436 4314 486 4368 Ed.
496 4314 531 4368 cf.
543 4314 570 4367 in
584 4314 621 4367 xii
636 4312 733 4383 Proph.
747 4312 798 4379 466
812 4313 838 4377 d,
852 4312 900 4382 671
917 4312 944 4377 b,
958 4313 1026 4367 inter
1038 4313 1124 4366 varias
1135 4312 1281 4377 lectionem

82 4397 184 4447 contra,
197 4387 224 4438 in
237 4385 273 4438 xii
288 4383 385 4455 Proph.
398 4399 474 4455 5579
488 4385 596 4439 δέδωκεν
608 4385 699 4455 favent
711 4384 825 4439 codices.
1057 4400 1098 4437 11.
1116 4384 1231 4437 νοεῖσθαι
1245 4378 1287 4438 B?

86 4475 126 4522 14.
144 4455 259 4519 ὧοῦτος,
272 4458 353 4525 λόγον
365 4454 415 4510 hoc
428 4455 520 4508 ordine
536 4455 567 4510 B.
672 4454 712 4508 16.
732 4455 927 4516 συναποβάλλει
941 4453 974 4508 B.
1080 4469 1123 4525 25.
1140 4455 1170 4509 τό
1182 4454 1280 4523 ποίημα

82 4531 117 4597 τῷ
130 4526 290 4598 πεποιημάιῳ
302 4526 408 4580 inverso
420 4525 513 4580 ordine
527 4525 559 4579 B.
853 4568 855 4575 .

635 4626 728 4690 (ιρι
