3038 5018
80 291 193 361 vim.
247 297 304 362 IN
335 299 648 366 S.JOANNEM.
694 301 790 365 LIB.
815 300 881 364 III.
928 300 1115 364 CARIV.
1217 301 1280 364 431

80 459 163 540 τότε
181 468 254 543 τῶν
272 465 385 566 ἁγίων
402 466 622 547 ἀποστόλων
639 466 681 546 τὸ
699 465 855 572 σκάφος,
873 464 1060 545 τουτέστιν
1079 465 1101 564 ή
1119 465 1281 560 Ἐκκλη-

80 585 159 680 σία,
178 589 237 665 καὶ
262 591 295 667 οἱ
319 588 490 674 πλέοντες
515 592 553 669 ε’ν
570 591 675 695 αὐτῇ,
694 588 880 668 τουτέστιν
902 593 935 667 οἱ
963 586 1019 666 διὰ
1043 589 1200 670 πίστεως
1226 588 1283 664 καὶ

80 704 227 808 ἀγάπης
253 714 317 809 τῆς
345 715 393 796 είς
413 710 518 811 Θεὸν,
538 713 612 792 ἀνω
634 719 707 791 τῶν
731 714 768 791 έν
791 711 919 818 κόσμιρ
947 710 1133 812 γεγονότες
1160 743 1278 813 πραγ·
1297 746 1314 785 a
1335 731 1452 786 zm.

81 829 218 930 μάτων,
231 835 382 935 ἀμελητὶ
400 839 457 914 καὶ
476 836 559 941 δίχα
577 836 688 916 πόνου
706 835 841 920 παντὸς
860 836 1130 915 καταλύσουσιν
1149 839 1197 917 εἰς
1215 838 1285 933 γῆν

47 961 131 1039 ὅτίς
156 953 190 1049 ἣν
208 955 345 1059 ἀπῆγον.
387 956 431 1056 ἦν
454 957 526 1062 γὰρ
552 962 668 1042 αὐτοῖς
696 962 716 1039 6
741 956 892 1055 σκοπὸς,
911 957 1072 1057 καθάπερ
1097 963 1146 1040 εἷς
1172 957 1310 1036 εὕδιον·

84 1087 289 1159 καταλῦσαι
327 1082 465 1180 λιμένα,
496 1083 563 1183 τὴν
600 1089 672 1162 τῶν
710 1084 869 1185 οὐρανῶν
901 1082 1095 1176 βασιλείαν
1129 1080 1282 1178 δηλαδή·

83 1208 231 1295 βεβαιοῖ
248 1203 287 1283 δέ
310 1205 377 1305 τήν
394 1209 450 1311 ἐφ’
471 1205 587 1286 άπασι
609 1214 684 1290 τοῖς
708 1207 899 1307 εἰρημένοις
924 1204 1082 1284 διάνοιαν
1101 1206 1121 1283 6
1141 1201 1285 1303 Σωτὴρ,

83 1324 205 1426 λέγων
220 1325 312 1431 πρὸς
331 1326 413 1414 τούς
432 1331 556 1410 ἑαυτοῦ
574 1329 747 1428 μαθητὰς,
766 1328 853 1409 ποτέ
872 1328 937 1427 μὲν
956 1328 1010 1407 ὅτι
1029 1340 1050 1375 “
1066 1327 1209 1430 Μικρὸν
1227 1335 1284 1407 καὶ
1331 1327 1430 1442 {effi

84 1458 107 1494 “
126 1451 241 1530 οὐκέτι
258 1453 422 1555 θεωρεῖτέ
436 1489 491 1551 με,
511 1457 570 1533 καὶ
587 1453 700 1534 πάλιν
718 1451 845 1556 μικρὸν
864 1456 921 1532 καὶ
944 1451 1087 1558 ὄψεσθέ
1102 1454 1177 1552 με,”
1197 1450 1285 1533 ποτέ

29 1600 71 1641 10
84 1569 124 1652 δέ
140 1570 253 1654 πάλιν
272 1587 294 1624 “
308 1577 453 1682 Θλίφιν
470 1578 566 1684 ἕξετε
586 1580 623 1657 έν
643 1584 693 1684 τῷ
719 1575 859 1685 κόσμιρ·
891 1575 991 1655 ἀλλά
1017 1583 1195 1678 θαρσεῖτε,
1215 1575 1286 1677 ἐγὼ
1331 1587 1422 1651 16³³·

85 1707 108 1743 “
127 1698 288 1798 νενίκηκα
309 1696 373 1779 τδν
390 1700 564 1798 κόσμον.”
594 1698 731 1780 κάτεισι
757 1699 872 1801 γεμὴν
890 1701 948 1778 διά
974 1699 1098 1784 νυκτὸς
1124 1697 1197 1779 ἀπὸ
1221 1706 1319 1778 rofib

85 1818 190 1922 ὅρους
226 1824 247 1902 6
281 1822 423 1926 Κύριος,
457 1827 515 1903 καὶ
552 1833 625 1908 τοῖς
662 1827 787 1904 ἑαυτοῦ
827 1831 1002 1922 μαθηταῖς
1039 1826 1287 1927 ἀγρυπνοῦσιν

85 1948 268 2054 ἐπιφοιτᾷ·
307 1951 365 2027 καὶ
392 1959 482 2049 γοῦν
510 1949 610 2029 ἰόντα
635 1948 919 2051 προσβλέπουσι
949 1949 1082 2032 δειλίας
1112 1948 1154 2026 ού
1187 1947 1282 2051 δίχα·

85 2071 369 2176 κοταφρίττουσι
397 2071 479 2174 γάρ,
498 2072 557 2151 ἵνα
584 2071 628 2171 δή
655 2106 689 2150 τι
717 2070 759 2151 r6
788 2074 982 2171 ἀναγκαῖον
1005 2077 1053 2155 εἰς
1081 2070 1207 2168 νόησιν
1229 2073 1287 2150 καὶ

32 2217 70 2273 15
85 2194 145 2272 διὰ
162 2192 299 2274 τούτων
316 2197 399 2295 ἡμῖν
417 2196 667 2302 ἀναφαίνηται.
706 2194 951 2295 καταβήσεται
976 2192 1047 2296 γὰρ
1073 2194 1117 2300 ἐξ
1135 2194 1287 2295 ούρανοῦ

85 2318 248 2422 καθάπερ
267 2322 305 2398 ε’ν
319 2326 416 2399 νυκτὶ
435 2317 653 2420 κοιμωμένου
672 2319 807 2422 τρόπον
820 2315 899 2397 τινά
917 2326 981 2396 τοῦ
1000 2314 1150 2414 κόσμου,
1162 2321 1220 2396 καὶ
1238 2323 1287 2403 εἱς

85 2438 234 2538 πολλὴν
251 2443 444 2547 ῥέγχοντος
463 2444 649 2546 ἁμαρτίαν.
688 2441 747 2522 διά
771 2440 970 2546 γάρτοῦτο
994 2443 1052 2520 καὶ
1069 2438 1168 2542 ’πρὸς
1194 2441 1286 2541 ἡμᾶς

85 2596 159 2644 που
189 2568 288 2671 φησί
315 2579 336 2614 “
354 2573 566 2671 Γρηγορεῖτε
600 2569 674 2663 οὖν,
707 2567 762 2647 ὅτι
794 2570 857 2646 ούκ
891 2567 1007 2646 οἴδατε
1038 2565 1125 2672 ποίᾳ
1157 2563 1233 2673 ὥρᾳ
1267 2567 1287 2644 6
1330 2570 1456 2699 ῗὶξξῦῗξ·

85 2697 111 2741 “
129 2686 246 2790 κύριος
266 2692 364 2787 ὑμῶν
382 2690 555 2795 ἕρχεται.”
594 2688 729 2798 διδάξει
753 2689 790 2771 δέ
816 2690 917 2769 οὐδέν
935 2689 1044 2789 ἧττον
1062 2690 1154 2788 ἡμᾶς
1179 2693 1237 2768 καὶ
1264 2689 1316 2788 ἡο
1390 2674 1396 2685 ’

31 2848 73 2888 20
87 2813 145 2892 ε’πὶ
169 2820 245 2899 ταῖς
269 2813 456 2916 παρθένοις
481 2812 676 2917 παραβολὴ
702 2812 742 2894 r6
768 2812 971 2915 λεγόμενον.
1010 2812 1114 2893 πέντε
1131 2811 1196 2911 μέν
1214 2811 1287 2915 γάρ
1313 2860 1315 2865 -

87 2933 152 3020 τάς
188 2938 384 3044 φρονίμους
421 2935 512 3018 εἶναι’
546 2944 651 3044 φησι,
688 2936 810 3040 μωρὰς
846 2935 884 3016 δέ
920 2934 983 3017 τὰς
1018 2937 1135 3015 πέντε·
1186 2935 1286 3013 ἀλλὰ

84 3062 326 3162 βραδύνοντος
346 3072 368 3108 “
381 3070 445 3142 τοῦ
464 3062 617 3167 νυμφίου
635 3059 837 3166 ἐνύσταξαν
854 3066 972 3139 πάσαι
998 3061 1056 3137 καὶ
1081 3054 1281 3137 ἐκάθευδον·
1364 3105 1371 3117 ·
1432 3105 1438 3116 ·

88 3319 110 3357 “
128 3315 239 3414 χεσθε
268 3315 315 3393 εὶς
344 3308 582 3410 ἀπάιπησιν.”
632 3309 717 3414 ὁρᾷς
746 3306 842 3389 ὅπως
875 3304 933 3384 διὰ
961 3303 1075 3405 μέσης
1108 3302 1232 3388 νυκτὸς
1265 3307 1285 3385 6

33 3460 74 3522 25
88 3434 240 3540 νυμφίος
267 3434 351 3533 ἡμῖν
375 3431 619 3534 ἀγγέλλεται,
661 3433 713 3516 τίς
740 3428 779 3510 δέ
807 3428 936 3510 λοιπὸν
961 3430 983 3530 ἦ
1011 3427 1160 3532 κραυγὴ,
1179 3433 1237 3509 καὶ
1265 3431 1285 3537 6

88 3561 153 3656 τῆς
177 3555 411 3656 ἀπαντήσεως
435 3555 577 3659 τρόπος,
596 3560 770 3663 σαφηνιεῖ
788 3552 904 3655 λέγων
923 3555 943 3633 6
965 3553 1157 3638 θεσπέσιος
1178 3561 1282 3634 Παῦ·

89 3692 165 3779 λος,
183 3679 269 3761 ποτὶ
294 3679 359 3778 μέν
377 3690 399 3726 “
412 3678 466 3759 ὅτι
492 3680 598 3763 αὐτὸς
623 3682 643 3759 6
665 3678 796 3782 Κύριος
820 3682 858 3758 ἐν
877 3679 1104 3776 κελεύσματι,
1123 3681 1161 3759 ἐν
1181 3682 1320 3794 φωνῇρ
1331 3675 1441 3791 ff?

85 3798 112 3852 '⁴‘
130 3800 371 3909 ἀρχαγγέλου,
388 3806 425 3882 έν
442 3801 625 3906 σάλπιγγι
644 3810 740 3884 Θεοῦ
758 3801 1003 3902 καταβήσεται
1022 3804 1081 3881 ἀπ’
1102 3801 1284 3904 ούρανοῦ·”

87 3926 175 4008 ποτέ
200 3927 238 4008 δὲ
263 3926 376 4006 πάλιν
393 3930 472 4029 περὶ
497 3934 570 4006 τῶν
587 3927 831 4028 ε’γηγερμένων
850 3927 977 4026 ἀγίων,
998 3923 1051 4004 ὅτι
1075 3930 1132 4003 καὶ
1153 3935 1174 3970 “
1189 3923 1286 4024 ἡμεῖς
1332 3952 1371 4002 lb.
1386 3961 1424 4016 ιγ.

33 4078 75 4136 30
89 4064 111 4100 ‘⁴
130 4056 162 4131 οἱ
181 4052 306 4155 ζῶντες
324 4056 357 4130 οἱ
374 4049 657 4153 περιλειπόμενοι
682 4048 758 4149 ἅμα
779 4051 897 4132 αὐτοῖς
921 4050 957 4127 έν
978 4046 1144 4153 νεφέλαις
1164 4048 1283 4150 ἀρτα-

125 4325 150 4378 3.
169 4309 281 4376 rasam.
296 4306 328 4362 B.
419 4307 445 4361 8.
464 4305 504 4360 ὅτι
515 4305 606 4429 μικρφν
618 4304 660 4357 καὶ
672 4300 769 4373 οὐκέτι]
782 4303 820 4356 ἔτι
832 4302 922 4370 μικρὸν
934 4299 1017 4353 καὶού
1032 4298 1063 4352 Β.
1162 4315 1203 4368 13.
1221 4319 1287 4367 προ·

88 4380 236 4440 βλέπουσιν
250 4379 282 4432 B.
378 4395 409 4444 14
437 4378 479 4430 καὶ
490 4394 544 4430 om.
585 4416 591 4429 .
685 4375 726 4427 18.
744 4373 806 4442 ποίη
818 4373 872 4494 ὦρέ
886 4371 918 4423 B.
931 4370 1008 4424 ποίαν
1019 4371 1088 4437 ὥραν
1101 4367 1152 4422 Ed.
1191 4368 1288 4423 Statim

89 4452 171 4503 dom.
187 4451 219 4503 B.
337 4466 378 4516 19.
396 4448 466 4516 ἡμῶν
480 4447 512 4500 Β.
633 4461 676 4512 24.
694 4445 836 4512 ἀπάντηαιν
875 4441 1037 4506 ,ὑπάντησιν
1051 4437 1102 4493 Ed.
1149 4439 1289 4512 όνυμφίος

90 4519 149 4588 ήμῖν
162 4521 203 4573 διὰ
215 4518 297 4587 μέσης
309 4520 396 4573 νυκτὸς
408 4519 513 4571 inverso
525 4515 619 4571 ordine
634 4515 666 4569 B.
774 4529 817 4583 29.
835 4510 908 4582 περὶ]
921 4509 985 4580 μετά
999 4509 1033 4564 B.
1074 4544 1077 4549 -
1178 4569 1181 4575 ¹
