3038 5018
47 410 58 419 β
94 304 150 369 vii.
164 324 215 388 24.
258 306 315 372 IN
346 307 379 372 S.
404 307 659 373 JOANNEM.
705 306 800 371 LIB.
825 307 886 371 IV.
931 306 1032 370 CAP.
1050 303 1130 368 v11.
1229 303 1290 366 631

151 471 296 551 Οὐκοῦν
321 471 520 576 ἐπειδη’περ·
552 471 784 573 ἀναβήσομαι
811 471 883 578 γὰρ
911 474 969 553 ἐπὶ
995 470 1063 572 τὴν
1087 477 1151 550 τοῦ
1179 466 1294 569 λόγου

90 592 240 694 πρῶτην
257 630 297 674 τε
316 599 374 676 καὶ
393 597 679 700 ἀναγκαιοτάτην
697 595 826 702 ἀρχήν·
854 593 1133 700 προαγνίζεσθαι
1150 591 1294 675 πάντως

103 716 113 742 2

92 720 204 820 εχρῆν
222 718 305 804 τοῦς
329 726 378 805 εὶς
403 719 598 822 οἰκειότητα
623 721 816 826 τρέχοντας
840 722 892 828 τῷ
911 721 1002 827 ἁγίῳ
1021 723 1119 826 Θεηῖ,
1139 715 1231 797 κατὰ
1252 714 1294 795 τδ

889 843 908 873 O
976 841 1027 870 ’λ
1070 839 1088 870 θ
1135 842 1144 867 Ι
1188 837 1293 939 εἶμι),
1340 835 1464 888 Βοιώ.

1341 916 1364 952 2.

91 838 177 942 παρ’
197 843 306 923 αὐτοῦ
327 842 523 945 λεγόμενον
541 855 562 893 “
574 842 700 947 Ἀγιοι
724 843 867 933 ἐσεσθε,
886 878 942 924 οτι
966 878 1038 945 εγω
1064 875 1164 945 αγιος

61 961 289 1062 5σόμβολον
307 968 487 1069 ἁγνισμοῦ
505 965 564 1048 διὰ
581 971 645 1067 τῆς
664 969 701 1046 ἐν
719 968 829 1069 σαρκὶ
847 969 1039 1069 περιτομῆς
1057 972 1131 1050 τοῖς
1148 965 1324 1068 άρχαιο-(ι

95 1085 208 1191 τέμοις
241 1088 396 1192 ὡρίζετο·
442 1093 500 1170 καὶ
532 1090 641 1182 ὅπως,
671 1092 829 1194 ἐροῦμεν.
882 1088 950 1191 τὴν
979 1097 1052 1169 τῶν
1084 1088 1167 1169 καθ’
1201 1087 1296 1187 ἡμᾶς

96 1210 321 1314 πραγμάτων
338 1212 664 1317 διενκρινησάμενοι
682 1215 809 1321 φύσιν,
828 1215 1003 1317 ἁμαρτίας
1028 1213 1175 1312 ἁπάσης
1198 1244 1293 1313 προ·

96 1336 317 1439 βαδιζουσαν
343 1336 474 1437 ἡδονὴν
501 1338 712 1442 εὑρήσομεν·
756 1341 815 1418 καὶ
842 1345 949 1418 καλεῖ
972 1371 1026 1421 τις
1053 1337 1145 1437 ἡμᾶς
1171 1340 1221 1418 εῖς
1252 1330 1295 1413 τὸ

95 1467 323 1559 πλημμελεῖν
341 1464 509 1560 ἐπιθυμία
526 1464 638 1565 θερμὴ
656 1466 720 1561 τῆς
737 1462 912 1565 ἐνεργείας
930 1463 984 1543 ἀεὶ
1002 1461 1292 1564 προανίσχουσα,

44 1618 84 1662 ιο
97 1585 156 1662 καὶ
182 1580 249 1682 τὴν
275 1588 339 1684 τῆς
367 1587 521 1669 διανοίας
550 1585 700 1666 σόνεσιν
727 1584 1021 1690 προαρπάζουσα,
1048 1578 1227 1666 πείθουσά
1254 1614 1302 1660 τε

97 1707 190 1786 οῦτω
218 1707 349 1788 λοιπόν
370 1711 428 1790 ἐπὶ
454 1707 520 1810 τὴν
543 1716 616 1789 τῶν
637 1710 846 1813 αἱρεθεῖιτων
864 1706 1088 1816 διεξαγωγὴν
1106 1705 1166 1787 διά
1193 1715 1292 1785 λειο·

97 1825 207 1930 τάτης
238 1832 410 1938 ἔρχεσθαι
440 1838 505 1935 τῆς
541 1835 638 1914 ὁδοῦ.
693 1837 812 1934 ἀληθῆ
845 1832 887 1912 δέ
912 1868 990 1917 πως
1021 1832 1108 1912 ὄντα
1139 1827 1204 1911 τῶν
1235 1828 1294 1909 ἐπὶ

97 1952 235 2040 τούτοις
259 1956 360 2056 ἡμῶν
383 1956 495 2060 λόγον
519 1960 709 2065 ἀποφαίνει
735 1956 853 2059 λέγων
877 1959 898 2036 ὁ
923 1963 1089 2059 Χριστοῦ
1114 1951 1328 2056 μαθητὴς,ι1

97 2078 191 2156 οὕτω
221 2086 320 2172 βοῶν
349 2091 372 2127 “
387 2085 524 2181 Μηδεὶς
556 2080 804 2185 πειραζόμενος
837 2080 973 2181 λεγέτω
1005 2078 1061 2160 ότι
1092 2076 1164 2158 ἀπὸ
1197 2082 1293 2156 θεοῦ
1339 2080 1430 2212 {³3³3
1443 2083 1462 2132 ¹·

45 2222 85 2282 ¹5
99 2209 121 2246 “
138 2201 360 2307 πειράζομαι·
392 2205 413 2283 ό
438 2204 509 2306 γὰρ
529 2203 622 2290 Θεὸς
646 2205 865 2308 ἀπείραστός
888 2205 968 2284 ἐστι
993 2208 1123 2293 κακῶν,
1142 2198 1295 2304 πειράζει

98 2333 121 2370 “
138 2324 176 2405 δέ
208 2327 314 2412 αὐτὸς
345 2327 483 2426 οὐδένα,
512 2327 665 2413 ἕκαστος
702 2327 740 2408 δέ
776 2325 976 2431 πειράζεται
1008 2326 1078 2407 ὑπὸ
1111 2329 1175 2425 τῆς
1207 2326 1296 2408 ῖδίας

99 2458 121 2497 “
139 2451 325 2550 ἐπιθυμίας
349 2451 581 2559 ἐξελκόμενος
605 2455 664 2532 καὶ
688 2451 951 2555 δελεαζόμενος·
986 2447 1063 2531 εἶτα
1084 2447 1107 2550 ἡ
1131 2449 1298 2547 ἐπιθυμία

100 2582 121 2621 “
140 2584 389 2668 συλλαβοῦσα
407 2578 515 2656 τίκτει
533 2577 719 2680 ἁμαρτίαν,
738 2576 761 2675 ἡ
779 2576 818 2656 δέ
836 2575 991 2678 ἁμαρτία
1009 2577 1296 2655 ἀποτελεσθεῖσα

100 2706 121 2743 “
140 2701 287 2779 ἀποκόει
313 2698 503 2780 θάνατον.”
542 2702 628 2807 ὁρᾷς
653 2701 716 2780 οῦν
738 2698 835 2783 ὅπως
859 2702 898 2779 ἐν
915 2699 1114 2797 ἐπιθυμίαις
1138 2703 1214 2779 ταῖς
1238 2697 1300 2777 ἐπί

45 2857 86 2898 20
99 2855 197 2902 τισιν
224 2823 247 2922 ἡ
275 2827 339 2922 τῆς
367 2824 595 2929 φαυλότητος
621 2827 957 2926 προδημιουργεῖται
987 2823 1138 2925 γένεσις,
1168 2822 1226 2898 καὶ
1259 2823 1297 2899 ἐν

98 2945 262 3031 ἐκτόποις
295 2949 437 3048 ἡδοναῖς
469 2946 516 3027 τὰ
547 2950 611 3048 τῆς
642 2948 817 3050 ἁμαρτίας
849 2953 1146 3053 προκυοφορεῖται
1176 2943 1326 3047 οπερ-ο

98 3102 218 3168 ματος
254 3069 473 3174 προστάττει
496 3079 686 3175 τοιγαροῦν
711 3072 731 3150 ό
757 3072 950 3170 νομοθέτης
976 3074 1033 3149 καὶ
1059 3066 1152 3152 Θεδς
1177 3069 1296 3175 ἐκείνερ

99 3191 144 3292 δὴ
171 3191 337 3292 μάλιστα
364 3201 416 3303 τῶ
444 3197 557 3304 μορίιρ
584 3204 648 3276 τοῦ
676 3195 858 3294 σώματος,
881 3197 920 3273 ἐν
944 3189 973 3300 ᾧ
1000 3195 1059 3273 καὶ
1086 3194 1129 3272 δι’
1154 3191 1196 3271 οὗ
1223 3198 1297 3271 τῶν

98 3316 235 3415 ἡδονῶν
263 3319 284 3417 ἡ
313 3318 464 3420 γένεσις,
492 3316 556 3399 τόν
582 3317 836 3423 περιτέμνοντα
868 3318 1019 3420 σίδηρον
1046 3315 1293 3423 ἐπιφέρεσθαι,

46 3461 85 3524 25
98 3439 156 3520 ἵνα
180 3440 225 3541 δὴ
251 3439 379 3542 μάθοις
408 3445 456 3527 ῶς
478 3443 521 3524 δι’
542 3444 761 3544 αἰνίγματος,
780 3444 827 3525 ῶς
853 3441 1039 3545 ἀμήχανον
1057 3441 1150 3540 ἡμᾶς
1174 3439 1294 3547 ὀφθή-

98 3570 235 3644 σεσθαί
250 3601 337 3646 ποτε
356 3564 542 3670 καθαροῦς,
561 3572 590 3646 εῖ
606 3565 658 3666 μὴ
675 3572 740 3646 τοῦ
757 3565 853 3646 θείου
871 3561 985 3665 λόγου
1003 3562 1069 3663 τὴν
1086 3563 1297 3663 τομωτάτην

99 3687 276 3791 ἐνέργειαν
303 3693 341 3770 ἐν
368 3691 495 3798 καρδίᾳ
522 3687 722 3797 δεξάμενοι,
751 3691 812 3768 καῖ
834 3694 886 3773 εῖς
914 3697 998 3768 νοῦν
1025 3689 1201 3783 λαβόντες
1229 3685 1303 3785 τὴν

98 3819 163 3889 τοῦ
192 3812 401 3912 Πνεῦματος
432 3812 625 3918 μάχαιραν,
656 3811 721 3897 τάς
749 3812 807 3916 ἐφ’
836 3809 953 3892 ἅπασι
984 3818 1058 3894 τοῖς
1090 3812 1296 3914 αἰσχίστοις

98 3935 281 4033 ἐπιθυμίας
314 3936 618 4042 ἀποπεμψόμεθα,
645 3935 863 4039 πράττοντες
893 3933 958 4033 μέν
986 3935 1149 4033 οὐδαμῶς
1180 3932 1226 4013 τὰ
1256 3935 1295 4013 ἐν

136 4200 160 4237 1.
178 4181 485 4253 οὖκοῦνέπειδηπεροω.
500 4182 533 4236 Β.
600 4179 655 4254 ἐπὶ]
669 4181 706 4238 είς
720 4181 753 4236 Β.
899 4195 924 4234 2.
943 4176 1156 4251 προογνῖζεσθαι]
1174 4183 1201 4241 ÷
1217 4177 1246 4232 δέ
1260 4176 1292 4232 Β.

98 4253 195 4309 Statim
207 4254 592 4340 πάντωςέχρηνοςςιιωρῑαςι
607 4253 639 4307 Β.
728 4269 755 4323 3.
774 4248 929 4321 οἰκειότητα]
943 4249 1066 4322 ἁγιότητα
1080 4248 1112 4304 Β.
1205 4268 1230 4313 4.
1249 4249 1294 4301 λε-

97 4327 207 4397 γόμενον
220 4324 253 4380 Β.
265 4328 422 4396 λελεγμενον
436 4323 487 4378 Ed.
546 4322 597 4392 εῖμι
609 4332 824 4394 assumptumex
838 4321 870 4376 Β.
884 4320 953 4392 (15.)
1086 4337 1128 4387 14.
1145 4317 1233 4388 μηδεὶς
1263 4325 1291 4382 -Ι-

99 4395 166 4450 οῦτω
181 4395 212 4449 Β.
322 4394 487 4449 1.ἀποκόει
499 4394 533 4449 Β.
546 4392 600 4449 κάει
613 4393 664 4449 Ed.
773 4406 816 4461 25.
832 4393 924 4463 μάθοις
936 4394 973 4449 Ι).
983 4391 1066 4460 μάθῃς
1079 4390 1130 4445 Ed.
1190 4389 1197 4409 ’
1241 4391 1295 4443 ’ναι

102 4466 134 4520 Β.
170 4465 288 4591 ,ὃὲοέίω
300 4413 427 4535 κοδαροάς
437 4486 500 4520 ποτε
513 4466 619 4521 invem
631 4463 725 4520 ordine
737 4463 771 4520 B.
934 4490 938 4498 ·
988 4462 1030 4518 28.
1049 4460 1197 4534 αῖσχίοτοις
1211 4459 1243 4514 Β.
1255 4459 1296 4514 αἱ·

99 4558 192 4608 σχροις
250 4576 256 4588 .
