3038 5018
250 278 314 340 478
555 275 1144 340 B.cYR1LL1ALEXANDR.
1323 272 1452 356 πῃ.

81 446 177 574 ξὲρῑῗὸ
220 440 390 540 ολιστής,
418 439 561 543 ἐζήτουν
589 450 610 488 “
625 440 792 544 ἁρπάζειν
820 439 929 520 αὐτόν
957 441 1016 520 ἵνα
1041 438 1225 540 ποιήσωσι
1252 434 1452 534 βασιλεῖιι.”

126 548 133 562 ’
181 551 187 564 ’
250 568 391 672 σκήψις
408 573 598 668 τοιγαροῦν
617 567 762 663 οὐδεμία
780 569 844 664 τῆς
862 566 1031 649 ἀπονοίας
1057 561 1351 669 περιλιμπάνεται
1373 567 1454 645 τοῖς

179 674 186 686 ’
249 686 443 771 Ἰουδαίοις.
492 683 824 788 καταπληττόμενοι
861 686 945 790 γὰρ,
977 690 1036 767 καὶ
1071 689 1155 767 λίαν
1191 682 1347 781 εἰκότως,
1383 681 1454 768 τάς

249 812 471 912 θεοσημείας,
489 813 548 892 καῖ
571 811 762 914 ἀναλόγως
786 815 843 892 ἐπὶ
868 810 934 912 τήν
954 821 1018 892 τοῖν
1042 817 1355 914 τερατοποιοιῖντος
1380 808 1452 888 δύ·

250 970 355 1034 ναμιν
382 935 455 1016 ἀπὸ
483 941 556 1016 τῶν
584 935 699 1039 ἔργων
726 936 920 1041 ἐρχόμενοι,
947 939 1136 1041 μονονουχὶ
1165 934 1486 1039 καταφρίττουσι5

249 1057 315 1159 τήν
347 1060 550 1157 εὐπείθειαν,
583 1066 642 1139 καὶ
673 1066 746 1140 τῶν
778 1063 925 1161 ἀγαθῶν
956 1057 1173 1166 ἐξάλλονται
1204 1056 1359 1162 τρόπων,
1392 1057 1452 1138 ἐπ’

249 1181 358 1263 αὐτὸν
394 1179 520 1287 ὥσπερ
557 1191 890 1278 κατακυβιστῶντες
928 1185 1036 1284 ήδέως
1071 1182 1135 1264 τόν
1170 1187 1234 1283 τῆς
1269 1180 1456 1264 ἀπωλείας

249 1306 421 1407 πυθμένα.

197 1510 233 1573 37
434 1500 504 1566 Πᾶν
531 1499 549 1566 δ
576 1497 690 1566 δίδωσί
716 1522 771 1577 μοι
798 1500 816 1566 ὁ
843 1499 956 1590 Ποτιλρ
983 1501 1065 1591 πρὸς
1092 1500 1150 1579 ἐμὲ
1177 1501 1257 1569 ι’ίξει.

80 1677 179 1806 ξξξζό
307 1674 392 1778 Ούχ
417 1674 544 1757 ἁπλῶς
569 1678 677 1752 εἰπεῖν
702 1672 770 1752 ἔδει
795 1672 859 1753 τὸν
880 1672 1014 1776 Κύριον
1035 1684 1057 1722 “
1070 1670 1159 1754 Ὀτι
1186 1675 1245 1752 καὶ
1271 1669 1511 1774 ἐωράκατείο

251 1807 273 1845 “
291 1831 335 1895 με
370 1802 427 1877 καὶ
460 1797 502 1875 ού
533 1798 755 1894 πιστεύετε,”
784 1799 869 1876 ἀλλ’
899 1795 944 1897 ἦν
971 1801 1175 1899 ἀναγκαῖον,
1202 1797 1261 1877 καὶ
1291 1794 1359 1894 τήν
1389 1802 1457 1874 τοῦ

249 1926 494 2024 πεπωρῶσθαι
527 1919 716 2028 πρόφασιν
748 1929 822 2004 τοῖς
855 1920 1045 2023 εῖρημένοις
1077 1926 1283 2024 ἐπενεγκεῖν,
1314 1920 1375 1999 ίνα
1409 1918 1456 2019 δή

249 2045 397 2146 μάθοιεν
431 2044 499 2126 ὑπὸ
536 2045 634 2125 θείαν
665 2044 838 2128 πεσόντες
875 2045 998 2148 ὀργήν.
1050 2047 1177 2126 οὐκοῦν
1208 2043 1370 2146 ὡσπερεί
1400 2076 1456 2127 τις

249 2168 504 2275 ἀριστοτέχνης
533 2167 662 2272 ἰατρός,
684 2172 741 2249 καὶ
770 2166 835 2269 τήν
858 2170 1062 2273 άῤῥωστίαν
1085 2171 1202 2253 αὐτοῖς
1229 2166 1455 2264 ἐπιδεικνύει,

250 2298 308 2374 καὶ
344 2298 408 2393 τῆς
444 2294 646 2398 άῤῥωστίας
681 2293 923 2373 άνακαλύπτει
960 2290 1026 2393 τὴν
1056 2293 1255 2399 πρόφασιν,
1286 2293 1357 2396 οὐχ
1395 2293 1457 2372 ἵνα
1475 2323 1510 2385 15

249 2416 423 2514 μαθόντες
450 2416 503 2499 ἐπ’
531 2419 628 2525 αὐτῷ
655 2415 699 2515 δή
726 2416 841 2526 τούτῳ
869 2417 1005 2514 μένοιεν
1033 2418 1163 2522 ήσυχή,
1191 2415 1276 2497 ἀλλ’
1304 2418 1366 2496 ἵνα
1394 2414 1460 2496 διά

220 2540 385 2626 επαντδς
412 2542 699 2640 ἐκμειλίσσοιντο
728 2540 862 2644 τρόπον
890 2545 1139 2642 λελυπημένον
1160 2545 1212 2623 ἐπ’
1231 2543 1360 2636 Αειύτοῖς
1389 2540 1460 2621 τὸν

251 2665 420 2746 ἁπάντων
432 2666 637 2766 Δεσπότην,
651 2667 704 2745 ἐπ’
722 2663 884 2766 εὐλόγοις
900 2663 937 2745 δέ
956 2665 1122 2766 δηλονότι
1140 2673 1218 2751 ταῖς
1236 2667 1378 2751 αἰτίαις·
1411 2668 1459 2746 ού

250 2789 321 2893 γάρ
353 2790 399 2870 ἀν
426 2790 554 2874 ἀδίκως
586 2788 748 2890 ἐλυπήθη
781 2787 880 2886 ποτέ,
909 2791 992 2870 ἀλλ’
1022 2789 1098 2870 οὐδ’
1127 2787 1172 2869 οἲν
1202 2791 1222 2870 ό
1254 2788 1300 2868 τὰ
1332 2789 1461 2870 δίκαια

249 2914 380 3018 κρίνειν
417 2913 527 3013 εἰδὼς,
560 2913 725 3012 τοιαύτην
761 2911 843 2992 τινὰ
879 2910 945 3012 τήν
980 2915 1033 2993 ἐπ’
1074 2914 1215 2997 ἐκείνοις
1252 2910 1460 3013 ἐποιήσατο
1475 2957 1511 2998 20

249 3041 380 3144 κρίσιν,
399 3044 428 3119 εῖ
447 3037 498 3139 μὴ
517 3036 627 3139 λόγος
644 3033 763 3115 ἐκάλει
781 3033 872 3139 πρὸς
891 3045 1009 3133 τοῦτο,
1021 3036 1064 3116 τό
1082 3041 1362 3138 κατηγορεῖσθαι
1381 3040 1461 3119 δεῖν

248 3164 473 3268 πανταχόθεν
492 3164 682 3259 διαπηδῶν.
712 3158 909 3265 ἀφίξεσθαι
927 3157 1041 3260 γεμήν
1059 3159 1140 3266 πρός
1158 3157 1301 3240 αύτόνό
1320 3162 1462 3266 Σωτὴρ

249 3289 307 3367 διὰ
334 3286 470 3367 τούτων
497 3283 747 3389 διισχυρίσατο
775 3286 846 3362 πῖιι
875 3282 964 3387 ὅπερ
991 3282 1036 3363 ἀν
1061 3283 1196 3385 ἐπιδοίη
1225 3293 1240 3370 ὁ
1269 3282 1366 3369 Θεὸς
1394 3290 1462 3366 καὶ

252 3409 378 3517 Πατήρ,
402 3410 469 3514 ούχ
496 3411 544 3491 ὡς
571 3406 677 3491 αὐτὸς
706 3404 887 3506 ἀτονήσας
915 3413 964 3491 είς
990 3406 1033 3488 τό
1060 3407 1311 3512 προσκομίζειν
1337 3409 1462 3518 ἐαυτῷ

83 3555 196 3613 am.
221 3531 333 3619 ατοός
351 3531 599 3614 πιστεύοντας·
629 3529 781 3636 ἐξήνυσε
799 3529 871 3634 γάρ
890 3529 934 3610 ἀν
952 3530 1128 3631 ἐθελήσας
1152 3534 1211 3611 καὶ
1235 3539 1344 3611 τοῦτο
1369 3534 1463 3614 λίαν
1476 3569 1511 3631 ²⁵

84 3673 150 3724 Phil.
162 3673 197 3724 iil·
252 3659 405 3742 εὐπετῶς
423 3668 445 3704 “
458 3655 550 3736 κατά
575 3654 640 3755 τήν
657 3653 834 3756 ἐνέργειαν
856 3663 918 3734 τοῦ
948 3654 1123 3735 δύνασθαι
1148 3653 1256 3734 αὐτόν
1278 3659 1339 3735 καὶ
1365 3657 1462 3737 ύπο-

85 3753 125 3788 Μ’
252 3793 274 3831 “
288 3781 396 3887 τάξαι
413 3781 510 3888 αὐτῷ
528 3777 573 3858 τά
590 3775 731 3859 πάντα”
747 3776 839 3858 κατὰ
857 3777 923 3876 τὴν
941 3788 1005 3858 τοῖν
1025 3777 1176 3859 Παύλου
1195 3779 1333 3884 φωνήν·
1365 3784 1460 3861 ἀλλ’

250 3906 394 4007 ἐπείπερ
421 3900 615 4005 ἀναγκαῖόν
641 3936 719 3987 πως
747 3899 835 3981 εἶναι
865 3905 1046 3982 δοκεῖκαὶ
1075 3903 1385 4007 πρεπωδεστερον,
1416 3904 1461 3985 τὸ

251 4030 309 4111 διὰ
335 4033 398 4130 τῆς
424 4029 520 4111 θείας
544 4025 689 4132 φύσεως
712 4031 1015 4133 φωταγωγεῖσθαι
1033 4025 1152 4127 λέγειν
1170 4022 1251 4108 τούς
1269 4027 1308 4104 ἐν
1327 4029 1460 4129 ἀγνω-

290 4262 313 4298 1.
332 4243 409 4297 αὐτὸν
421 4242 542 4312 ἁρπάζειν
554 4241 659 4294 inverso
671 4237 764 4293 ordine
778 4237 810 4293 Β.
1003 4256 1028 4294 2.
1046 4241 1183 4312 τοιγαροῦν
1209 4236 1254 4293 οὖν
1265 4243 1414 4309 τοιγαροῦν
1428 4241 1463 4296 Β.

251 4316 468 4384 περιλαμβάνεται
482 4312 515 4365 Β.
562 4311 658 4365 Statim
672 4311 713 4363 καὶ
725 4308 799 4363 addit
812 4308 844 4363 B.
951 4312 978 4363 6.
997 4309 1036 4364 ἐπ’
1052 4310 1083 4363 Β.
1097 4310 1133 4365 είς
1146 4236 1197 4363 Εεί.
1307 4326 1336 4383 9.
1355 4332 1405 4380 μοι
1418 4331 1462 4367 as·

250 4395 390 4455 sumptum
403 4402 435 4438 ex
450 4383 521 4436 B.D.
571 4381 615 4451 ἐμὲ
628 4380 660 4435 Β.
673 4403 704 4449 με
719 4379 769 4434 Ed.
863 4396 903 4434 10.
923 4380 1019 4450 Κύριον
1032 4380 1064 4435 Β.
1076 4379 1191 4450 Χριστόν
1202 4378 1254 4434 Ed.
1345 4382 1392 4438 16.
1413 4382 1461 4455 δή]

250 4456 332 4526 δήπου
347 4456 382 4509 D.
528 4455 569 4508 18.
588 4451 631 4534 ού]
645 4452 704 4505 οὐδὲ
719 4450 750 4505 Β.
906 4468 949 4522 25.
968 4452 1027 4508 τοὺς
1039 4449 1207 4507 πιστεύοντας
1218 4460 1363 4524 assumpta
1376 4473 1414 4510 ex
1428 4455 1463 4511 B.

251 4527 294 4581 28.
314 4523 378 4580 εἶναι’
388 4547 442 4580 πως
454 4526 560 4580 inverso
572 4522 664 4578 ordme
678 4522 708 4575 B.
