3038 5018
251 308 316 370 658
556 304 595 368 B.
619 300 830 369 OYRILLI
858 299 1147 365 ALEXANDR.
1337 292 1393 358 vii.
1406 290 1452 357 28.

252 475 331 551 Ἀπ’
351 472 495 576 ἐμαυτοῦ
520 475 578 550 οὐκ
604 466 751 563 ἐλήλυθα
774 472 859 548 ἀλλ’
881 467 966 548 ἐστιν
987 464 1135 562 ἀληθοῦς
1161 474 1177 546 ὁ
1202 457 1373 568 πέμψας
1396 493 1450 562 μέ·

253 597 336 692 ὑμῖν
354 592 420 690 μέν
438 593 509 697 γὰρ
535 594 626 684 ἐθος,
647 596 773 699 φησὶν,
793 589 821 672 ὦ
840 591 960 672 πάντα
976 598 1180 691 τολμῶντες
1198 584 1379 680 εῦκόλως,
1399 582 1454 660 καὶ

222 718 343 820 οπρῦς
372 720 490 799 ὁτιοῦν
519 721 577 798 καὶ
610 723 682 796 τῶν
710 715 859 823 σφόδρα
891 720 1015 797 δεινῶν
1045 711 1320 818 ἀπερισκέπτως
1356 707 1456 804 6⁰35-

253 843 381 946 ψοντες,
404 845 756 951 ψευδοπροφητεύειν
780 843 862 923 ἐσθ’
883 842 951 941 ὅτε,
973 844 1031 922 καὶ
1057 845 1153 919 θεοῦ
1180 837 1232 937 μῆ
1261 837 1452 915 ἀπεσταλ·

253 967 366 1064 κότος,
385 965 593 1072 πεπέμφθαι
620 968 739 1069 λέγειν
756 966 856 1070 παρά
875 973 982 1047 Θεοῦ.
1021 963 1093 1066 ἐγῶ
1112 961 1148 1043 δέ
1167 968 1241 1042 τῶν
1259 959 1348 1039 καθ’
1370 959 1483 1050 ῦμᾶςὸ

253 1093 317 1170 οὐκ
336 1094 417 1190 εἰμὶ,
436 1089 522 1170 ἀλλ’
541 1091 620 1171 ούδέ
639 1091 704 1177 τάς
721 1094 805 1195 παρ’
827 1094 909 1191 ύμῖν
926 1088 1158 1192 τετριμμένας
1175 1081 1457 1183 ἀπομιμήσομω

251 1214 402 1313 τόλμας.
451 1220 510 1295 οὐκ
543 1215 726 1320 ἀφικόμην
753 1222 816 1298 ἀπ’
847 1217 1000 1318 ἐμαυτοῦ,
1029 1210 1110 1293 οῦδέ
1140 1207 1384 1311 αὐτάγγελος,
1411 1208 1457 1286 ὡς

253 1340 360 1437 ῦμεῖς,
380 1340 464 1418 ἀλλ’
486 1338 530 1442 ἐξ
546 1341 697 1442 ούρανοῦ
714 1339 955 1444 παραγέγονά·
985 1336 1134 1433 ἀληθινός
1151 1337 1238 1416 ἐστιν
1257 1341 1273 1413 ὁ
1293 1324 1458 1436 πέμψας

251 1497 307 1566 με,
338 1463 381 1542 ού
415 1463 491 1542 κατ’
524 1466 656 1543 ἐκεῖνον
688 1465 804 1564 δήπου
834 1463 898 1543 τὸν
930 1464 1099 1564 ὑμέτερον
1129 1459 1193 1541 τὸν
1225 1457 1455 1565 φιλοψευδῆ,

252 1587 416 1667 τουτέστι
442 1585 507 1666 τὸν
528 1586 715 1681 διάβολον,
741 1589 783 1668 οῦ
811 1585 853 1666 τό
880 1595 1021 1685 πνεῦμα
1049 1582 1300 1685 λαμβάνοντες
1330 1584 1390 1660 καὶ
1419 1578 1459 1658 τὸ
1472 1607 1503 1648 10

219 1713 370 1816 ἀψευδῆ
407 1709 646 1817 προφητεύειν
682 1715 924 1810 άποτολμῦιτε.
983 1711 1110 1790 ούκοῦν
1147 1703 1299 1800 ἀληθινός
1340 1701 1409 1803 μέν
1444 1712 1459 1783 ὁ

253 1828 413 1939 πέμψας
431 1871 486 1937 με,
506 1837 526 1914 ὁ
546 1833 583 1914 δέ
602 1837 693 1932 ὑμᾶς
710 1835 802 1939 πρὸς
820 1835 861 1915 τῦ
880 1832 1108 1915 πλάττεσθαι
1130 1830 1213 1915 τοῦς
1238 1826 1345 1930 παρὰ
1364 1832 1460 1906 θεοῦ

84 1957 191 2089 Q*
254 1955 386 2061 λόγους
409 1957 608 2056 διανιστάς,
629 1961 693 2039 οῦκ
712 1958 893 2056 ἀληθινός.
933 1957 1098 2066 ψεύστης
1116 1955 1188 2059 γάρ
1205 1958 1287 2034 ἐστι
1307 1955 1370 2032 καὶ
1387 1956 1460 2031 τῶν

253 2085 483 2190 ψευδομένων
513 2082 645 2185 πατήρ.
700 2082 754 2163 ότι
791 2081 828 2163 δέ
865 2091 939 2168 τοῖς
970 2082 1152 2164 Ἰουδαίοις
1185 2073 1458 2176 κατειθισμένου

254 2207 451 2309 εὑρήσομεν
472 2205 514 2286 τό
540 2210 777 2312 προφητεύειν
796 2211 925 2314 ψευδῆ,
943 2214 1015 2290 τοῖς
1040 2213 1113 2285 τῶν
1129 2208 1335 2308 προφητῶν
1353 2234 1453 2302 περι·
1472 2226 1502 2286 ¹⁵

253 2331 491 2435 τυγχάνοντες
522 2329 646 2431 λόγοις
676 2334 810 2411 ἀκονιτὶ
839 2331 1080 2434 θεωρήσομεν.
1131 2324 1359 2432 σαφέστατα
1387 2321 1458 2427 γάρ

84 2455 157 2571 ΞΕ·
170 2535 197 2570 ²1
253 2487 325 2534 που
354 2458 469 2558 φησὶν
502 2456 521 2533 ὁ
553 2453 700 2534 πάντων
724 2452 919 2554 Δεσπότης
948 2459 1028 2556 περὶ
1057 2454 1174 2533 αῦτῶν
1205 2461 1226 2498 “
1247 2450 1333 2529 Ούκ
1363 2446 1453 2528 άπέ·

254 2587 276 2622 “
295 2588 456 2656 στελλον
474 2577 556 2661 τοῦς
579 2578 779 2684 προφήτας,
799 2582 857 2659 καὶ
882 2581 981 2659 αῦτοὶ
1006 2578 1162 2681 ἔτρεχον·
1194 2575 1259 2655 οῦκ
1285 2573 1459 2671 ἐλάλησα

224 2710 275 2779 ο“
294 2700 384 2802 πρὸς
401 2702 537 2798 αύτούς,
549 2705 607 2781 καὶ
626 2705 725 2783 αὐτοὶ
745 2702 1019 2809 ἐπροφήτευον.”
1049 2704 1108 2781 καὶ
1126 2697 1240 2780 πάλιν
1252 2697 1459 2802 ἐνἹερεμίρ

85 2825 127 2955 {¹22
138 2827 188 2878 θ’·
254 2834 277 2870 “
296 2826 417 2923 Ψευδῆ
446 2830 478 2905 οἱ
503 2830 688 2933 προφῆται
712 2827 1003 2934 προφητεύουσιν
1026 2825 1083 2905 ἐπὶ
1111 2828 1162 2931 τῷ
1189 2819 1345 2920 ὀνόματί
1368 2854 1454 2918 μου,
1471 2851 1503 2894 το

254 2957 276 2993 “
294 2948 357 3027 οῦκ
385 2947 580 3029 ἀπέστειλα
605 2949 731 3034 αύτούς
758 2954 816 3055 καὶ
841 2952 904 3030 ούκ
929 2947 1097 3048 ἐλάλησα
1120 2945 1211 3049 πρὸς
1239 2942 1371 3029 αῦτοῦς
1399 2947 1459 3023 καὶ

254 3082 276 3119 “
294 3073 358 3152 ούκ
385 3072 613 3174 ἐνετειλάμην
636 3077 767 3159 αὐτοῖς·
805 3074 859 3154 ὅτι
888 3073 1031 3175 ὁράσεις
1059 3076 1117 3151 καὶ
1145 3070 1371 3168 οἱωνίσματα
1399 3071 1457 3148 καὶ

253 3208 275 3245 “
292 3199 510 3300 προφητείας
549 3201 694 3301 καρδίας
728 3201 846 3279 αὐτῶν
878 3200 977 3278 αῦτοὶ
1009 3194 1302 3301 προφητεύουσιν
1335 3193 1456 3292 ῦμῖν.”

252 3321 437 3424 ἐλέγχεται
464 3331 654 3425 τοιγαροῦν
679 3325 736 3402 ἐπὶ
766 3322 881 3430 τούτῳ
910 3324 929 3400 ὁ
957 3319 1101 3424 ἀλαζὼν
1120 3320 1302 3416 Ἰουδαῖος,
1322 3322 1373 3402 ῶς
1399 3323 1457 3397 καὶ

254 3443 349 3551 αὐτῷ
370 3449 521 3547 περιθεὶς
545 3453 597 3554 τῷ
617 3453 770 3554 Χριστῷ
796 3444 838 3527 τὸ
864 3442 1007 3548 προσδν
1025 3447 1138 3551 ἐαυτῷ
1163 3445 1221 3522 καὶ
1244 3440 1339 3520 κατά
1357 3448 1456 3524 Θεοῦ
1470 3470 1502 3529 ²5

253 3564 400 3668 θράσος,
425 3569 600 3666 τουτέστι,
625 3568 690 3669 τήν
715 3569 1062 3676 ψευδοπροφητείαν.
1104 3565 1146 3646 τὸ
1174 3566 1212 3646 δέ
1239 3565 1338 3650 ὅλως
1366 3570 1454 3648 άπι·

253 3697 353 3770 στεῖν
374 3698 425 3799 τῷ
454 3691 576 3771 θεόθεν
601 3697 658 3772 καὶ
686 3696 725 3772 ἐκ
751 3692 898 3796 Πατρός
926 3691 1155 3774 ἀπεστάλθαι
1182 3696 1327 3787 βοῶντι,
1345 3694 1387 3770 τί
1413 3690 1458 3771 ἂν

252 3813 371 3916 ἕτερον
399 3815 451 3914 εἵη
480 3815 609 3896 λοιπὸν
638 3816 660 3917 ῆ
689 3817 881 3921 διαῤῥήδην
909 3820 1134 3920 ἀνακραγεῖν,
1158 3813 1213 3894 ὅτι
1242 3817 1453 3920 ψευδοπρο-

253 3938 415 4043 φητεύεις
433 3941 478 4019 τά
498 3941 597 4039 ήμῶν
615 3947 664 4025 εὶς
683 3941 775 4038 ἡμᾶς
793 3940 1030 4040 μιμούμενος;

290 4150 314 4186 2.
332 4133 352 4186 δ
365 4133 515 4187 emendavit
528 4134 600 4188 Aub.
613 4135 647 4189 ὡς
661 4133 693 4187 Β.
709 4133 799 4188 Holst.
839 4133 913 4189 Haec
927 4134 1025 4189 desunt
1037 4135 1065 4189 in
1078 4152 1101 4189 a.
1239 4175 1246 4188 .
1264 4135 1352 4188 ὁτιοῦν
1364 4154 1457 4192 emen-

253 4201 325 4256 davit
340 4203 387 4257 Ht.
400 4226 424 4256 τι
437 4207 482 4257 οῦν
496 4204 528 4258 B.
614 4206 641 4257 ό.
659 4205 824 4273 τετριμμένος
836 4207 986 4260 emendavit
1000 4206 1048 4260 Ht.
1061 4228 1105 4261 τετ
1121 4204 1259 4274 ημέικις.
1344 4206 1373 4260 8.
1393 4209 1457 4275 ἅλη-

252 4271 334 4345 θινός]
349 4277 389 4327 καὶ
401 4275 522 4342 ἀληθινός
534 4292 557 4328 ο.
643 4290 684 4329 10.
703 4277 878 4343 λαμβάνοντες
892 4275 950 4330 Ra.
962 4278 1089 4339 λαβόντες
1103 4227 1151 4331 θὶς.
1167 4275 1219 4330 Ed.
1306 4293 1348 4331 11.
1443 4282 1457 4347 ῆ

251 4343 424 4425 προφητεύειν
438 4345 496 4399 ΒΑ.
510 4345 768 4470 ψευδοπροφητεύειν
781 4346 829 4400 Ht.
846 4346 897 4400 Ed.
1010 4363 1050 4418 19.
1069 4345 1247 4418 προεφήτευον
1259 4364 1282 4400 a.
1298 4348 1345 4414 (26
1389 4350 1410 4416 .)
1422 4350 1457 4404 of.

251 4413 440 4487 mxliProph.
452 4417 505 4487 578
534 4419 607 4486 ,788
616 4435 639 4479 c,
652 4428 721 4472 mter
733 4434 801 4471 νοις.
814 4419 874 4472 lect.
983 4434 1025 4471 22.
1045 4417 1203 4488 οἶονίσμοτο
1215 4417 1369 4473 emendavit
1381 4421 1457 4476 Aah.

413 4532 582 4607 λδηίσμοτα
597 4537 645 4594 Ht.
754 4537 796 4592 26.
816 4536 857 4610 δι’]
871 4539 921 4607 γὰρ
934 4554 958 4591 ο.
