3038 5018
220 303 284 365 676
523 299 563 365 Β.
586 297 792 362 CYRILLI
823 295 1113 361 ALEXANDR.
1324 289 1383 353 vii.
1394 307 1441 374 32.

221 470 371 549 καὶτοῖς
395 464 523 548 ἀλλοις
549 461 697 560 ἀπασιν,
717 468 747 541 εἰ
764 462 815 562 μὴ
834 471 962 542 τοῦτον
980 463 1181 541 διακέοιντο
1203 459 1275 538 τὸν
1294 454 1439 559 τρόπον,

186 590 385 688 δέπιτιμᾶν
403 586 575 671 εἰωθότες.
616 587 703 665 ἀλλ’
724 585 825 666 οῦδὲν
843 589 881 665 ε’ν
899 585 1037 667 τούτοις
1054 591 1120 664 τοῦ
1140 583 1264 681 νόμον
1283 578 1435 689 φροντί-

220 745 361 808 σαντες,
379 712 674 793 διαλακτίσαντες
693 708 731 788 δὲ
750 705 875 813 ὥσπερ
899 707 946 788 τά
968 707 1054 810 παρ’
1072 709 1198 790 αι’ποῖς
1217 703 1436 803 τιμιώτατα,

219 835 368 939 βρόχοις
404 840 613 936 περιβαλεῖν
644 831 891 935 σπουδάζουσι
922 830 986 912 τὸν
1018 828 1256 933 ἡμαρτηκότα
1297 826 1370 927 μὲν
1400 826 1438 906 τῦ

219 959 393 1062 παράπαν
422 957 533 1055 οῦδὲν,
563 957 619 1036 ότι
651 954 690 1034 δὲ
722 964 869 1054 μᾶλλον
902 953 1007 1040 αῦτῦς
1039 954 1092 1055 ε’ίη
1125 955 1145 1034 ὁ
1177 951 1371 1056 Χριστὸς,
1396 949 1458 1032 δῖε

222 1084 339 1162 αύτῶν
375 1081 444 1182 ἤδη
478 1087 551 1161 τῶν
586 1080 701 1184 ἔργων
735 1081 1026 1179 πεπιστευμεῖιον.
1085 1080 1199 1182 ε’χρῆν
1237 1075 1283 1156 δὲ
1323 1074 1436 1174 δήπον

221 1203 376 1304 πάντως,
412 1208 485 1308 ε’ρεῖ
515 1239 568 1287 τις
605 1201 774 1305 εὐλόγως,
812 1201 894 1288 τοῦς
932 1205 1098 1286 ἀνοσίους
1135 1207 1212 1280 τῶν
1244 1200 1435 1280 Ἰουδαιῦιν

222 1329 437 1432 καθηγητὰς,
456 1329 553 1431 ε’ίπερ
580 1326 678 1428 ἦσαν
702 1334 775 1407 τῶν
801 1328 905 1407 θείων
931 1328 1067 1428 λογίων
1090 1326 1239 1426 ἵστορες
1270 1326 1337 1403 καὶ
1366 1329 1434 1402 τοῖν

222 1453 325 1533 θείων
345 1452 464 1552 νόμων
480 1451 728 1551 ἐπιστήμονες,
744 1456 1013 1555 προσλαλῆσαι
1030 1457 1178 1549 μᾶλλον
1195 1456 1278 1532 τοῖς
1299 1448 1432 1554 ὄχλοις,

221 1576 421 1682 ἀνατρέψαι
450 1583 641 1678 λογισμοῖς
668 1583 742 1659 τοῖς
770 1573 969 1673 καθήκουσι
995 1571 1061 1673 τὴν
1083 1574 1140 1654 ε’πὶ
1164 1572 1294 1681 τούτῳ
1322 1606 1429 1652 κατα·
1443 1604 1469 1646 ιο

193 1698 323 1800 οβοῦγν,
342 1701 644 1802 ἀποκρούσασθαι
659 1707 725 1778 τοῦ
743 1697 882 1807 φθόνου
900 1697 964 1782 τὰς
989 1698 1158 1804 ῦποψίας,
1179 1701 1373 1792 μεθιστᾶν
1389 1700 1431 1778 εἰς

222 1823 263 1902 τὸ
283 1831 428 1929 φρονεῖν
446 1823 470 1902 ἃ
487 1826 682 1927 προσῆκεν,
700 1822 765 1902 ε’ίτι
781 1857 851 1926 περ
869 1821 965 1907 ὅλως
984 1824 1043 1902 καὶ
1065 1818 1333 1926 διεσφάλσθαι
1351 1820 1429 1920 παρ’

222 1948 341 2031 αὐτοῖς
359 1947 568 2051 ε’νομίφιντο,
582 1945 704 2030 καλάς·
714 1948 773 2026 ε’πὶ
786 1950 939 2052 Χριστῷ
959 1943 1023 2029 τάς
1042 1943 1211 2028 ἀπονοίας
1225 1945 1428 2026 ὡδιῖιοντες·

222 2069 290 2150 ἔδει
317 2076 394 2154 ταῖς
420 2073 460 2151 ἐκ
486 2075 686 2175 προφητῶν
713 2069 921 2173 μαρτυρίαις
952 2072 1253 2174 πληροφορῆσαι,
1286 2072 1348 2147 καὶ
1377 2063 1429 2145 διά

222 2194 345 2294 πάσης
373 2194 600 2300 ἁπαξαπλῶς
629 2190 748 2278 ἰόντας
775 2198 839 2293 τῆς
867 2194 962 2278 θείας
989 2197 1143 2299 γραφῆς,
1165 2191 1429 2297 ἀπονίψασθαι
1440 2222 1465 2283 15

222 2317 288 2417 μὲν
304 2316 350 2397 τά
375 2320 413 2397 ε’κ
438 2325 511 2397 τῶν
534 2316 656 2423 ὄχλων
679 2317 900 2421 ἐγκλήματα,
920 2318 1061 2424 διδάξαι
1086 2314 1124 2396 δὲ
1147 2318 1232 2415 περὶ
1262 2321 1429 2416 Χριστοῦ

222 2441 264 2520 τὸ
301 2442 548 2543 ἀληθέστερον
582 2445 631 2525 ὡς
662 2440 863 2544 ἐγνωκότας
894 2477 928 2522 τι
959 2440 1086 2522 πλέον.
1140 2437 1228 2518 ἀλλ’
1262 2438 1429 2536 οὐδεμίαν

223 2566 382 2643 ἐντεῦθεν
410 2562 476 2664 τὴν
504 2566 708 2667 ἀπολογίαν
730 2569 964 2668 εὑρίσκοντες,
991 2563 1267 2660 δυσωπούμενοι
1298 2563 1339 2643 δὲ
1366 2561 1429 2660 τὴν

191 2687 331 2789 δάγίαν
358 2688 516 2794 γραφὴν,
541 2686 603 2769 ἅτε
631 2698 907 2791 κατηγοροῦσαν
936 2692 1054 2770 αὐτῶν
1080 2685 1170 2787 μετά
1198 2693 1279 2766 τιῦν
1308 2685 1429 2792 ὄχλων

224 2813 457 2913 εὑρίσκοντες,
490 2818 537 2896 είς
574 2814 814 2916 ἀναίσχυντον
846 2815 1064 2911 ἐμπίπτουσι
1101 2808 1256 2916 θράσος,
1294 2812 1357 2890 καὶ
1392 2811 1468 2889 ε’κιι

223 2934 340 3034 με’σου
365 2944 546 3017 ποιείσθω
571 2934 819 3039 σπουδάζουσι
844 2934 908 3015 τὸν
926 2934 1101 3037 Χριστὸν,
1121 2935 1176 3014 ὅτι
1195 2933 1430 3015 διὲπτιιιοτιιι

224 3059 418 3164 διελέγχειν
437 3062 501 3140 οῦκ
526 3062 678 3166 ἔχοντες.
718 3059 761 3139 τὸ
780 3057 819 3138 δὲ
837 3058 880 3158 δὴ
899 3065 972 3139 τῶν
991 3060 1118 3137 ἀλλων
1136 3059 1428 3164 ἀφορητότερον,

224 3181 304 3261 οὐδὲ
341 3191 414 3263 τῶν
450 3184 633 3288 τυχόντων
671 3185 693 3283 ἡ
731 3184 878 3289 σκέψις,
917 3181 1018 3263 ἀλλά
1054 3189 1126 3263 τῶν
1162 3182 1353 3292 ἀρχιτρίιιιν
1386 3181 1431 3262 τά

225 3305 441 3405 τολμήματα
466 3308 671 3410 σύνδρομον
689 3305 845 3412 ε’χόντων
863 3314 936 3390 τοῖς
954 3315 1151 3414 Φαρισαίοις
1174 3307 1240 3405 Τὴν
1260 3307 1428 3410 γνοῦμην,

226 3433 339 3509 καίτοι
368 3437 602 3533 καθηγεῖσθαι
632 3433 712 3511 δίον
736 3433 854 3512 αύτῶν
880 3436 928 3515 ὡς
955 3439 1259 3514 πλεονεκτοῦντας
1286 3436 1341 3539 τηῖ
1368 3435 1470 3530 τῆςι5

227 3553 423 3655 ἱερωσύνης
450 3555 645 3656 πράγματι,
675 3559 733 3635 καὶ
763 3556 805 3635 τό
837 3552 1078 3659 προτετάχθαι
1109 3551 1168 3633 διά
1197 3554 1332 3634 τούτου
1363 3570 1431 3634 λα-

227 3677 368 3782 χόντας,
402 3679 471 3758 ἔδει
509 3678 703 3782 φαίνεσθαι
740 3678 958 3779 καθηγητὰς,
995 3681 1053 3756 καὶ
1090 3679 1128 3757 ε’ν
1164 3679 1318 3779 ἀγαθοῖς
1358 3687 1432 3762 τοῖς

107 3791 111 3797 ¹
198 3803 424 3902 οσκίμμασι,
444 3804 502 3880 καὶ
521 3806 660 3899 βουλῆς
678 3801 869 3904 κατάρχειν
888 3803 951 3880 οῦκ
970 3799 1180 3907 ἀπᾳδούσης
1199 3805 1300 3908 θεῷ.
1342 3803 1430 3883 ἀλλ’

265 4045 289 4083 1.
307 4028 447 4084 διακέοιντο
461 4029 493 4083 B.
506 4030 634 4084 διακοῖντο
648 4027 787 4100 [διάκοιντο
801 4027 894 4098 Migne
924 4025 1014 4081 Holst.
1028 4025 1080 4080 Ed.
1179 4045 1205 4094 4.
1224 4027 1274 4096 μῦν
1286 4046 1345 4084 om.
1359 4030 1431 4086 Aub.

227 4112 253 4169 5.
272 4103 287 4152 ὁ
299 4110 468 4169 assumptum
480 4118 512 4153 ex
524 4117 548 4154 a.
658 4098 683 4152 6.
703 4101 768 4168 χρῆν
781 4098 824 4165 Β,
836 4097 882 4151 sed
896 4100 975 4167 εχρῆν
986 4106 1017 4151 ut
1028 4096 1083 4151 vid.
1096 4113 1121 4150 a.
1229 4098 1256 4153 8.
1277 4096 1346 4168 ἦραν
1358 4101 1431 4157 Aah.

230 4187 271 4240 13.
290 4171 401 4225 ἐπινοίας
414 4169 485 4224 Aub.
499 4170 589 4223 forsan
601 4187 615 4221 e
629 4168 687 4222 cat.
704 4171 778 4223 Harl.
896 4186 937 4235 14.
955 4171 1011 4224 ταῖς
1025 4168 1057 4221 Β.
1070 4189 1098 4221 τε
1115 4166 1163 4223 Ht.
1176 4167 1227 4222 Ed.
1287 4174 1432 4241 μαρτυρίας

228 4240 332 4309 Migne.
368 4240 464 4294 Statim
476 4239 691 4311 πληροφορησειν
706 4239 737 4293 Β.
847 4255 888 4307 19.
906 4241 952 4293 δτι
964 4257 987 4292 ει.
1000 4239 1059 4292 Cat.
1076 4239 1151 4292 Harl.
1158 4239 1206 4363 ψει
1218 4239 1308 4308 Αυδ.)
1321 4244 1368 4296 καὶ
1381 4243 1432 4297 Ed.

228 4326 271 4364 20.
290 4311 443 4364 ἐκπίπτουσι
455 4330 478 4364 a.
558 4312 781 4378 «ai'assumptum
794 4327 826 4363 ex
840 4327 863 4363 a.
1008 4326 1050 4363 21.
1069 4313 1157 4365 ποιςῖσ
1174 4331 1201 4363 αι
1213 4327 1238 4363 a.
1250 4313 1366 4381 ποιησαι
1382 4313 1432 4368 Ed.

226 4382 271 4434 τὸν
283 4382 398 4450 Χριστὸν
410 4381 559 4435 emendavit
573 4381 670 4435 Λαίνα
686 4380 744 4434 Cat.
761 4381 847 4443 Harl„
861 4397 945 4451 quum
962 4380 1088 4434 exhibent
1103 4382 1134 4434 τὸ
1151 4385 1210 4434 mim
1227 4380 1372 4438 διέπτεοτε
1392 4385 1432 4448 B„

226 4454 263 4522 τῷ
276 4452 347 4574 νῷάτί
358 4450 520 4575 διέπτὲιάσται
536 4452 583 4505 Ht.
634 4451 754 4505 Fortasse
766 4454 795 4505 τδ
813 4456 872 4506 νῶτι
891 4475 914 4493 =
931 4452 977 4505 τὸν
988 4451 1035 4517 ὅτι,
1049 4450 1164 4520 Χριστόν
1175 4451 1289 4517 omisso,
1303 4455 1381 4510 uude
1394 4456 1433 4510 ὅτι

228 4537 303 4574 emen
324 4539 373 4574 ωτι.
388 4522 413 4574 τί
441 4523 448 4538 ’
472 4563 478 4575 .
