3038 5018
232 273 296 337 578
435 348 438 352 .
534 270 574 338 Β.
597 271 804 336 CYRILLI
833 269 1120 336 ALEXANDR.
1254 266 1432 349 vi.70‚'71.

203 435 392 516 νέστάναι·
439 437 552 516 δεινὸν
584 439 620 516 δ’
653 436 706 517 ότι
740 442 862 541 χρῆμα
893 442 950 517 καὶ
982 438 1223 542 πολύμορφον
1256 433 1430 534 ἁμαρτία,

232 559 475 661 πολυτρόποις
500 561 642 659 ἡδοναῖς
667 560 729 641 τὸν
747 562 972 664 ἀνθρώπινον
990 559 1304 662 καταγοητεύουσα
1329 563 1430 648 νοῦν,

234 688 292 763 καὶ
316 681 515 767 λειοτάταις
540 680 665 786 ὥσπερ
693 686 892 784 ἐπιθυμίαις
920 692 968 772 εἰς
994 681 1018 765 ἃ
1041 683 1092 784 μὴ
1116 686 1298 783 προσῆκεν
1321 677 1431 784 ἐξέλ-

234 836 361 887 κουσα·
398 806 596 909 ὑπόδειγμα
622 808 665 888 δέ
684 841 744 906 μοι
770 817 834 888 τοῦ
858 808 983 911 λόγου,
1003 812 1127 916 φησὶν,
1147 806 1251 886 έσται
1277 801 1319 883 τὸ
1347 799 1432 880 καθ’

141 1032 145 1038 ἢ
235 932 334 1027 ὑμᾶς.
370 934 438 1031 ε’ρῶ
456 929 527 1031 γὰρ
546 931 642 1015 τέως·
668 933 793 1011 οὐδένα
811 934 952 1011 ἐκείνων
970 938 1042 1010 τῶν
1059 932 1102 1036 ἐξ
1118 930 1294 1033 ἐλαφρίας
1312 926 1469 1011 όπίσω5

232 1050 431 1149 πεσόντων,
450 1058 498 1138 ὡς
521 1054 678 1156 ἀγαθοὺς
702 1059 793 1162 ὑμᾶς
811 1052 1034 1162 ἐπελεξάμην·
1065 1052 1162 1160 ᾔδειν
1181 1052 1253 1155 γὰρ
1271 1054 1319 1133 ὡς
1339 1045 1435 1129 Θεὸς

233 1173 280 1255 τὰ
304 1178 342 1255 ἐν
361 1179 456 1274 ὑμῖν·
486 1178 572 1255 ἀλλ’
592 1177 757 1277 ἥρπασεν
775 1180 813 1257 έν
831 1180 929 1284 ἀδείᾳ
955 1177 1183 1282 φιλοκερδίας
1209 1178 1228 1254 ὸ
1253 1178 1431 1265 σατανάς,

234 1301 357 1378 καὶού
383 1301 594 1405 διέψευσται
618 1299 761 1383 πάντως
788 1305 916 1407 φῆφος
944 1301 966 1399 ἡ
993 1299 1069 1401 ἐμή.
1098 1297 1343 1401 προαιρετικὸν
1361 1293 1435 1396 γὰρ

200 1425 272 1502 (ὶέν
288 1421 488 1524 ἀνθρώποις
516 1427 575 1503 καὶ
597 1425 806 1526 αὐθαίρετον
829 1422 871 1503 τὸ
898 1425 951 1504 ἐπ’
971 1423 1083 1530 ἄμφω
1108 1422 1272 1525 βαδίζειν,
1291 1419 1359 1499 εἴτε
1384 1423 1436 1499 είς

233 1545 352 1651 δεξιὸν
371 1546 430 1625 εἴτ’
450 1547 514 1626 οὖν
531 1553 581 1631 εἰς
605 1546 806 1650 ἀριστερὸν,
825 1545 955 1649 ἀρετὴν
973 1543 1010 1627 δέ
1032 1546 1201 1646 δηλονότι
1224 1547 1282 1624 καὶ
1307 1544 1436 1622 κακίαν
1455 1574 1493 1615 10

234 1671 340 1775 φημί.
382 1671 472 1765 ὁμοῦ
504 1678 695 1771 τοιγαροῦν
726 1670 784 1749 διὰ
815 1678 880 1750 τοῦ
911 1672 971 1749 καὶ
1002 1666 1169 1771 μειῷνως
1200 1665 1437 1766 ἐπισκήπτειν

234 1795 364 1889 αὐτοῖς,
383 1795 441 1871 καὶ
460 1797 509 1877 είς
527 1796 639 1898 νῆφιν
657 1794 780 1897 ἐγείρει
798 1791 864 1892 τὴν
882 1794 1105 1895 πρέπουσαν,
1124 1794 1184 1872 καὶ
1202 1793 1241 1870 ἐν
1257 1796 1330 1871 τοῖς
1350 1789 1433 1867 καθ’

233 1915 370 2013 ἐαυτὸν,
389 1915 543 1995 ἕκαστον
560 1916 843 2022 ἀσφαλέστερον
860 1914 1104 2019 ἀπεργάζεται·
1133 1912 1175 1994 τὸ
1200 1910 1267 2014 μέν
1283 1908 1355 2014 γάρ
1378 1913 1437 1994 τίς

235 2038 504 2140 ὁποιραδῶσων
522 2037 641 2134 αὐτὸν,
660 2041 760 2120 οὔπω
786 2040 885 2139 λέγει
909 2046 1052 2145 σαφῶς·
1081 2043 1131 2120 ἑνὶ
1157 2036 1196 2119 δέ
1222 2040 1348 2118 ἁπλῶς
1375 2037 1437 2113 καὶ

235 2163 448 2265 ἀδιορίστως
482 2166 546 2261 τῆς
584 2164 751 2258 ἀσεβείας
787 2163 918 2246 ἐπιθεὶς
953 2163 995 2242 τὸ
1033 2164 1192 2267 φορτίον,
1225 2166 1274 2245 είς
1310 2162 1438 2261 ἀγῶνα
1456 2191 1493 2250 ¹5

235 2289 391 2386 καθίστη
415 2282 498 2370 τοὺς
521 2286 670 2383 πάντας,
688 2289 747 2365 καὶ
771 2284 863 2388 πρὸς
889 2289 1001 2391 νῆφιν
1019 2284 1279 2388 ἀκριβεστέραν
1296 2281 1435 2376 ἐκάλει,

206 2412 539 2516 θκαταφρίττοντος
576 2406 731 2487 ἑκάστου
766 2413 831 2506 τῆς
867 2410 995 2488 ἐαυτοῦ
1032 2413 1156 2514 ψυχῆς
1191 2405 1258 2507 τὴν
1291 2403 1434 2507 ζὴμίοιν.

235 2535 325 2629 ὁμοῦ
356 2533 399 2613 δέ
423 2566 457 2610 τι
487 2531 624 2615 τούτοις
652 2533 711 2610 καὶ
743 2530 863 2632 ἕτερον
892 2530 1057 2611 ἀπετέλει
1087 2536 1131 2636 τῇ
1160 2537 1234 2610 τῶν
1263 2534 1440 2628 μαθητῶν

235 2655 402 2761 εόπιστίᾳ
434 2651 633 2736 λυσιτελές.
677 2649 795 2751 ἐπειδὴ
827 2651 899 2755 γὰρ
930 2654 1055 2732 εἰδέναι
1087 2650 1435 2754 καθωμολογήκασι,

69 2802 150 2863 Βυινυ
235 2776 509 2859 πεπιστευκέναι
532 2809 570 2855 τε
594 2774 788 2879 ἀραρότως,
808 2776 931 2878 ὅτιπερ
950 2774 1056 2860 αὐτός
1074 2780 1174 2856 ἐστιν
1194 2778 1245 2854 “ὁ
1263 2775 1351 2859 Υἱὸς
1367 2784 1437 2856 τοῦ
1453 2812 1495 2854 ιο

69 2864 171 2930 “⁹⁵⁶⁹
236 2913 257 2949 “
277 2900 404 2998 θεοῦ,”
424 2901 588 3007 φαίνεται
612 2898 783 3003 προειδὼς
807 2897 853 2978 τά
878 2897 1043 2997 ἐσόμενα,
1062 2900 1214 2994 βεβαίαν
1232 2898 1356 3000 ὥσπερ
1375 2904 1438 2978 καὶ
1473 2932 1476 2936 ’

236 3023 295 3104 διὰ
312 3023 441 3105 τούτου
458 3021 524 3122 τὴν
538 3022 594 3130 ἐφ’
609 3026 722 3131 ἐαυτῷ
741 3020 875 3106 δεικνὸς
893 3023 1100 3125 ὁμολογίαν.
1128 3021 1254 3126 πρέπει
1272 3020 1344 3123 γάρ
1362 3030 1439 3101 τῶν

238 3147 352 3228 ὄντων
370 3149 483 3227 οὐδενὶ
507 3148 549 3226 τὸ
575 3148 765 3247 γινώσκειν
783 3146 830 3225 τὰ
853 3144 1049 3243 μέλλοντα,
1069 3143 1167 3244 πλὴν
1186 3148 1235 3224 ἐνὶ
1260 3150 1311 3251 τῷ
1337 3144 1438 3252 μόνῳ

70 3277 177 3405 gum.
239 3270 330 3350 κατὰ
363 3271 478 3377 φύσιν
508 3276 602 3376 Θεῷ,
632 3273 713 3373 περὶ
746 3269 788 3348 οὗ
820 3273 878 3348 καὶ
912 3268 1112 3370 γέγραπται
1141 3279 1163 3316 “
1176 3271 1225 3348 ‘0
1257 3265 1357 3352 είδὸις
1391 3268 1438 3348 τὰ

70 3413 187 3470 395Α.
210 3402 262 3466 a“
281 3391 401 3473 πάντα
425 3396 510 3494 πρὶν
532 3393 706 3493 γενέσεως
730 3393 878 3473 αὐτῶν.”
917 3387 1079 3484 διάβιλιν
1101 3391 1149 3490 δέ,
1172 3389 1237 3471 τὸν
1259 3397 1331 3470 τῶν
1353 3395 1433 3471 δια·
1456 3425 1472 3464 2
1479 3424 1498 3483 5

238 3522 398 3610 βολικῶν
416 3513 630 3613 θελημάτων
649 3515 873 3596 ἀπεκάλεσεν
892 3515 1083 3617 ὑπουργὸν,
1098 3517 1139 3595 οὐ
1158 3514 1436 3621 διεφευσμένως.
1464 3587 1472 3619 4

73 3662 193 3714 morsi.
237 3635 362 3742 ὥσπερ
391 3635 463 3741 γὰρ
492 3639 547 3717 “ό
579 3638 807 3736 κολλώμενος
837 3643 888 3746 τῷ
919 3639 1040 3746 Κυρίιρ
1070 3636 1107 3718 ἐν
1135 3636 1273 3735 πνεῦμά
1301 3640 1436 3737 ἐστιν,”

72 3739 110 3791 ¹⁷'
238 3765 330 3841 οὕτω
358 3758 525 3861 δηλονότι
553 3764 611 3840 καὶ
639 3760 680 3840 τὸ
709 3762 877 3842 ἐναντίον.

225 3977 228 3983 ’
276 3982 299 4018 ι.
318 3963 341 4017 δ’
354 3962 394 4017 ὅτι
422 3962 450 4016 δι’
464 3962 497 4017 Β.
624 3980 650 4030 4.
669 3984 713 4031 μοι
725 3979 778 4017 om.
793 3962 826 4018 B.
951 3979 978 4036 5.
997 3964 1089 4018 οὐδένα
1101 3964 1165 4020 τέως
1177 3964 1282 4018 inverso
1293 3963 1390 4019 ordine
1405 3965 1439 4021 B.

239 4046 264 4104 7.
283 4034 311 4087 ἐν
322 4034 394 4102 ἀδείᾳ
422 4032 466 4087 ἕνα
479 4033 521 4088 διὰ
534 4033 645 4104 conjecit
658 4033 730 4088 Aub.
743 4035 771 4089 in
785 4051 869 4104 marg.
962 4052 1003 4089 10.
1021 4034 1066 4089 εἴτ’
1079 4033 1136 4106 οὖν]
1151 4034 1200 4089 εἴτε
1215 4034 1247 4089 Β.
1337 4051 1379 4106 13.
1398 4037 1440 4093 τίς

237 4107 287 4226 Βὶρ
300 4105 407 4158 inverso
419 4103 512 4158 ordine
527 4103 560 4159 B.
646 4121 687 4171 14.
704 4105 867 4174 παραδώσων
881 4103 912 4157 Β.
924 4106 1070 4175 προδώσειν
1083 4105 1135 4159 Ed.
1221 4122 1262 4172 15.
1280 4105 1440 4174 ἀδιορίστως

288 4174 457 4243 ἆοδιορίστως
471 4174 532 4243 (sic)
546 4173 563 4227 i.
574 4191 597 4227 e.
610 4173 739 4243 ἀορίστως
757 4175 893 4243 inceptum
914 4176 941 4229 in
959 4175 1113 4245 ἀδιορίστως
1132 4178 1245 4230 correxit
1261 4175 1293 4229 B.
1306 4174 1439 4244 ἀορίστως

239 4243 290 4299 Ed.
403 4245 442 4299 16.
462 4247 535 4298 καλεῖ
549 4243 582 4299 B.
693 4246 733 4299 18.
753 4244 835 4317 τούτῳ
850 4244 881 4299 Β.
