3038 5018
215 278 280 341 238
519 277 558 342 B.
582 277 792 343 CYRILLI
821 277 1110 343 ALEXANDR.
1304 272 1350 339 iii.
1362 291 1417 360 30.

216 445 340 540 δαλον,
364 443 463 522 οὔπω
488 440 527 523 δὲ
550 442 686 545 εἰδότας
712 444 879 545 ἀκριβῶς,
903 445 957 527 τίς
984 476 1022 522 τε
1052 443 1110 522 καί
1136 441 1248 521 πόθεν
1270 439 1372 518 ἐστὶν
1395 436 1419 516 ὁ

215 565 465 666 Ἐμμανουήλ.
518 567 561 646 οὐ
597 566 669 669 γάρ
701 565 804 671 μέχρι
841 567 988 664 τούτων,
1018 568 1124 671 φησί,
1153 563 1200 643 τά
1231 560 1285 644 ἐπ’
1318 562 1419 670 αὐτῷ

217 687 526 791 θαυμασθὴσεται,
556 689 636 770 οὐδὲ
663 689 719 770 ὅτι
746 690 892 774 πλείους
923 687 1155 791 βαπτίῷνται
1186 687 1270 791 παρ’
1302 686 1417 792 αὐτῷ,

217 811 276 892 διὰ
303 820 409 893 τοῦτο
437 816 497 893 καί
522 813 634 914 μόνον
659 812 726 914 τὴν
750 811 839 913 ε’μὴν
865 816 1088 917 ὑπεραλεῖται
1115 808 1232 912 τιμὴν,
1257 807 1344 889 ἀλλ’
1367 813 1420 893 εἰς

188 967 206 1011 ο
217 935 347 1039 μέτρον
374 936 595 1038 ἀναβήσεται
623 935 731 1044 δόξης
757 945 944 1035 τοσοῦτον,
969 936 1060 1017 ὅσον
1087 934 1133 1016 ἀν
1158 934 1288 1038 πρέποι
1316 937 1452 1038 Θεῷ·5

218 1055 270 1139 θεῖ
291 1057 363 1162 γὰρ
388 1057 496 1140 αότίιν
513 1059 578 1160 μὲν
600 1067 648 1144 εἰς
674 1059 825 1169 αὔξησιν
847 1060 1006 1145 εὐκλείας
1031 1061 1127 1157 ἰέναι,
1146 1061 1204 1139 καί
1228 1063 1306 1140 ταῖς
1331 1062 1416 1136 καθ’

216 1183 351 1286 ἡμέραν
375 1190 448 1265 τῶν
475 1185 635 1285 σημείων
661 1183 887 1286 προσθήκαις
913 1187 966 1264 ἀεὶ
991 1181 1083 1288 πρὸς
1110 1181 1152 1263 τὸ
1179 1181 1297 1285 μεῖζον
1323 1183 1415 1261 ἀνα·

216 1310 346 1407 πηδᾶν,
375 1310 433 1388 καί
467 1305 719 1412 λαμπρότερον
745 1308 1008 1414 ἀναφαίνεσθαι
1035 1314 1087 1415 τῷ
1114 1305 1254 1414 κόσμιρ·
1293 1301 1355 1410 ἰμί
1381 1297 1421 1382 θί

216 1430 447 1530 ἰλαττιιῖσθαι,
465 1431 619 1532 με’νοντα
636 1428 700 1530 μὲν
717 1434 756 1511 ἐν
771 1430 899 1535 οἷσπερ
919 1432 1088 1537 ὑπάρχων
1106 1433 1253 1533 ὁρῶμαι,
1267 1431 1326 1509 καί
1344 1434 1421 1507 τῶν

217 1551 322 1661 ἀπαξ
343 1555 519 1635 δοθέντων
543 1555 611 1660 οὐχ
635 1551 849 1660 ὑφιζάνοντα
872 1554 1020 1657 μέτρων,
1038 1562 1102 1635 τοῦ
1125 1552 1163 1633 δὲ
1186 1548 1277 1657 πρὸς
1301 1550 1420 1657 αὔξην
1436 1583 1470 1624 10

218 1680 474 1773 ἀναβαίνοντος
498 1676 606 1785 δόξης
628 1680 691 1777 ἀεὶ,
709 1685 885 1759 τοσοῦτον
903 1678 1115 1779 ἡττώμενον,
1135 1677 1225 1758 ὅσον
1243 1673 1289 1755 ἀν
1307 1674 1421 1780 τρέχη

217 1804 277 1880 καί
295 1802 458 1906 φέρηται.

276 1926 348 2004 Καὶ
374 1932 488 2006 ταῦτα
514 1923 580 2026 μὲν
604 1924 689 2025 ἡμῖν
712 1925 732 2004 ό
759 1923 932 2030 μακάριος
959 1924 1171 2028 διερμηνεόει
1197 1919 1419 2022 βαπτιστής·

184 2047 295 2154 ᾶὴξει
327 2046 365 2128 δὲ
395 2050 584 2154 χρησίμως
616 2046 676 2129 διά
706 2049 1007 2152 παραδειγμάτων
1034 2051 1055 2129 ό
1082 2047 1205 2151 λόγος,
1237 2048 1416 2148 ε’ναργεσ·

217 2169 323 2275 τίραν
343 2170 525 2277 παριστὰς
550 2179 622 2253 τῶν
646 2171 837 2276 εἰρημένων
859 2172 927 2274 τὴν
954 2173 1115 2270 δύναμιν.
1153 2170 1285 2273 δίπηχυ
1305 2167 1420 2273 τυχὸν
1437 2197 1470 2257 15

217 2296 275 2376 ε’πῖ
306 2301 373 2398 γῆς
405 2296 546 2378 ἔστάτω
579 2296 704 2403 ξύλον·
749 2298 981 2401 παρακείσθω
1013 2295 1052 2376 δὲ
1083 2297 1141 2375 καί
1178 2291 1304 2399 φυτόν,
1336 2293 1420 2394 ἀρτι

217 2417 283 2515 μὲν
312 2423 379 2521 γῆς
411 2419 626 2519 ὑποκόπτον,
660 2419 824 2526 χλωροῖς
856 2419 894 2501 δὲ
926 2424 1109 2501 ἀνατεῖνον
1138 2424 1186 2501 εἰς
1218 2417 1304 2519 ἀέρα
1334 2411 1420 2500 τοὺς

218 2541 389 2644 όρπηκας,
407 2546 465 2623 καί
489 2552 568 2628 ταῖς
593 2543 666 2625 ἀπὸ
689 2545 786 2649 ῥίζης
811 2544 978 2651 ἀσχέτοις
1000 2546 1126 2647 ὁρμαῖς
1143 2544 1196 2621 ἀεὶ
1213 2538 1304 2642 πρὸς
1323 2540 1421 2644 ὕψος

218 2662 261 2744 τὸ
290 2666 407 2770 μεῖζον
434 2667 693 2765 ἀνωθούμενον·
729 2664 786 2773 ἀρ’
816 2669 939 2749 οὖνεί
967 2701 1021 2752 τις
1049 2667 1206 2770 περιθείη
1236 2667 1288 2772 τῷ
1315 2663 1422 2770 ξόλερ

219 2786 354 2895 φωυὴν,
387 2788 463 2871 εἰτα
495 2800 601 2872 τοῦτο
633 2789 735 2893 λε’γοι
766 2795 851 2896 περί
878 2828 917 2873 τε
950 2795 1075 2873 ἑαυτοῦ
1106 2792 1165 2870 καί
1201 2796 1317 2895 φυτοῦ
1353 2795 1422 2867 τοῦ
1437 2824 1470 2863 ιε

219 2915 376 3013 γείτονος
403 2922 523 2995 Τοῦτο
550 2918 607 2994 δεῖ
631 2913 806 3021 αὐξάνειν,
835 2915 895 3014 ε’μέ
924 2915 962 2996 δὲ
991 2918 1243 3009 ἐλαττοῦσθαι,
1273 2912 1338 2992 οὐκ
1372 2909 1422 2992 οἰν

219 3038 361 3125 εἰκότως
387 3045 503 3120 νοοῖτο
526 3039 672 3135 βλάβος
692 3041 760 3137 μέν
782 3074 816 3119 τι
840 3043 878 3120 ἐν
899 3047 973 3124 τοῖς
999 3042 1081 3121 καθ’
1101 3036 1206 3118 ἑαυτό
1230 3037 1423 3137 σημαίνειν

191 3163 331 3260 θοόδέν,
349 3166 434 3243 ἀλλ’
454 3162 536 3243 οὐδὲ
559 3167 606 3247 εἰς
631 3161 841 3258 κολόβωσιν
858 3162 900 3243 τό
925 3166 1021 3272 αὐτῷ
1043 3162 1185 3266 προσὸν
1203 3161 1425 3266 οἰχὴσεσθαι

220 3288 360 3388 με’τρον,
382 3290 624 3369 ἐλαττοῦσθαι
652 3286 690 3368 δὲ
718 3286 810 3367 κατὰ
834 3296 939 3368 τοῦτο
966 3288 1076 3385 μόνον
1101 3282 1351 3391 διισχυρίζεται
1376 3282 1424 3365 τὸ

220 3406 321 3506 εἰδος,
350 3411 433 3490 καθ’
462 3409 484 3490 ὃ
512 3419 576 3491 τοῦ
604 3408 695 3516 πρὸς
725 3410 879 3517 αὔξησιν
909 3410 1022 3496 ἰόντος
1052 3414 1106 3491 ἀεὶ
1137 3410 1180 3492 τὸ
1208 3416 1307 3508 μεῖον
1336 3406 1424 3514 ἕχον
1438 3443 1470 3501 ²5

222 3535 433 3636 εὑρίσκεται.
475 3532 648 3634 συγγενὲς
674 3533 712 3612 δὲ
740 3534 854 3641 τοότιρ
877 3532 990 3614 πάλιν
1011 3533 1152 3640 λὴμφει
1179 3527 1422 3634 παράδειγμα,

222 3659 281 3736 καί
303 3655 346 3736 τό
371 3661 443 3736 τῶν
464 3657 628 3759 ἀστέρων
650 3656 915 3754 ἐπισημότατον
936 3662 1016 3760 περί
1044 3666 1108 3737 τοῦ
1135 3656 1240 3756 ἡλίου
1264 3654 1424 3756 λε’γοντα

219 3787 313 3876 βοᾶν
340 3782 501 3861 Ἐκεῖνον
529 3783 584 3860 δεῖ
607 3777 784 3886 αὐξάνειν,
811 3780 871 3878 ἐμὲ
899 3780 937 3861 δί
965 3784 1217 3861 ἐλαττοῦσθαι.
1261 3778 1326 3862 ἕως
1353 3778 1424 3876 μὲν

256 4076 283 4129 3.
301 4079 321 4112 π
354 4055 442 4132 'am
456 4057 489 4112 Β.
501 4055 561 4128 παρ’
573 4057 657 4111 αἰτῶν
669 4054 705 4112 Ι).
719 4056 771 4111 Ed.
783 4058 863 4112 αὐτοῦ
874 4057 980 4129 conjicit
993 4056 1044 4111 Ed.
1057 4075 1113 4127 mg.
1279 4072 1306 4125 9.
1325 4049 1406 4108 οἰσπε

222 4129 255 4183 Β.
268 4125 307 4184 οἰς
344 4127 372 4183 d.
508 4145 548 4182 12.
567 4128 691 4198 φσίρηται
705 4127 740 4181 Ι).
877 4128 919 4183 ιό.
937 4127 1101 4197 πορσκείσθω
1116 4126 1187 4181 B.D.
1199 4124 1355 4196 περικεῖσθαι
1370 4074 1424 4178 1ζεί1

225 4214 266 4270 17.
284 4197 430 4254 ὑποκόπτον
443 4198 475 4252 Β.
488 4198 650 4268 ὑπερκόπτον
662 4197 713 4254 Ed.
761 4198 797 4254 εἰς
808 4197 872 4267 ἀέρα
883 4208 1051 4268 assumptum
1064 4217 1097 4253 ex
1111 4198 1143 4252 B.
1302 4196 1343 4249 18.
1367 4196 1424 4250 ταῖς

222 4271 273 4325 ἀπό
285 4270 356 4341 ῥίζης
368 4269 491 4339 ἀσχέτοις
502 4272 592 4340 όρμοῖς
606 4269 638 4324 Β.
650 4271 696 4340 τῆς
707 4269 759 4323 ἀπὸ
770 4267 841 4339 ῥίζης
852 4269 890 4323 ἔτι
902 4270 969 4339 ὥρας
983 4268 1035 4323 Ed.
1218 4282 1261 4320 22.
1280 4287 1306 4319 τι
1318 4282 1375 4320 om.
1390 4264 1424 4324 B.

223 4381 267 4436 23.
285 4363 405 4450 οἴχεσθαι
418 4364 450 4419 Β.
472 4434 478 4450 Ι
556 4437 562 4453 r
611 4381 654 4454 24:
673 4364 858 4435 διισχυρίζεται
872 4363 904 4418 Β.
918 4363 1125 4450 διισχυρίζεσθαι
1140 4361 1190 4417 Ed.
1213 4361 1324 4451 'Statitfl
1336 4349 1425 4418 δόσῖιί·

221 4434 278 4560 :gf
285 4435 672 4576 Ιρὲκηηρρτῐτροὲτοαρνξεὲ,δοντδιέςιρῐεέ
682 4433 722 4559 gi
736 4504 768 4559 Β.
876 4434 918 4489 26.
936 4437 1016 4489 πόλιν
1027 4436 1129 4505 λημφει
1143 4433 1176 4488 Β.
1189 4434 1265 4504 ληφη
1277 4436 1358 4486 πολιν
1370 4435 1426 4493 Ed·
