3038 5018
261 297 305 360 48
565 297 604 363 B.
627 295 833 361 CYRILLI
863 294 1149 361 ALEXANDR.
1391 293 1413 356 i.
1427 311 1456 356 2.

263 465 321 542 καί
346 461 489 565 Πατρός
511 461 599 547 Υἰδς
622 463 836 565 αύτοκυρίως
860 464 960 542 ἐστὶν
982 462 1002 541 6
1022 458 1142 562 Λόγος
1167 459 1285 557 αὐτοῦ,
1304 455 1362 538 διὰ
1387 464 1459 536 τῶν

263 587 557 689 ὑποτεταγμένων
575 585 755 686 εἰσόμεθα.

234 816 252 858 ο
525 798 619 864 Λύσις
642 795 751 879 ἑφεξῆς
771 801 822 877 τῆς
845 798 993 878 Εὐνομίαν
1016 797 1196 876 κακοδοξίας.

1166 957 1176 987 ἱ

321 955 522 1057 Δυσμαθης
546 959 566 1038 6
590 950 793 1063 παράφρων
810 957 993 1063 αἰρετικός·
1030 965 1107 1042 πῶς
1131 993 1203 1062 γαρ
1230 955 1274 1037 ἂν
1292 957 1386 1041 ὅλως
1412 963 1460 1041 εἰς

95 1105 154 1169 Sap.
166 1104 182 1153 i·
194 1120 218 1166 4·
263 1078 476 1186 κακότεχνον
493 1078 619 1186 ψυχὴν
633 1082 790 1162 εἰσέλθοι
808 1082 947 1188 σοφία,
969 1081 992 1183 ἰη
1009 1082 1047 1163 τί
1061 1089 1134 1162 τῶν
1151 1081 1319 1163 τοιούτων
1332 1081 1459 1183 γένοιτ’
1474 1111 1492 1172 5

262 1201 316 1303 ἂν,
336 1204 415 1285 εἰπέ
438 1239 509 1305 μοι,
528 1206 858 1310 κακοτεχνέστερον,
880 1207 917 1285 οἵ
940 1241 982 1310 γε
1009 1205 1101 1287 κατὰ
1127 1204 1169 1286 τὸ
1195 1207 1457 1309 γεγραμμένον,

176 1368 183 1382 ·
263 1339 284 1377 “
303 1326 375 1409 ἀπὸ
402 1326 468 1428 μὲν
495 1333 559 1429 τῆς
587 1330 754 1429 ἀληθείας
781 1328 847 1428 τὴν
874 1329 984 1429 ἀκοὴν
1009 1330 1314 1436 ἀποστρέφουσιν,
1337 1331 1395 1409 ε’πί
1423 1327 1461 1407 δέ

263 1462 285 1499 “
303 1449 385 1537 τοῦς
411 1451 568 1553 μύθους”
591 1460 664 1533 τῶν
687 1455 821 1534 οἰκείων
844 1450 1088 1554 διανοημάτων
1109 1451 1359 1555 εύπετεστερον
1382 1451 1461 1554 τρέ-

263 1610 402 1681 χουσιν,
429 1578 487 1656 ἵνα
515 1574 559 1676 δὴ
587 1578 644 1656 καί
672 1579 812 1661 δικαίως
841 1577 1039 1674 ἀκούσειαν,
1068 1579 1110 1657 οῦ
1137 1575 1183 1655 τῦ
1209 1577 1248 1656 ἐκ
1275 1580 1339 1675 τῆς
1366 1576 1461 1658 θείας

163 1721 194 1812 ·,
265 1708 461 1784 λαλοῦντες
498 1704 641 1806 γραφῆς
675 1711 696 1749 “
715 1703 791 1780 aba>
830 1706 862 1781 οἰ
895 1701 1176 1808 προφητεύοντες
1213 1699 1284 1780 ἀπὸ
1316 1699 1461 1803 καρδίας
1479 1744 1515 1784 10

123 1816 129 1829 ⁸
158 1852 166 1929 j
209 1917 215 1932 .
264 1834 286 1872 “
306 1825 433 1915 αὐτῶν,
465 1826 523 1903 καί
555 1825 619 1904 οῦκ
649 1821 721 1905 ἀπὸ
758 1822 937 1923 στόματος
977 1823 1145 1926 Κυρίου·”
1191 1825 1245 1907 τίς
1280 1821 1353 1926 γὰρ
1389 1823 1461 1904 ἀπὸ

93 1964 175 2078 ἔξω·
229 1946 445 2043 θστόματος
474 1948 608 2051 Κυρίου
630 1956 651 1996 “
664 1953 800 2045 λαλῶν,
819 1947 916 2050 λέγει
937 1947 1121 2046 Ἀνοίθεμα
1146 1949 1288 2047 Ἰησοῦς
1301 1946 1332 2041 ;”
1369 1945 1388 2026 6
1418 1946 1462 2047 δὴ

131 2041 173 2092 ’3’
263 2074 321 2151 καί
343 2070 491 2151 ποιοῦσί
511 2104 600 2154 τινες
622 2076 694 2150 τῶν
712 2075 776 2169 τῆς
795 2070 976 2167 εὐσεβείας
996 2071 1185 2172 δογμάτων
1203 2070 1330 2169 ἀνέδην
1347 2104 1458 2149 κατα-

263 2193 554 2298 σοβαρευόμενοι·
587 2196 644 2273 καὶ
672 2193 832 2297 καθάπερ
858 2193 929 2302 έφη
954 2228 1007 2278 τις
1031 2201 1103 2274 τῶν
1128 2196 1240 2297 ἁγίων
1263 2199 1463 2299 προφητῶν

94 2331 217 2383 Μῑώ·ἰίῑ·
264 2329 286 2368 “
307 2316 434 2400 Πάντα
464 2317 510 2398 τὰ
541 2317 630 2422 ὀρθὰ
661 2318 970 2422 διαστρέφοντες·”
1014 2322 1110 2424 φασὶ
1145 2316 1216 2421 γὰρ
1253 2317 1371 2420 ἕτερον
1397 2315 1463 2414 μὲν
1480 2353 1515 2413 15

94 2411 119 2464 ⁹·
264 2438 352 2522 εἰναι
383 2440 446 2521 τὸν
478 2439 634 2548 φυσικὸν
666 2444 724 2520 καὶ
755 2439 954 2520 ἐνδιάθετον
987 2443 1024 2520 ἐν
1056 2448 1107 2548 τῷ
1140 2446 1222 2549 θεῷ
1253 2443 1311 2519 καὶ
1343 2443 1462 2543 Πατρὶ

263 2564 392 2667 λόγον,
427 2566 547 2669 ἕτερον
582 2565 620 2645 δὲ
657 2566 702 2644 αῦ
739 2565 852 2646 πόλιν
889 2563 951 2645 τὸν
989 2565 1244 2665 ὠνομασμένον
1277 2562 1367 2643 Υἰὸν
1405 2566 1464 2641 καί

265 2687 398 2788 Λόγον·
431 2691 489 2768 καὶ
514 2688 667 2792 φέρουσι
690 2688 781 2792 πρὸς
806 2687 987 2796 ἀπόδειξιν
1005 2693 1067 2786 τῆς
1085 2692 1228 2784 ἑαυτῶν,
1248 2689 1295 2769 ὡς
1315 2684 1461 2782 οἴονται,

264 2808 383 2917 δόξης,
401 2819 545 2909 μᾶλλον
564 2812 602 2892 δὲ
626 2813 800 2917 οἰχαλίνον
825 2813 1049 2908 δυσσεβείας,
1069 2809 1222 2912 λέγοντα
1243 2809 1306 2890 τὸν
1327 2807 1464 2911 Κύρων

265 2935 365 3034 ἡμῶν
383 2936 527 3035 Ἰησοῦν
545 2932 608 3015 τόν
626 2934 790 3039 Χριστὸν
809 2937 848 3013 ἐν
866 2942 942 3017 ταῖς
967 2934 1057 3038 πρὸς
1074 2935 1265 3017 Ἰουδαίους
1291 2932 1460 3033 ὁμιλίαις,
1480 2970 1517 3009 20

98 3065 190 3195 {Q
235 3056 320 3137 οότι
338 3068 361 3105 “
376 3054 454 3138 οἰδα
472 3056 534 3139 τόν
555 3060 702 3162 Πατέρα
720 3062 778 3137 καί
798 3057 861 3138 τὸν
880 3059 994 3161 λόγον
1013 3060 1120 3139 αὑτοῦ
1138 3059 1270 3160 τηρῶ·”
1308 3053 1399 3160 πρός
1425 3057 1470 3138 δέ

264 3214 307 3284 γε
337 3180 450 3290 τούτῳ
482 3186 542 3262 καὶ
568 3182 610 3264 τὸ
636 3180 728 3286 πρὸς
755 3182 863 3263 αὐτὸν
891 3182 1072 3286 εἰρημένον
1099 3180 1198 3284 παρὰ
1225 3189 1289 3261 τοῦ
1319 3179 1465 3284 Πατρός

98 3325 200 3376 Ροοίι.
266 3314 288 3353 “
305 3304 372 3385 Ἐκ
399 3306 560 3409 γαστρὸς
586 3305 658 3409 πρὸ
686 3305 877 3412 ἑωσφόρον
904 3305 1121 3413 ἐξεγέννησά
1148 3305 1223 3385 σε·”
1266 3299 1340 3382 εἰτοί
1368 3310 1465 3409 φασι

98 3405 122 3456 3·
265 3426 329 3507 τὸν
361 3431 400 3508 ἐκ
429 3437 493 3508 τοῦ
529 3429 655 3508 οἰκείου
685 3425 820 3529 πατρὸς
858 3426 912 3508 ἰὸν
945 3425 1165 3531 ἐρευγόμενοι
1199 3432 1244 3507 Εἰ
1279 3429 1299 3506 6
1336 3432 1465 3505 λαλῶν

265 3552 381 3655 ἕτερος
406 3555 454 3635 ὡς
479 3549 568 3652 πρὸς
594 3547 704 3658 τδνῷ
731 3550 942 3652 διαλέγεται·
976 3551 1175 3653 διαλέγεται
1201 3551 1238 3630 δέ
1265 3549 1323 3631 διὰ
1350 3549 1464 3652 λόγου
1480 3586 1515 3644 25

263 3672 355 3778 πρὸς
379 3673 442 3754 τὸν
460 3671 548 3753 Υἰδν
572 3676 591 3754 6
613 3672 754 3777 Πατήρ·
792 3675 909 3778 ἕτερος
936 3674 1006 3778 ἄρα
1033 3676 1118 3777 παρ’
1138 3673 1284 3754 αύτὸνό
1308 3674 1465 3777 έμφυτος

264 3797 309 3877 οἰν
337 3798 388 3899 εἰη
417 3796 538 3899 λόγος,
567 3799 586 3877 6
614 3800 651 3876 ἐν
679 3795 776 3905 ᾧπερ
803 3800 952 3878 ἐποιεῖτο
980 3797 1043 3882 τὰς
1072 3798 1245 3906 διαλέξεις
1273 3800 1293 3877 6
1323 3797 1463 3900 Πατήρ·

265 3925 322 4001 καί
353 3920 465 4003 πάλιν
501 3927 546 4001 Εἰ
578 3917 683 4006 αῦτός
715 3956 796 4018 που,
828 3925 952 4028 φησίν,
984 3925 1004 4001 6
1036 3919 1124 4004 Υἰδς
1156 3927 1274 4024 τηρεῖν
1306 3918 1370 4000 τὸν
1399 3929 1464 4001 τοῦ

267 4043 410 4149 Πατρδς
429 4044 542 4148 λόγον
560 4047 823 4149 διισχυρίσατο·
853 4052 930 4130 πῶς
947 4048 1009 4125 οῦκ
1030 4041 1073 4125 ἂν
1088 4046 1205 4148 ἕτερος
1223 4045 1275 4144 ε’ίη
1293 4043 1423 4124 λοιπὸν
1444 4045 1463 4123 6

97 4189 140 4244 82
154 4187 194 4244 A.
235 4176 382 4273 οτηρῶν
399 4167 498 4273 παρὰ
513 4166 577 4249 τὸν
595 4167 822 4272 τηρούμενον·
862 4167 951 4272 πρὸς
972 4169 1014 4249 δέ
1026 4203 1068 4272 γε
1088 4177 1200 4250 ταῦτα
1218 4165 1381 4275 χαλεπὸν
1399 4166 1464 4268 μέν
1479 4201 1517 4258 30

300 4383 328 4452 5¹.
345 4371 430 4441 σοφία
441 4370 556 4425 εἰσέλθοι
568 4372 674 4426 inverso
685 4369 779 4426 ordine
793 4370 826 4426 Β.
945 4388 986 4428 12.
1004 4372 1108 4441 Ἰησοῦν
1120 4371 1223 4459 Migne.
1340 4384 1381 4439 15.
1399 4367 1465 4426 εἶναί

257 4441 312 4509 -ρίν
322 4458 428 4495 ιαςετοο
439 4440 531 4495 ordine
545 4441 578 4496 B.
698 4458 740 4497 20.
759 4444 805 4497 τὸν
817 4459 871 4498 om.
885 4441 916 4496 E.
1037 4459 1080 4513 τη.
1098 4443 1254 4514 ἐξιγεννηοα
1267 4441 1334 4498 B.E.
1346 4443 1381 4497 οί.
1394 4443 1466 4498 infra

264 4527 300 4582 33
309 4527 333 4576 e,
345 4510 418 4582 34b,
430 4512 466 4581 36
474 4528 498 4566 a.
512 4511 635 4582 ἐγέννησα
648 4510 700 4567 Ed.
