3038 5018
195 241 204 251 ’
268 286 331 347 τις
570 284 609 350 Β.
632 283 838 349 cmm
869 280 1156 347 ALEXANDR.
1339 277 1411 341 ωε.
1427 294 1472 361 13.

266 447 376 552 τυχὸν
397 451 644 552 ἐπιμαρτυρεῖν
667 452 780 557 ἑαυτῷ
804 448 850 528 τά
875 448 1050 555 ἐξαίρετα.
1092 450 1151 525 καὶ
1176 453 1268 547 γοῦν
1292 447 1313 524 6
1338 442 1468 547 σοφά·

267 603 374 656 τατος
397 572 662 674 παροιμιαστής
680 583 702 620 “
717 571 989 675 Ἑγκωμιαζέτω
1013 570 1063 650 σέ
1083 576 1199 676 φησιν
1222 571 1242 649 6
1267 567 1390 650 πέλας
1417 568 1472 644 καὶ

269 704 290 742 “
308 693 359 795 μὴ
377 694 419 774 τῦ
439 695 509 775 σὸν
527 693 661 793 στόμα,
679 694 872 796 ἀλλότριος
895 699 953 774 καῖ
977 692 1027 794 μὴ
1053 691 1100 773 τὰ
1123 691 1176 772 σά
1200 691 1345 797 χείλη·”
1375 687 1472 787 πλὴν

240 820 310 898 ειοῦ
343 816 486 902 πάντως
523 817 781 925 διεψευσμένον
813 820 938 919 ὁρᾶται
968 816 1012 897 τὸ
1050 814 1119 898 ῦπά
1150 851 1215 897 του
1245 811 1362 920 τυχὸν
1392 813 1473 911 περὶ

268 945 396 1023 ἑαυτοῦ
421 942 650 1044 λελεγμένον.
689 942 801 1042 ήκέτω
824 940 896 1045 γάρ
921 975 975 1025 τις
997 942 1081 1041 ἡμῖν
1102 947 1175 1021 τῶν
1193 937 1408 1043 Φαρισαίων
1424 941 1500 1019 eles

268 1065 392 1164 μέσον,
412 1062 487 1145 εἶτα
512 1067 550 1145 τί
572 1065 763 1168 δράσωμεν
788 1066 987 1145 διδασκέτω
1011 1064 1074 1144 τὸν
1098 1061 1274 1167 μακάρων
1294 1058 1471 1162 Σαμουὴλ

233 1226 236 1231 ·
269 1190 382 1295 ἐαυτῷ
400 1197 650 1291 μαρτυροῦντα
668 1187 713 1268 τὰ
736 1187 933 1268 κάλλιστα.
978 1188 1176 1289 εὑρίσκεται
1201 1185 1274 1290 γάρ
1299 1220 1374 1267 που
1398 1191 1471 1267 τοῖς

121 1357 136 1370 ··
176 1327 192 1406 J
269 1311 313 1418 ἐξ
332 1311 487 1414 Ἰσραὴλ
515 1312 806 1414 ἀπολογούμενος
835 1314 893 1392 καὶ
921 1310 1042 1413 λέγων
1060 1320 1083 1357 “
1098 1309 1250 1414 Μάρτυς
1273 1310 1409 1413 Κύριος
1433 1311 1472 1389 ἐν

270 1445 292 1481 “
310 1437 392 1534 ὑμῖν
418 1439 477 1514 καὶ
504 1434 639 1537 μάρτυς
668 1438 688 1514 6
718 1433 868 1541 χριστὸς
896 1437 1004 1515 αὑτοῦ
1032 1432 1192 1536 σήμερον
1218 1437 1257 1514 ἐν
1283 1432 1399 1539 ταύτῃ
1426 1438 1471 1538 τῇ

269 1568 292 1605 “
309 1559 434 1665 ἡμέρᾳ,
454 1558 509 1639 ὅτι
533 1560 600 1664 οὐχ
622 1557 790 1662 εὑρήκατε
816 1561 853 1639 ἐν
878 1566 955 1642 ταῖς
982 1560 1090 1662 χερσί
1112 1592 1180 1655 μου
1206 1555 1343 1638 οῦδέν.”
1384 1558 1469 1637 ἀλλ’
1484 1582 1515 1624 ¹0

269 1680 367 1784 ε’ίπερ
390 1685 410 1761 6
434 1681 541 1780 νόμος
564 1683 678 1789 έαυτῷ
702 1689 894 1786 μαρτυρεῖν
911 1716 991 1762 τινα
1010 1681 1187 1778 διεκώλυε,
1206 1686 1283 1765 πῶς
1308 1679 1390 1761 εῖπέ
1410 1714 1471 1777 μοι

268 1805 354 1906 παρ’
389 1804 490 1885 οῦδέν
526 1803 635 1885 αῦτῦν
666 1805 862 1906 ἐποιήσατο
900 1803 1087 1905 Σαμουὴλ,
1120 1804 1234 1884 καίτοι
1271 1807 1337 1903 τὴς
1375 1806 1472 1887 θείας

102 1954 222 2011 488A.
242 1932 416 2034 ιγραφὴς
453 1929 633 2031 λεγούσης
667 1932 749 2032 περὶ
786 1930 895 2009 αὐτοῦ
933 1925 1095 2030 ’(Ἀγιος
1131 1925 1176 2028 ἦν
1209 1931 1378 2026 Μωυσῆς
1413 1930 1472 2007 καὶ

103 2030 186 2146 ξὲῖὶη,
271 2062 293 2099 “
313 2049 459 2155 Ἀαρὼν
491 2056 528 2133 ἐν
563 2060 636 2136 τοῖς
676 2058 829 2156 ἱερεῦσιν
860 2055 980 2148 αὑτοῦ,
1013 2054 1072 2130 καὶ
1110 2048 1284 2151 Σαμουὴλ
1321 2052 1361 2130 ἐν
1398 2057 1472 2134 τοῖς

105 2170 161 2224 ⁵‘7'
270 2185 293 2222 ‘⁶
311 2175 600 2275 ἐπικαλουμένοις
626 2175 746 2256 αὐτόν·
777 2179 1016 2257 ἐπεκαλοῦντο
1037 2172 1102 2256 τὸν
1121 2175 1267 2273 Κύρων,
1286 2178 1346 2254 καὶ
1365 2172 1471 2257 αῦτδς
1485 2201 1513 2261 15

271 2309 292 2346 “
311 2299 480 2400 ἐπήκουεν
499 2301 628 2380 αὐτῶν·
659 2301 697 2379 ἐν
721 2298 850 2407 στύλῳ
879 2296 1033 2406 νεφέλης
1059 2299 1182 2379 ἐλάλει
1208 2297 1298 2401 πρὸς
1327 2299 1469 2383 αὐτούς·

271 2433 292 2471 “
309 2423 527 2528 ἐφύλασσον
564 2421 611 2503 τὰ
650 2422 828 2526 μαρτύρια
864 2424 986 2520 αὐτοῦ,
1025 2424 1083 2502 καὶ
1120 2422 1166 2502 τά
1202 2422 1474 2526 προστάγματα

271 2558 292 2594 “
312 2547 421 2627 αὐτοῦ
439 2545 463 2626 ά
481 2548 610 2627 έδωκεν
628 2548 780 2630 αύτοΐς.”
810 2547 895 2653 ὁρᾷς
917 2546 972 2627 ὅτι
996 2547 1207 2647 συνεπλάκη
1230 2553 1283 2654 τῳ
1307 2546 1474 2654 μακαρίῳ

102 570 176 646 ng.

101 650 179 685 xxm.
195 648 216 687 τ.

274 2676 431 2750 Μωυσεῖ
456 2674 504 2755 ὡς
531 2671 803 2775 συντρέχουσαν
828 2671 920 2776 έχων
944 2673 1064 2779 ἐκείνῳ
1092 2668 1159 2770 τὴν
1183 2670 1322 2775 ἀρετὴν,
1343 2675 1402 2752 καὶ
1427 2675 1474 2756 ὡς

272 2792 422 2897 ἀκριβὴς
450 2793 668 2901 νομοφύλαξ
692 2801 920 2897 μαρτυρεῖται
948 2794 1008 2873 διὰ
1034 2802 1098 2874 τοῦ
1128 2794 1362 2894 Πνεύματος;
1397 2802 1515 2880 νεῦς’0

239 2917 336 2997 δοῦν
354 2919 496 3020 παρέβη
514 2916 578 2998 τὸν
597 2917 706 3016 νόμον
724 2919 837 3026 ἐαυτῷ
854 2917 1099 3022 μαρτυρήσας,
1113 2918 1204 3000 εἴποι
1222 2953 1276 3005 τις
1294 2919 1364 3014 άν;
1387 2916 1473 2999 ἀλλ’

271 3043 314 3122 ού
338 3042 493 3145 παρέβη·
533 3049 761 3145 μαρτυρεῖται
788 3040 859 3144 γάρ
888 3045 936 3126 ὡς
964 3039 1184 3149 φυλάσσων,
1203 3047 1262 3122 καὶ
1286 3043 1473 3145 μεμαρτύ-

271 3201 379 3268 ρηκεν
396 3169 521 3274 ἑαυτῷ.
563 3163 670 3263 νόμος
690 3167 752 3245 οῦν
770 3165 842 3267 ἄρα
859 3165 901 3244 τῦ
919 3173 1109 3270 μαρτυρεῖν
1127 3168 1241 3273 ἑαυτῷ
1266 3173 1341 3247 τῶν
1359 3166 1475 3248 ὄντων

273 3291 399 3369 οὐδένα
431 3291 571 3371 κωλύει.
618 3290 656 3368 τί
685 3288 722 3368 δέ
753 3287 844 3391 πρὸς
875 3287 1012 3373 τούτοις
1043 3292 1199 3392 ἐροῦμεν,
1228 3289 1316 3370 ὅταν
1345 3289 1475 3389 ἴδωμεν

273 3414 430 3514 λέγοντα
448 3410 512 3492 τὸν
530 3413 705 3515 μακάριον
716 3413 850 3491 Δαυείδ
863 3423 884 3460 “
899 3412 1008 3515 Κύριε
1028 3415 1048 3492 6
1067 3412 1161 3499 θεός
1178 3448 1258 3513 μου,
1273 3420 1301 3493 εί
1320 3414 1476 3513 ἐποίησα
1485 3438 1513 3496 25

273 3545 295 3583 “
313 3543 431 3633 τοῦτο,
450 3541 479 3613 εἰ
498 3534 729 3614 ἀνταπέδωκα
748 3543 822 3620 τοῖς
840 3538 1122 3616 άνταποδιδοῦσί
1135 3571 1196 3635 μοι
1214 3535 1308 3617 κακά
1320 3536 1353 3632 ;”
1373 3539 1475 3617 ἀλλὰ

107 3669 229 3784 {fier-¹¹¹·
274 3658 447 3761 καὶπρὸς
471 3655 577 3737 τοῦτό
603 3666 717 3762 φησιν
738 3660 758 3736 6
782 3654 955 3761 μακάριος
973 3661 1143 3763 Ἱερεμίας
1163 3672 1184 3709 “
1200 3659 1311 3762 Κύριε
1337 3696 1473 3742 παντο·

126 3744 148 3798 ⁷·
275 3794 296 3831 “
314 3783 468 3886 κράτωρ,
488 3783 551 3861 οῦκ
579 3778 729 3861 ἐκάθισα
756 3782 794 3861 ἐν
819 3784 994 3890 συνεδρίῳ
1019 3785 1136 3863 αῦτιῦν
1157 3783 1369 3887 παιζόντων,
1389 3787 1473 3865 ἀλλ’

246 3916 296 3978 ο“
316 3906 552 4005 ηὐλαβούμην
588 3902 660 3984 ἀπὸ
697 3905 899 4006 προσώπου
938 3906 1056 4011 χειρός
1092 3906 1196 3987 σου·”
1248 3913 1401 3994 Παῦλος
1441 3906 1476 3988 δέ

108 4030 231 4159 ssssffi·
274 4027 388 4109 πάλιν
411 4032 431 4108 6
457 4028 682 4134 σοφώτατος,
703 4029 817 4108 καίτοι
835 4041 857 4078 “
871 4029 1146 4130 πεπαιδευμένος
1173 4029 1265 4110 κατὰ
1291 4033 1476 4135 ἀκρίβειαν
1485 4053 1514 4114 3⁰

110 4173 132 4222 ³·
276 4163 297 4199 “
316 4150 379 4231 τὸν
408 4157 577 4260 πατρῷον
607 4151 746 4251 νόμον,”
777 4151 939 4257 καθάπερ
973 4156 1035 4234 οὖν
1068 4159 1126 4234 καὶ
1159 4153 1264 4238 αὐτός
1296 4189 1370 4235 που
1406 4161 1473 4236 διε·

106 3403 150 3452 Pa.
157 3404 200 3453 vii.

106 3484 131 3533 4.
145 3481 169 3531 ⁵·

313 4381 335 4416 1.
349 4365 429 4417 ἑαυτῶ
445 4364 501 4418 Βα.
514 4364 581 4436 αὐτῷ
596 4364 647 4418 Ed.
711 4380 737 4432 5.
751 4368 843 4421 ἑαυτοῦ
855 4365 993 4421 emendavi
1006 4384 1038 4420 ex
1050 4384 1075 4421 υ.
1089 4368 1167 4422 αὐτοῦ
1180 4365 1231 4421 Εδ.
1298 4366 1326 4422 6.
1340 4366 1474 4440 Σαμουὴλ]

274 4432 302 4487 ἐν
314 4434 388 4487 addit
404 4416 492 4488 Holst.
506 4436 595 4488 invitis
612 4435 667 4488 ss.a.
720 4453 761 4489 12.
774 4437 914 4506 ἐποιήσατο
928 4435 1051 4492 emendat
1062 4437 1105 4491 He
1123 4456 1160 4492 ευ.
1172 4436 1331 4506 ἐποίησοτδυ
1341 4437 1376 4492 Β.
1391 4439 1476 4509 ἐποίη-

275 4524 327 4559 σαν
337 4505 382 4558 τδν
396 4505 444 4560 Ht.
457 4506 579 4573 ἐποίησεν
591 4508 605 4559 δ
618 4506 689 4561 Aub.
763 4508 805 4562 26.
824 4508 914 4580 τοῦτο]
932 4514 960 4573 †
975 4509 999 4562 εἰ
1011 4508 1084 4563 ἔστιν
1095 4508 1180 4564 οδικία
1191 4508 1219 4564 ἐν
1231 4509 1312 4580 χερσί
1322 4530 1375 4579 μου
1387 4528 1414 4567 a.
