3038 5018
225 298 289 362 124
526 297 567 362 B.
590 296 797 361 CYRILLI
827 294 1113 362 ALEXANDR.
1287 290 1354 376 ἱ.9,
1370 305 1421 351 10.

57 461 132 590 3¹¹3*
193 459 339 558 οθηταί.
380 458 418 539 τί
442 460 505 539 οὖν
532 460 623 563 πρὸς
650 471 762 542 ταῦτα
789 458 974 564 Χριστός;
1011 470 1032 506 “
1050 455 1170 558 Ἀμὴν
1197 456 1293 557 λέγω
1323 455 1419 552 ὑμῖν,

225 591 247 628 “
264 583 344 662 οὔτε
370 581 473 665 οὗτος
496 583 652 688 ἥμαρτεν
673 587 753 665 οὕτε
777 590 810 665 οἰ
836 592 951 685 γονεῖς
979 585 1098 681 αὐτοῦ,
1116 581 1201 660 ἀλλ’
1222 578 1280 657 ἵνα
1305 583 1416 684 φανε-

224 714 247 753 “
264 711 364 809 ρωθή
386 704 432 785 τά
455 705 543 809 ἔργα
564 716 628 787 τοῦ
650 713 745 788 Θεοῦ
770 710 808 786 έν
832 706 961 815 αύτῲ.”
995 712 1071 788 πῶς
1097 705 1159 784 οὖν
1183 702 1253 809 ἔξω
1277 703 1423 799 τίθησιν

225 830 400 932 ἁμαρτίας
430 829 567 927 αὐτούς,
597 834 710 911 καίτοι
742 829 793 930 μὴ
825 829 930 913 ὄντας
962 827 1202 931 ἀνεγκλήτους
1235 823 1326 905 κατὰ
1356 821 1422 902 τὸν

224 954 329 1049 βίους
365 953 546 1055 ἄνθρωποι
577 952 650 1059 γάρ
679 954 788 1049 ὅντες,
816 953 934 1058 ἔνοχοί
961 988 1033 1033 που
1064 950 1208 1034 πάυτως
1237 949 1333 1050 ἦσαν
1362 949 1456 1028 καὶὸ

224 1076 465 1174 πταίσμασιν.
507 1079 590 1156 ἀλλ’
614 1078 692 1158 ἔστι
716 1075 900 1180 πρόδηλόν
925 1110 962 1157 τε
989 1080 1046 1156 καί
1071 1072 1272 1181 συμφανὲς,
1298 1072 1420 1171 ὅτιπερ

226 1201 246 1279 ό
266 1198 376 1300 λόγος
393 1205 442 1284 εἰς
461 1198 524 1279 τόν
540 1199 613 1303 πρὸ
631 1206 695 1300 τῆς
719 1201 892 1302 γενέσεως
916 1200 1098 1295 ἀναβαίνει
1123 1197 1255 1300 καιρὸν,
1275 1196 1357 1274 καθ’
1378 1191 1421 1274 ὃν

191 1325 324 1404 (Ιοάπω
342 1321 539 1423 γεγονότες,
559 1323 638 1403 οὐδὲ
658 1323 870 1426 ἡμάρτανον,
889 1324 947 1403 ἵνα
966 1324 1023 1402 καὶ
1043 1321 1200 1426 ἀληθεύῃ
1218 1316 1390 1421 Χριστός.

282 1453 329 1526 ιθ.
360 1477 461 1523 ΑΛΛο.
489 1448 537 1527 ‘O
555 1446 727 1551 μακάριος
745 1450 934 1554 προφήτης
950 1444 1121 1542 Ἡσαΐας,
1139 1444 1205 1543 τὴν
1223 1444 1337 1522 αἰτίαν
1357 1449 1422 1521 τοῦ

159 1603 166 1616 ·
224 1576 443 1670 πεποιῆσθαι
471 1570 538 1671 τήν
566 1577 636 1674 γῆν
663 1573 896 1679 ἐξηγούμενος
926 1583 947 1620 “
962 1574 1043 1653 Οὐκ
1072 1581 1119 1657 εἰς
1149 1569 1259 1668 κενόν,
1289 1573 1418 1676 φησὶν,
1437 1596 1477 1638 10

227 1704 248 1742 ‘⁶
266 1695 435 1794 ἐποίησεν
471 1694 592 1795 αὑτήν,
629 1696 728 1775 ἀλλά
766 1697 1041 1776 κατοικεῖσθαι·”
1090 1695 1157 1776 ἔδει
1198 1694 1235 1774 δέ
1276 1691 1420 1776 πάντως

226 1824 467 1898 κατοικεῖσθαι
499 1819 564 1917 τὴν
591 1823 670 1922 γῆν,
698 1821 740 1899 ού
770 1820 950 1919 πνεύμασι
977 1819 1228 1922 πληρουμένην
1256 1823 1416 1917 γυμνοῖς,

225 1943 310 2021 ἀλλ’
344 1939 424 2021 οὐδὲ
456 1942 628 2047 ἀσάρκοις
660 1948 719 2023 καί
751 1945 1006 2050 ἀναμφιέστοις
1038 1950 1184 2050 ψυχαῖς,
1213 1938 1314 2019 ἀλλά
1346 1945 1420 2023 τοῖς

225 2063 470 2165 καταλλήλοις
496 2069 585 2173 αὐτῇ
609 2066 838 2172 κεχρημέναις
861 2067 1042 2165 σώμασιν.
1082 2067 1126 2167 ἦν
1145 2067 1207 2145 οὖν
1231 2061 1300 2167 ἀρα
1324 2063 1414 2157 βού-

224 2202 324 2290 λημα
345 2195 439 2268 θεῖον
457 2188 499 2271 τὸ
518 2193 683 2294 ε’νεργοῦν
701 2197 748 2274 εἰς
773 2189 815 2270 τὸ
842 2190 1055 2294 ἁμαρτάνειν
1073 2189 1210 2296 φυχάς,
1232 2190 1290 2269 ἵνα
1314 2190 1372 2266 καὶ
1399 2186 1421 2285 ή
1438 2221 1451 2260 ι
1457 2215 1477 2278 5

195 2319 297 2394 θτῶν
318 2312 499 2413 σωμάτων
520 2314 665 2417 γένηται
689 2314 812 2420 φύσις,
830 2317 923 2395 οἴσω
950 2349 988 2395 τε
1017 2313 1146 2395 λοιπὸν
1170 2313 1191 2412 ή
1219 2317 1266 2415 γῆ
1294 2310 1344 2410 μὴ
1372 2317 1422 2395 εἰς

225 2434 326 2516 κενὸν
351 2438 519 2542 φαίνηται
546 2437 785 2541 γεγενημένη;
818 2436 920 2518 ἀλλά
946 2447 1052 2518 τοῦτο
1080 2436 1228 2533 ἀτοπου,
1258 2443 1415 2538 κρεῖττον

225 2559 290 2638 οὖν
305 2560 375 2663 ἀρα
392 2558 434 2640 τὸ
453 2561 580 2663 ἕτερον.

283 2717 315 2764 κ.
351 2715 452 2764 Almo.
487 2687 537 2765 ‘H
570 2684 715 2766 πάντων
746 2693 896 2790 τεχνῖτις
928 2687 1044 2792 σοφία
1077 2689 1155 2786 περὶ
1193 2688 1317 2782 ἑαυτῆς
1352 2716 1423 2763 που

58 2802 164 2933 {320
228 2809 344 2912 φησίν
362 2811 399 2887 ε’ν
417 2809 539 2917 βίβλῳ
557 2812 755 2911 παροιμιῶν
773 2809 908 2910 “Ἐγιί)
931 2806 1067 2913 ήμηνῇ
1093 2808 1366 2913 προσεχαιρεν·”
1397 2809 1417 2885 ὁ
1437 2842 1482 2885 20

60 2949 100 2999 3¹·
226 2929 372 3013 πάντων
392 2931 558 3033 δηλονότι
573 2931 811 3035 Δημιουργός·
832 2943 854 2979 “
868 2935 948 3013 καθ’
968 2932 1101 3035 ἡμέραν
1121 2930 1159 3009 δέ
1177 2927 1418 3037 εύφραινόμην

226 3063 249 3103 “
267 3057 304 3133 έν
330 3056 517 3164 προσώπῳ
545 3057 654 3136 αὐτοῦ
681 3058 719 3134 ἐν
745 3059 853 3136 παντὶ
881 3061 1001 3164 καιρῷ,
1030 3055 1089 3136 ὅτε
1122 3056 1327 3160 εὐφραίνετο
1356 3051 1424 3152 τήν

226 3189 249 3225 “
266 3177 471 3277 οἰκουμένην
493 3177 728 3276 συντελέσας,
757 3181 815 3258 καί
840 3181 1086 3285 ε’νευφραίνετο
1112 3181 1149 3258 ἐν
1174 3184 1260 3261 υἱοῖς
1284 3178 1425 3280 ἀνθρώ-

227 3311 248 3347 “
266 3303 379 3380 πων.”
424 3301 483 3381 ότε
523 3303 641 3382 τοίνυν
678 3304 901 3387 συντελέσας
936 3301 1002 3403 τήν
1039 3305 1245 3401 οἰκουμένην
1280 3306 1324 3407 τή
1358 3309 1424 3380 τοῦ

229 3423 418 3525 ἀνθρώπου
441 3431 643 3530 κατασκευή
667 3426 752 3505 λίαν
776 3424 943 3531 ἐφήδεται
968 3426 1073 3522 Θεὸς,
1094 3433 1171 3509 πῶς
1196 3427 1275 3530 οὐχὶ
1299 3423 1424 3524 πόσης
1440 3455 1478 3518 25

61 3564 156 3621 85ss
198 3544 298 3652 ιιέξω
323 3548 477 3627 κείσεται
503 3547 683 3654 φρενὸς,ὁ
708 3548 1002 3651 προγενεστεροις
1023 3547 1276 3652 ἁμαρτήμασιν
1296 3550 1419 3628 ὑποτι-

228 3673 300 3754 θεὶς
326 3669 392 3770 τὴν
410 3668 544 3778 φυχὴν,
564 3672 622 3750 διά
647 3706 686 3751 τε
711 3680 816 3753 τοῦτο
841 3679 1133 3768 σεσωματῶσθαι
1158 3673 1276 3772 λέγων
1294 3667 1421 3767 αὑτήν,

227 3796 287 3873 καί
320 3793 410 3873 κατὰ
441 3802 568 3875 τοῦτον
601 3800 864 3899 τετιμωρῆσθαι
896 3794 961 3875 τὸν
989 3794 1145 3896 τρόπους
1185 3791 1208 3893 ἰ)
1242 3794 1312 3896 γὰρ
1346 3794 1426 3897 οὐχὶ

183 3972 188 3978 -
228 3918 473 4017 δεσμωτηρίου
496 3924 652 4017 μᾶλλον,
671 3920 763 4023 ἤπερ
782 3919 999 4019 οἰκουμένης,
1017 3917 1168 4021 ἐργάτης
1194 3917 1298 3996 ἔσται
1316 3913 1423 3998 Θεάς·

228 4038 513 4145 εὐφρανθήσεται
540 4039 577 4120 δέ
601 4040 821 4144 παραλόγως
846 4045 901 4121 ε’πί
927 4050 1001 4125 τοῖς
1021 4041 1194 4147 ὑπέχουσι
1213 4040 1335 4137 δίκας;
1366 4042 1426 4118 καί
1439 4075 1483 4132 3ο

228 4168 305 4247 πῶς
333 4160 458 4263 ἀνείη
489 4162 617 4245 λοιπὸν
645 4163 782 4266 ἀγαθὸς
813 4166 865 4246 ἐπ’
896 4164 1042 4249 ἀτόποις
1073 4169 1166 4246 οὕτω
1199 4164 1421 4268 γανύμενος;

263 4380 289 4433 8.
307 4380 366 4433 οὐδέ
378 4398 431 4436 om.
445 4382 477 4437 Β.
614 4403 655 4451 14.
674 4383 720 4439 οὖν
732 4400 785 4438 om.
799 4383 831 4438 Ε.
967 4397 1008 4454 15.
1026 4383 1178 4454 ἁμαρτάνειν
1191 4383 1223 4439 Β.
1236 4382 1358 4453 ἁμαρτεῖν
1370 4382 1425 4439 Ed.

229 4465 272 4503 21.
289 4450 403 4524 πάντων]
415 4455 517 4508 πάντων
528 4452 596 4510 ὅλων
609 4455 642 4513 Β.
769 4471 811 4525 23.
830 4454 983 4524 εὐφραίνετο
996 4454 1029 4508 Β.
1043 4453 1115 4521 (106.
1129 4455 1175 4520 al.)
1301 4466 1343 4521 25.
1363 4454 1424 4525 οὐχὶ

227 4519 326 4592 πόσης]
340 4521 388 4592 οἰχ
400 4521 502 4591 ἁπάσης
514 4525 547 4579 Β.
654 4543 698 4596 30.
717 4525 745 4579 δι’
757 4541 811 4580 om.
827 4524 859 4580 E.
920 4522 1076 4595 ὑπερέχουσι
1090 4523 1123 4580 Β.
