3038 5018
254 282 317 346 186
555 278 1144 347 B.cYR1LL1ALExANDR.
1297 280 1319 344 i.
1332 297 1387 366 32,
1398 297 1452 366 33.

219 451 344 525 ᾶΥῖοῦ
361 446 440 526 ε’στι
458 446 501 527 τὸ
520 450 669 544 Πνεῦμα
692 444 735 526 τὸ
753 445 898 548 Ἀγιον
928 448 1022 527 οὕτω
1047 448 1105 526 καῖ
1131 443 1336 545 ἀνέγνωμεν
1353 443 1455 546 παρὰ

1368 569 1379 597 Ι
1431 567 1452 595 0·

84 572 208 704 ἓξὲξ·
253 576 330 653 ταῖς
360 572 468 654 θείαις
496 576 654 674 γραφαῖς
682 581 703 618 “
720 569 915 653 Ἐλθόντες
946 567 1018 672 γὰρ
1050 568 1143 649 κατὰ
1173 566 1239 668 τὴν
1269 574 1460 664 Μνσιαν,1

86 712 109 768 ι·
254 696 380 799 φησὶν,
400 701 421 741 “
434 691 613 797 ἐπείραζον
632 699 681 778 είς
702 692 769 792 τὴν
788 693 958 774 Βιθυνίαν
975 696 1154 791 ἀπελθεῖν,
1174 697 1232 773 καὶ
1250 695 1315 774 οῦκ
1334 690 1456 771 ε’ίασεν

253 825 276 863 “
294 814 421 900 αι’ποῦς
436 815 480 897 τὸ
496 825 636 915 πνεῦμα
654 817 813 916 Ἰησοῦ.”

309 945 356 1019 Ei
380 939 424 1018 δέ
442 974 494 1048 τῳ
518 944 616 1021 δοκεῖ
637 937 925 1046 φιλονεικότερον
942 945 1017 1022 τοῖς
1040 941 1121 1042 περὶ
1146 936 1283 1017 τούτων
1305 936 1491 1023 {viora-⁵

251 1068 341 1143 σθαι
368 1060 502 1165 λύγοις,
521 1067 579 1143 καὶ
607 1061 891 1168 διισχυρίζεσθαι
913 1064 1038 1160 πάλιν,
1057 1061 1113 1142 ὅτι
1137 1060 1229 1140 κατά
1254 1059 1396 1167 με’θεξιν
1416 1063 1456 1140 ἐν

252 1191 304 1293 τῷ
321 1191 400 1294 Υίφ
417 1185 460 1266 τὸ
480 1187 628 1284 Πνεῦμά
646 1188 756 1286 ἐστιν,
775 1185 798 1286 ἢ
824 1191 882 1267 καὶ
907 1184 987 1265 τότε
1014 1186 1160 1288 γέγονεν
1178 1187 1217 1264 ε’ν
1236 1185 1343 1292 αύτῷ,
1363 1183 1455 1284 πρό-

251 1344 355 1413 τερον
386 1310 450 1390 οῦκ
487 1310 697 1415 ἐνιπτάρχον,
729 1309 788 1391 ὅτε
818 1318 878 1390 καὶ
913 1309 1129 1408 ἐβαπτίσθη,
1161 1307 1254 1387 κατὰ
1290 1307 1354 1387 τὸν
1390 1311 1457 1407 τῆς

252 1433 555 1536 ε’νανθρωιιήσεως
582 1431 723 1538 χρόνον,
751 1432 868 1537 ὁράτω
895 1431 1008 1514 πάλιν
1035 1433 1171 1533 ἡλίκοις
1198 1465 1237 1511 τε
1266 1435 1325 1510 καὶ
1352 1429 1456 1515 ὅσοις

222 1563 494 1656 οπεριπεσεῖται
525 1564 600 1641 τοῖς
629 1557 853 1657 ἀτοπήμασι.
902 1563 1048 1660 πρῶτον
1075 1554 1250 1657 μὲνγὰρ,
1278 1556 1342 1634 οῦκ
1370 1558 1455 1655 ε’γη-
1473 1591 1515 1632 ιο

83 1682 207 1798 {ffiffl
252 1678 377 1779 γε’ρθαι
396 1683 512 1783 φησὶν
531 1680 552 1758 ὁ
571 1681 698 1783 Σωτὴρ
719 1690 741 1728 “
753 1683 792 1761 ε’ν
809 1687 992 1780 γεννητοῖς
1008 1686 1186 1780 γυναικοῖν
1203 1674 1372 1758 Ἰωάννου
1389 1686 1456 1758 τοῦ

252 1811 274 1850 “
291 1804 520 1897 βαπτιστοῦ”
558 1802 624 1884 τὸν
658 1805 812 1908 μείζονα·
862 1804 922 1884 καὶ
958 1801 1095 1903 ἀληθὴς
1132 1804 1152 1881 ὁ
1190 1801 1315 1903 λόγος·
1365 1800 1452 1880 ἀλλ’

252 1926 389 2027 ὁρῶμεν
407 1925 470 2006 τὸν
493 1933 541 2012 είς
566 1928 745 2031 ἀκρότητα
770 1925 879 2034 δόξης
904 1961 943 2007 τε
969 1930 1026 2005 καὶ
1051 1928 1177 2028 ἀρετῆς
1204 1925 1455 2025 ἀναβεβηκότα

251 2054 314 2148 τῆς
341 2053 379 2129 ἐν
404 2051 497 2150 ἡμῖν,
523 2053 752 2154 ἀσυγκρίτοις
780 2054 969 2156 ὑπεροχαῖς
996 2056 1154 2147 τιμῶντα
1181 2048 1358 2151 Χριστόν·
1388 2049 1455 2127 οῦκ

82 2177 198 2307 ξφῑω·
251 2176 321 2272 είμὶ
347 2172 429 2276 γάρ,
455 2177 580 2280 φησὶν,
607 2173 738 2272 ῖκανδς,
763 2175 822 2254 ἵνα
849 2175 971 2280 κύψας
998 2173 1104 2252 λύσω
1132 2170 1196 2253 τὸν
1222 2172 1352 2269 ἱμάντα
1378 2178 1453 2252 τιῦν
1472 2203 1512 2266 15

252 2295 490 2396 ὑποδημάτων
514 2300 634 2378 αὐτοῦ.
681 2295 756 2376 εἶτα
783 2304 861 2381 πῶς
889 2298 954 2377 οῦκ
981 2297 1127 2393 ἄτοπον,
1149 2303 1296 2394 μᾶλλον
1318 2294 1355 2374 δὲ
1381 2295 1452 2394 ἤδη

83 2412 182 2542 iallguc.
251 2423 309 2499 καὶ
337 2419 477 2518 ἀσεβὲς,
505 2421 674 2522 Ἰωάννην
701 2420 766 2518 μὲν
794 2432 816 2469 “
830 2424 869 2501 ἐκ
895 2421 1033 2503 κοιλίας
1060 2420 1112 2499 ἔτι
1138 2416 1273 2520 μητρὸς
1307 2418 1451 2517 αῦτοῦ,”

82 2550 143 2606 1²⁵
155 2552 197 2608 A·
221 2543 461 2642 ιιΠνεύματος
479 2547 759 2644 ἀναπεπλῆσθαι
777 2552 842 2624 τοῦ
859 2545 988 2645 Ἀγίου
1004 2542 1197 2640 πιστεύειν,
1217 2540 1335 2622 διὰτὸ
1358 2544 1454 2623 οὕτω

250 2666 456 2773 γεγράφθω
479 2669 561 2770 περὶ
586 2669 706 2746 αὐτοῦ·
737 2665 801 2748 τδν
820 2670 858 2748 δὲ
883 2667 1020 2764 τούτου,
1037 2673 1183 2764 μᾶλλον
1204 2664 1242 2744 δὲ
1264 2664 1451 2764 ἀπάντων,

251 2786 447 2889 Δεσπότην
483 2792 542 2870 καὶ
580 2788 714 2894 Κύριον
751 2791 831 2871 τότε
868 2798 1013 2895 πρῶτον
1049 2789 1189 2870 οἴεσθαι
1225 2786 1267 2869 τῖι
1302 2794 1454 2887 Πνεῦμα
1470 2824 1513 2868 ιο

250 2918 389 3004 λαβεῖν,
428 2912 486 2993 ὅτε
523 2916 582 2994 καὶ
618 2915 842 3017 ἐβαπτίζετο,
883 2916 997 2994 καίτοι
1033 2921 1098 2993 τοῦ
1139 2914 1244 3014 ἁγίου
1282 2911 1457 3014 λέγοντος

169 3089 175 3102 ·
251 3035 416 3141 Γαβριὴλ
434 3035 525 3139 πρὸς
543 3037 608 3137 τὴν
626 3040 733 3140 ἁγίαν
751 3037 929 3140 παρθένον
948 3049 970 3086 “
987 3041 1137 3134 Πνεῦμα
1149 3033 1281 3137 Ἀγιον
1300 3033 1453 3116 ε’πελεύ·

249 3170 272 3207 “
289 3195 394 3240 σεται
420 3163 478 3241 ε’πὶ
504 3159 560 3258 σέ,
588 3164 647 3241 καὶ
674 3160 821 3260 δύναμις
848 3163 1034 3268 Ὑψίστου
1060 3159 1264 3241 ἐπισκιάσει
1292 3193 1367 3253 σοι,
1398 3158 1456 3239 διὸ

250 3292 272 3331 “
290 3285 349 3362 καὶ
379 3283 422 3364 τὸ
455 3286 677 3386 γεννώμενον
708 3285 811 3386 άγιον
842 3285 1064 3385 κληθήσεται
1092 3282 1180 3368 Υἱὸς
1213 3280 1344 3363 Θεοῦ.”
1394 3285 1455 3363 καῖ

251 3404 369 3508 ὁράτω
395 3440 457 3503 μοι
482 3406 594 3488 πάλιν
622 3409 642 3486 ὀ
672 3407 888 3512 φιλομαθὴς,
919 3408 1013 3508 ὅσην
1040 3409 1060 3486 ὁ
1094 3407 1206 3509 λόγος
1239 3407 1354 3486 ὠδίνει
1386 3405 1456 3506 τὴν
1471 3437 1513 3498 ²5

81 3547 121 3598 lb·
135 3557 172 3610 1⁵·
251 3528 400 3608 ἔννοιαν.
452 3533 533 3632 περὶ
566 3529 631 3626 μὲν
658 3531 730 3633 γάρ
756 3530 935 3622 Ἰωάννου,
966 3535 1092 3637 φησὶν,
1120 3529 1175 3611 ὅτι
1202 3541 1224 3578 “
1241 3528 1456 3626 Πνεύματος

215 3652 418 3754 1)((Ἀγίου
449 3653 741 3753 πλησθήσεται·”
785 3654 891 3736 δοτὸν
919 3652 992 3757 γὰρ
1025 3651 1071 3754 ἧν
1099 3657 1137 3734 ἐν
1165 3655 1262 3760 αὐτῷ
1294 3656 1352 3732 καὶ
1386 3652 1455 3732 οῦκ

249 3776 417 3861 οὐσιῶδες
444 3775 486 3855 τὸ
509 3774 640 3879 Ἀγιον
665 3784 825 3877 Πνεῦμα·
865 3786 947 3881 περὶ
975 3776 1013 3858 δὲ
1041 3786 1104 3857 τοῦ
1133 3782 1310 3877 Σωτῆρος,
1334 3775 1456 3856 οῦκίτι
1492 3842 1498 3849 .

248 3896 291 3979 τό
311 3899 575 4001 Πλησθήσεται
593 3903 702 4005 λέγει·
730 3909 850 3986 καλῶς
870 3936 913 4003 γε
932 3902 1080 4009 σφόδρα
1099 3907 1201 3981 νοῶν
1229 3901 1314 3979 ἀλλ’
1336 3899 1455 3980 ὅτιτὸ

248 4026 468 4124 γεννώμενον
487 4024 599 4126 ἅγιον,
618 4025 697 4106 οῦδὲ
718 4025 761 4104 τό
782 4022 923 4106 Ἔσται
945 4023 1219 4128 προστεθεικὼς,
1238 4022 1283 4123 ἧν
1302 4022 1372 4127 γὰρ
1398 4026 1452 4104 ἀεὶ
1469 4057 1511 4113 30

248 4152 355 4225 τοῦτο
373 4145 463 4225 κατὰ
482 4145 597 4253 φύσιν
615 4151 662 4232 ὡς
682 4149 785 4232 Θεός.

286 4369 439 4438 ι.τὸρτὶαε
452 4389 505 4426 om.
521 4372 555 4426 Β.
567 4371 647 4426 habet
660 4371 773 4427 Veccuu.
837 4373 1091 4443 4.r60m.Migne.
1152 4371 1178 4426 6.
1192 4332 1402 4443 διισχυρίζεσθαι
1416 4370 1454 4428 Β.

246 4439 431 4580 ἔξιᾶξλίιξῖε
508 4460 555 4567 2¹3·
569 4443 931 4584 fflfflfim'*
949 4442 1377 4585 ξθέἔῖἔίίίιὲἰῖἑὲῗῗδὲἓ
1390 4442 1453 4567 ¹5²²·
