3038 5018
251 279 316 337 404
555 279 593 343 B.
616 274 823 343 CYRILLI
853 273 1139 342 ALEXANDR.
1317 275 1360 339 vi.
1375 292 1451 354 2-4.

222 469 444 535 2Ἠκολούθει
476 471 511 535 δὲ
544 473 633 555 αύτῷ
664 474 760 564 ὄχλου
791 473 903 553 πολύς,
932 475 982 538 ὅτι
1013 471 1179 561 ἐθεώρουν
1207 471 1247 535 τά
1280 466 1397 545 οκμεῖα
1430 468 1454 532 ἀ

221 606 238 662 3
303 595 408 659 ἐποίει
426 596 479 660 ἐπί
497 599 563 662 τῶν
582 599 818 664 ἀσθενούντων·
846 600 967 664 ἀνῆλθε
991 599 1027 664 δὲ
1052 596 1099 663 εἰς
1123 599 1160 663 τὸ
1183 597 1260 685 ὄρος
1283 595 1456 674 ὁἸιτσοῦε,

114 771 118 777 .
222 743 240 793 4
305 722 357 785 καί
385 721 452 788 ἐκεῖ
478 724 617 789 ἐκάθυτο
644 724 725 800 μετά
753 726 819 789 τῶν
844 726 999 801 μαθκτῶν
1025 725 1132 789 αύτού·
1167 718 1207 787 τίν
1234 721 1270 787 δὲ
1295 719 1388 795 ἐττύε
1414 718 1456 787 τὸ

219 842 241 906 d
303 846 410 933 πάσχα
439 849 457 911 τί
486 850 583 937 ἐορτιί
612 851 678 914 τῶν
702 848 883 915 Ἰουδαίων.

303 1004 395 1083 Ὅτε
430 1005 502 1108 γάρ
535 1013 608 1085 τῶν
636 1007 901 1110 Ἱεροσολύμων
933 1007 1186 1111 ἐκπεφοίτηκεν
1218 1006 1238 1083 ὁ
1273 997 1490 1104 Χριστὸς,5

86 1127 208 1254 {mr-¹³¹·
253 1127 344 1206 κατὰ
361 1125 404 1206 τῦ
420 1131 457 1207 ἐν
476 1128 679 1234 προφήταις
697 1128 877 1233 εἰρημένον
896 1141 918 1177 “
932 1126 1251 1230 Ἐγκαταλὲλοιπα
1275 1125 1339 1205 τὸν
1357 1119 1460 1203 Οἶκόν

253 1261 274 1296 “
292 1286 372 1349 μου,
403 1253 526 1358 ἀφῆκα
558 1253 623 1352 τὴν
651 1255 892 1357 κληρονομίαν
918 1252 1019 1351 μου,”
1050 1252 1108 1332 ὅτε
1142 1248 1205 1331 τάν
1235 1251 1363 1347 ἀπειθῆ
1397 1248 1459 1326 καί

252 1375 423 1474 δυσήνιον
441 1381 514 1453 τῶν
532 1375 714 1456 Ἰουδαίων
731 1377 982 1461 ἀπολακτίσας
1007 1373 1099 1455 λαὸν
1117 1381 1191 1458 τοῖς
1216 1369 1460 1472 ἀλλογενέσιν

261 1500 270 1522 τ
339 1496 350 1522 ἱ
405 1501 414 1524 ν
490 1500 499 1525 ι
635 1497 644 1525 ν
780 1500 796 1526 x
878 1499 888 1526 ς
931 1501 949 1531 ν
1073 1501 1081 1524 2
1216 1500 1233 1518 u
1290 1494 1309 1524 ν
1447 1490 1458 1519 λ

253 1533 378 1578 εαυτον
396 1497 584 1602 εχαριζετο,
603 1533 683 1579 ποτε
710 1520 820 1584 πολυς
845 1535 910 1594 μεν
930 1520 1035 1597 οχλος
1061 1494 1241 1578 ακολουθει.
1281 1528 1400 1573 ανεισι
1419 1497 1459 1572 δε

224 1624 311 1700 ακαί
346 1629 391 1706 είς
429 1623 496 1727 ἀρος
534 1620 650 1721 αὐτὸς,
688 1624 762 1702 κατ’
797 1626 906 1702 ἐκεῖνο
950 1621 994 1722 δὴ
1035 1621 1179 1704 πάντως
1215 1618 1304 1720 ὅπερ
1341 1616 1458 1719 εἴρηκε
1476 1663 1514 1702 10

85 1739 206 1868 gfmii.
255 1741 404 1848 φθάσας
431 1753 452 1789 “
470 1744 583 1846 Κάγὼ
615 1744 677 1825 ε’ἀν
706 1748 843 1851 ὑψωθῶ
876 1749 915 1825 ἐκ
945 1750 1008 1845 τῆς
1038 1750 1115 1847 γῆς,
1143 1743 1281 1826 πάντας
1308 1741 1460 1820 ἑλκύσω

255 1878 277 1914 “
295 1865 386 1969 πρὸς
412 1866 598 1964 ἐμαυτόν.”
638 1868 768 1976 ὑψώθη
797 1866 956 1972 μὲνγὰρ
984 1870 1022 1947 ἐκ
1049 1872 1113 1966 τῆς
1140 1871 1217 1969 γῆς,
1235 1868 1293 1944 καὶ
1320 1870 1368 1948 είς
1393 1863 1461 1942 τὸν

254 1989 342 2092 ὑπὲρ
371 1990 472 2089 ἡμῶν
499 1991 702 2084 ἀναβαίνων
731 1989 900 2093 σταυρύν·
948 1991 1077 2096 ὑψώθη
1106 1989 1143 2070 δέ
1170 1988 1284 2069 πάλιν
1311 1987 1457 2089 ἑτέρως,

253 2111 413 2214 καθάπερ
442 2119 490 2196 είς
519 2113 601 2214 ὅρος
633 2114 865 2212 ἀναβεβηκὼς
894 2114 960 2206 τὴν
988 2115 1167 2215 θεοπρεπῆ
1195 2109 1302 2211 τιμήν
1329 2144 1370 2190 τε
1399 2113 1461 2189 καὶ

253 2233 376 2342 δόξαν·
408 2237 450 2314 ού
475 2234 547 2339 γάρ
573 2240 621 2320 ὡς
646 2236 837 2339 ἀνθρωπον
855 2235 1069 2340 ἀτιμάζομεν
1087 2234 1179 2316 κατὰ
1202 2234 1267 2314 τάν
1285 2234 1458 2337 Ἰσραὴλ,
1477 2274 1513 2332 15

253 2360 407 2442 ἀλλ’ὡς
431 2359 526 2439 θεὸν
549 2364 606 2438 καὶ
632 2365 784 2463 Σωτῆρα
809 2364 867 2439 καὶ
893 2359 1028 2463 Κύρων
1046 2367 1321 2462 προσκυνοῦμεν
1339 2358 1458 2457 ἡμεῖς.

256 2484 340 2585 παρ’
360 2483 502 2567 ἐκείνοις
520 2483 586 2582 μέν
604 2483 676 2587 γάρ
695 2483 858 2568 ταπεινός
883 2518 935 2568 τις
964 2482 1143 2587 ὑπάρχειν,
1163 2486 1222 2562 καὶ
1239 2478 1341 2561 οὑδέν
1361 2481 1462 2566 ὅλως

88 2630 200 2686 274A.
227 2603 348 2688 ακατά
375 2604 417 2685 τὸ
441 2605 625 2702 παντελὲς,
645 2604 831 2707 ἐνομίζετο·
863 2611 920 2686 καὶ
947 2614 1037 2708 γοῦν
1062 2607 1286 2708 Σαμαρείτην
1313 2606 1459 2684 ἀποκα-

86 2705 191 2832 ίῇίῖἱε,
256 2736 403 2813 λοῦντες
431 2730 493 2807 ούκ
522 2729 699 2836 ἔφριττον,
724 2728 939 2831 σεμνότερον
968 2728 1010 2808 δέ
1032 2764 1110 2813 πως
1139 2726 1366 2832 ἀτιμάζοντες
1393 2727 1464 2808 τάν

87 2843 210 2973 ffi‘gh
256 2858 320 2935 τοῦ
355 2851 516 2935 τέκτονος
554 2851 662 2931 αὑτὸν
699 2850 903 2932 ἀπεκάλουν
941 2851 1027 2931 υίύν·
1078 2851 1177 2954 παρὰ
1219 2853 1262 2931 δέ
1295 2885 1338 2953 γε
1384 2858 1464 2937 τοῖς
1479 2895 1517 2934 το

255 2974 488 3063 πιστεύουσιν
516 2981 564 3058 είς
592 2975 710 3072 αὑτὸν,
735 2979 783 3060 ὡς
810 2974 1059 3078 μεγαλουργάς
1087 2978 1145 3055 καὶ
1173 2972 1278 3064 Θεὸς,
1308 2976 1357 3059 ὡς
1385 2981 1465 3054 τῶν

255 3097 471 3204 παραδόξων
499 3097 650 3202 ἐργάτης
678 3096 976 3199 ἀποθαυμάζεται.
1015 3099 1145 3204 ἀκούῃς
1172 3096 1255 3200 γὰρ,
1275 3097 1374 3181 ὅπως
1403 3100 1466 3177 εῦ·

257 3220 371 3319 σεβὴς
395 3229 468 3304 τοῖς
494 3222 789 3320 ἀκολουθήσασιν
807 3221 997 3326 ἐνυπάρχει
1015 3221 1165 3304 σκοπός.
1205 3220 1252 3302 ’ὅτι
1271 3218 1343 3323 γάρ
1361 3219 1462 3301 ἐθεά-

257 3379 322 3449 ρουν
340 3342 386 3423 τῦι
406 3345 460 3423 ἐπὶ
480 3344 541 3424 τῶν
560 3343 768 3425 ἀσθενούντων
787 3349 922 3450 σημεῖα,
935 3343 994 3423 διά
1012 3352 1117 3424 τοῦτο
1136 3343 1180 3442 δὴ
1198 3343 1299 3439 μάλα
1318 3350 1465 3447 θερμῶς

258 3465 408 3546 ἕπεσθαι
439 3471 511 3546 δεῖν
539 3467 806 3567 ὑπελάμβανον,
834 3470 882 3551 ὡς
914 3465 987 3548 ἀπὸ
1021 3474 1093 3548 τῶν
1121 3466 1345 3564 τελουμένων
1372 3470 1466 3547 ἀνα-
1480 3505 1516 3565 25

223 3588 379 3688 ύλόγως
407 3590 463 3668 ἐπὶ
491 3588 556 3688 τὴν
580 3599 644 3669 τοῦ
671 3599 860 3675 τελοῦντος
887 3592 1082 3691 ἐπίγνωσιν
1106 3590 1376 3692 ποδηγούμενα,
1402 3594 1465 3671 καί

258 3711 330 3791 ἀπὸ
355 3715 417 3810 τῆς
441 3718 659 3814 θεοπρεποῦς
683 3713 849 3819 ἐξουσίας
873 3712 937 3792 τάν
960 3714 1093 3812 ταύτην
1115 3715 1361 3821 ἠμφιεσμένον
1387 3722 1462 3820 φυ-

258 3842 369 3918 σικῶς
390 3837 590 3918 ἐννοοῦντες
608 3835 710 3915 Υίύν.
743 3835 801 3914 διὰ
823 3835 954 3935 ταύτης
978 3836 1015 3916 δέ
1040 3841 1169 3941 χρῆναι
1193 3835 1349 3939 βαδίζειν
1365 3838 1465 3937 ἡμᾶς

257 3963 320 4055 τῆς
349 3961 433 4038 ὁδοῦ
461 3959 551 4060 πρὸς
581 3959 646 4058 τὴν
672 3960 729 4065 ἐφ’
759 3961 873 4065 ἐαυτῷ
900 3959 1025 4039 πίστιν
1052 3957 1240 4039 ἐκέλενσεν
1268 3961 1288 4038 ὁ
1318 3961 1463 4065 Σωτήρ·

294 4141 320 4195 6.
338 4140 378 4212 ἐν]
396 4149 424 4205 -ί-
440 4145 494 4198 τοῖς
512 4159 535 4195 θ.
553 4142 636 4195 invito
653 4141 735 4196 Cord.
796 4144 841 4196 τάν
856 4137 927 4196 οἶκόν
940 4165 990 4212 μου
1009 4141 1214 4213 ἐγκαταλέλοιπα
1231 4160 1256 4196 a.
1272 4142 1358 4196 invito
1379 4142 1465 4198 cord.

262 4227 303 4266 το.
321 4211 362 4264 καί
374 4222 543 4282 assumptum
556 4230 587 4265 ex
603 4212 635 4264 Β.
688 4211 732 4282 δὴ]
747 4212 775 4265 δὲ
790 4212 822 4265 Β.
872 4213 967 4266 Statim
979 4213 1088 4284 φθάσας
1098 4224 1125 4267 οι
1136 4214 1237 4268 πάντας
1249 4213 1465 4268 ίπῑοτοθῑταπα-

258 4283 335 4351 ροπίι
348 4282 380 4334 B.
505 4300 546 4337 11.
564 4284 609 4350 τῆς
621 4292 788 4352 assumptum
801 4300 833 4335 ex
848 4283 880 4336 B.
895 4282 940 4336 sed
954 4283 1034 4337 habet
1048 4285 1150 4353 Migne.
1269 4298 1311 4353 13.
1331 4283 1466 4351 ἐμβαίνων

260 4352 342 4407 cord.
356 4352 401 4406 Cr.
412 4353 496 4407 invito
509 4371 532 4405 a.
608 4353 648 4405 18.
668 4354 791 4408 παντελὲς
805 4353 876 4406 B.D.
889 4356 1022 4409 παντελῶς
1034 4354 1086 4408 Ed.
1163 4369 1205 4408 20.
1223 4353 1302 4408 αὑτὸν
1312 4353 1466 4410 ἀπεκάλουν

259 4420 326 4493 νίδν]
340 4423 395 4476 νίάν
405 4423 594 4477 ἀποκαλοῦντες
607 4422 640 4477 Β.
712 4439 755 4477 22.
774 4423 922 4491 παραδύξον
933 4423 1005 4478 Αυί).
1018 4425 1120 4479 correxi
1132 4441 1164 4478 ex
1178 4423 1213 4477 D.
1287 4425 1465 4496 213.de-

259 4513 353 4561 χουσιν
368 4493 399 4546 B.
508 4509 549 4561 29.
569 4492 612 4562 ἐφ’
625 4510 679 4546 om.
694 4492 726 4545 B.
