<?xml version="1.0" encoding="UTF-8"?>
<!DOCTYPE html PUBLIC "-//W3C//DTD XHTML 1.0 Transitional//EN"
    "http://www.w3.org/TR/xhtml1/DTD/xhtml1-transitional.dtd">
<html xmlns="http://www.w3.org/1999/xhtml" xml:lang="en" lang="en">
 <head>
  <title>
</title>
<meta http-equiv="Content-Type" content="text/html;charset=utf-8" />
  <meta name='ocr-system' content='tesseract 3.04.00' />
  <meta name='ocr-capabilities' content='ocr_page ocr_carea ocr_par ocr_line ocrx_word'/>
</head>
<body>
  <div class='ocr_page' id='page_1' title='image "./sanctipatrisnos00pusegoog_0183.png"; bbox 0 0 3038 5018; ppageno 0'>
   <div class='ocr_carea' id='block_1_1' title="bbox 336 269 1223 337">
    <p class='ocr_par' dir='ltr' id='par_1_1' title="bbox 336 269 1223 337">
     <span class='ocr_line' id='line_1_1' title="bbox 336 269 1223 337; baseline -0.001 -3"><span class='ocrx_word' id='word_1_1' title='bbox 336 272 399 337; x_wconf 81' lang='lat'>170</span> <span class='ocrx_word' id='word_1_2' title='bbox 637 270 676 335; x_wconf 93' lang='grc' dir='ltr'>Β.</span> <span class='ocrx_word' id='word_1_3' title='bbox 700 270 904 335; x_wconf 84' lang='lat' dir='ltr'><strong>CYRILLI</strong></span> <span class='ocrx_word' id='word_1_4' title='bbox 934 269 1223 335; x_wconf 84' lang='lat' dir='ltr'><strong>ALEXANDR.</strong></span> 
     </span>
    </p>
   </div>
   <div class='ocr_carea' id='block_1_2' title="bbox 153 427 1519 4123">
    <p class='ocr_par' dir='ltr' id='par_1_2' title="bbox 153 427 1519 4123">
     <span class='ocr_line' id='line_1_2' title="bbox 332 427 1490 541; baseline -0.005 -27"><span class='ocrx_word' id='word_1_5' title='bbox 332 468 459 532; x_wconf 80' lang='grc' dir='ltr'><strong><em>ποντα,</em></strong></span> <span class='ocrx_word' id='word_1_6' title='bbox 477 433 606 515; x_wconf 79' lang='grc' dir='ltr'>λοιπὸν</span> <span class='ocrx_word' id='word_1_7' title='bbox 626 433 804 538; x_wconf 85' lang='grc' dir='ltr'>ὁρωμένου</span> <span class='ocrx_word' id='word_1_8' title='bbox 823 438 881 514; x_wconf 78' lang='grc' dir='ltr'>καὶ</span> <span class='ocrx_word' id='word_1_9' title='bbox 900 434 1002 518; x_wconf 83' lang='grc' dir='ltr'>ὄντος</span> <span class='ocrx_word' id='word_1_10' title='bbox 1020 438 1057 514; x_wconf 81' lang='grc' dir='ltr'>ἐν</span> <span class='ocrx_word' id='word_1_11' title='bbox 1076 438 1280 541; x_wconf 80' lang='grc' dir='ltr'>ὀφθαλμοῖς</span> <span class='ocrx_word' id='word_1_12' title='bbox 1303 440 1367 511; x_wconf 82' lang='grc' dir='ltr'>τοῦ</span> <span class='ocrx_word' id='word_1_13' title='bbox 1385 431 1428 509; x_wconf 85' lang='grc' dir='ltr'>δι’</span> <span class='ocrx_word' id='word_1_14' title='bbox 1449 427 1490 508; x_wconf 77' lang='grc' dir='ltr'>ὃν</span> 
     </span>
     <span class='ocr_line' id='line_1_3' title="bbox 332 554 1514 661; baseline -0.007 -23"><span class='ocrx_word' id='word_1_15' title='bbox 332 559 520 657; x_wconf 82' lang='grc' dir='ltr'>ἑτοιμασία</span> <span class='ocrx_word' id='word_1_16' title='bbox 548 560 693 660; x_wconf 86' lang='grc' dir='ltr'>γίνεται·</span> <span class='ocrx_word' id='word_1_17' title='bbox 735 558 863 661; x_wconf 82' lang='grc' dir='ltr'>ἑτέρων</span> <span class='ocrx_word' id='word_1_18' title='bbox 890 560 1000 638; x_wconf 85' lang='grc' dir='ltr'>ε’δεῖτο</span> <span class='ocrx_word' id='word_1_19' title='bbox 1029 556 1152 660; x_wconf 89' lang='grc' dir='ltr'>λόγων</span> <span class='ocrx_word' id='word_1_20' title='bbox 1179 558 1201 656; x_wconf 82' lang='grc' dir='ltr'><strong><em>ἡ</em></strong></span> <span class='ocrx_word' id='word_1_21' title='bbox 1229 564 1293 636; x_wconf 83' lang='grc' dir='ltr'>τοῦ</span> <span class='ocrx_word' id='word_1_22' title='bbox 1319 554 1514 658; x_wconf 85' lang='grc' dir='ltr'>πράγματα</span> 
     </span>
     <span class='ocr_line' id='line_1_4' title="bbox 153 676 1503 790; baseline -0.004 -28"><span class='ocrx_word' id='word_1_23' title='bbox 153 697 271 772; x_wconf 58' lang='grc' dir='ltr'>,114ὲ</span> <span class='ocrx_word' id='word_1_24' title='bbox 304 681 458 790; x_wconf 62' lang='grc' dir='ltr'>ῦφύσις.</span> <span class='ocrx_word' id='word_1_25' title='bbox 498 684 608 788; x_wconf 81' lang='grc' dir='ltr'>ἐχρῆν</span> <span class='ocrx_word' id='word_1_26' title='bbox 634 683 842 789; x_wconf 79' lang='grc' dir='ltr'>ἐξηγεῖσθαι</span> <span class='ocrx_word' id='word_1_27' title='bbox 869 681 923 766; x_wconf 87' lang='grc' dir='ltr'>τίς</span> <span class='ocrx_word' id='word_1_28' title='bbox 951 685 970 761; x_wconf 88' lang='grc' dir='ltr'><strong>ὁ</strong></span> <span class='ocrx_word' id='word_1_29' title='bbox 998 680 1134 785; x_wconf 80' lang='grc' dir='ltr'>παρὼν,</span> <span class='ocrx_word' id='word_1_30' title='bbox 1162 683 1221 761; x_wconf 82' lang='grc' dir='ltr'>καὶ</span> <span class='ocrx_word' id='word_1_31' title='bbox 1252 682 1309 760; x_wconf 80' lang='grc' dir='ltr'>ἐπὶ</span> <span class='ocrx_word' id='word_1_32' title='bbox 1338 679 1433 758; x_wconf 89' lang='grc' dir='ltr'>τίσιν</span> <span class='ocrx_word' id='word_1_33' title='bbox 1460 676 1503 781; x_wconf 84' lang='grc' dir='ltr'>έχ</span> 
     </span>
     <span class='ocr_line' id='line_1_5' title="bbox 332 797 1511 913; baseline -0.006 -28"><span class='ocrx_word' id='word_1_34' title='bbox 332 804 398 907; x_wconf 78' lang='grc' dir='ltr'>τὴν</span> <span class='ocrx_word' id='word_1_35' title='bbox 417 804 569 886; x_wconf 86' lang='grc' dir='ltr'>κάθοδον</span> <span class='ocrx_word' id='word_1_36' title='bbox 588 807 607 885; x_wconf 87' lang='grc' dir='ltr'>ὁ</span> <span class='ocrx_word' id='word_1_37' title='bbox 626 805 716 909; x_wconf 76' lang='grc' dir='ltr'>πρὸς</span> <span class='ocrx_word' id='word_1_38' title='bbox 742 806 835 904; x_wconf 82' lang='grc' dir='ltr'>ἡμᾶς</span> <span class='ocrx_word' id='word_1_39' title='bbox 859 807 904 913; x_wconf 76' lang='grc' dir='ltr'>ἐξ</span> <span class='ocrx_word' id='word_1_40' title='bbox 926 807 1084 909; x_wconf 78' lang='grc' dir='ltr'>οὐρανῶν</span> <span class='ocrx_word' id='word_1_41' title='bbox 1103 805 1310 913; x_wconf 75' lang='grc' dir='ltr'>ἀφιγμένος.</span> <span class='ocrx_word' id='word_1_42' title='bbox 1348 797 1396 883; x_wconf 77' lang='grc' dir='ltr'>ἴθι</span> <span class='ocrx_word' id='word_1_43' title='bbox 1413 800 1511 880; x_wconf 88' lang='grc' dir='ltr'>τοίνυ</span> 
     </span>
     <span class='ocr_line' id='line_1_6' title="bbox 334 922 1519 1037; baseline -0.005 -29"><span class='ocrx_word' id='word_1_44' title='bbox 334 932 450 1035; x_wconf 81' lang='grc' dir='ltr'>φησὶν</span> <span class='ocrx_word' id='word_1_45' title='bbox 470 941 484 1011; x_wconf 82' lang='grc' dir='ltr'>ί</span> <span class='ocrx_word' id='word_1_46' title='bbox 504 930 609 1034; x_wconf 73' lang='grc' dir='ltr'>ἀμνύς</span> <span class='ocrx_word' id='word_1_47' title='bbox 627 932 682 1010; x_wconf 82' lang='grc' dir='ltr'>ταύ</span> <span class='ocrx_word' id='word_1_48' title='bbox 700 931 785 1010; x_wconf 79' lang='grc' dir='ltr'>Θεού</span> <span class='ocrx_word' id='word_1_49' title='bbox 807 938 822 1010; x_wconf 83' lang='lat' dir='ltr'>o‘</span> <span class='ocrx_word' id='word_1_50' title='bbox 846 932 940 1036; x_wconf 76' lang='grc' dir='ltr'>αἴρων</span> <span class='ocrx_word' id='word_1_51' title='bbox 958 929 1012 1023; x_wconf 68' lang='grc' dir='ltr'>την</span> <span class='ocrx_word' id='word_1_52' title='bbox 1030 937 1201 1037; x_wconf 74' lang='grc' dir='ltr'>ἁμαρτίαν</span> <span class='ocrx_word' id='word_1_53' title='bbox 1217 931 1272 1009; x_wconf 81' lang='grc' dir='ltr'>τιύ</span> <span class='ocrx_word' id='word_1_54' title='bbox 1297 929 1433 1031; x_wconf 84' lang='grc' dir='ltr'>κίσμαυ,</span> <span class='ocrx_word' id='word_1_55' title='bbox 1452 922 1492 1004; x_wconf 84' lang='grc' dir='ltr'>ὐν</span> <span class='ocrx_word' id='word_1_56' title='bbox 1518 973 1519 991; x_wconf 59' lang='grc' dir='ltr'>ι</span> 
     </span>
     <span class='ocr_line' id='line_1_7' title="bbox 333 1048 1510 1155; baseline -0.004 -24"><span class='ocrx_word' id='word_1_57' title='bbox 333 1052 522 1155; x_wconf 79' lang='grc' dir='ltr'>προφήτης</span> <span class='ocrx_word' id='word_1_58' title='bbox 540 1053 624 1151; x_wconf 85' lang='grc' dir='ltr'>ἡμῖν</span> <span class='ocrx_word' id='word_1_59' title='bbox 641 1051 801 1135; x_wconf 81' lang='grc' dir='ltr'>Ἡσαΐας</span> <span class='ocrx_word' id='word_1_60' title='bbox 820 1051 1056 1152; x_wconf 87' lang='grc' dir='ltr'>κατεσήμαινε</span> <span class='ocrx_word' id='word_1_61' title='bbox 1082 1054 1200 1154; x_wconf 90' lang='grc' dir='ltr'>λέγων</span> <span class='ocrx_word' id='word_1_62' title='bbox 1219 1062 1240 1099; x_wconf 84' lang='grc'><strong>“</strong></span> <span class='ocrx_word' id='word_1_63' title='bbox 1257 1052 1324 1134; x_wconf 88' lang='grc' dir='ltr'>Ὡς</span> <span class='ocrx_word' id='word_1_64' title='bbox 1345 1048 1510 1151; x_wconf 78' lang='grc' dir='ltr'>πρόβατα</span> 
     </span>
     <span class='ocr_line' id='line_1_8' title="bbox 334 1173 1513 1281; baseline -0.004 -27"><span class='ocrx_word' id='word_1_65' title='bbox 334 1186 355 1222; x_wconf 90' lang='grc'><strong>“</strong></span> <span class='ocrx_word' id='word_1_66' title='bbox 373 1178 431 1254; x_wconf 81' lang='grc' dir='ltr'>ε’πὶ</span> <span class='ocrx_word' id='word_1_67' title='bbox 458 1174 611 1279; x_wconf 78' lang='grc' dir='ltr'>σφαγὴν</span> <span class='ocrx_word' id='word_1_68' title='bbox 638 1175 744 1281; x_wconf 83' lang='grc' dir='ltr'>ἤχθη,</span> <span class='ocrx_word' id='word_1_69' title='bbox 774 1181 830 1254; x_wconf 85' lang='grc' dir='ltr'>καὶ</span> <span class='ocrx_word' id='word_1_70' title='bbox 861 1178 909 1259; x_wconf 88' lang='grc' dir='ltr'>ῶς</span> <span class='ocrx_word' id='word_1_71' title='bbox 938 1173 1050 1273; x_wconf 78' lang='grc' dir='ltr'>ἀμνὸς</span> <span class='ocrx_word' id='word_1_72' title='bbox 1079 1175 1236 1254; x_wconf 89' lang='grc' dir='ltr'>ε’ναντίον</span> <span class='ocrx_word' id='word_1_73' title='bbox 1263 1183 1326 1254; x_wconf 85' lang='grc' dir='ltr'>τοῦ</span> <span class='ocrx_word' id='word_1_74' title='bbox 1356 1173 1513 1275; x_wconf 89' lang='grc' dir='ltr'>κείροντο</span> 
     </span>
     <span class='ocr_line' id='line_1_9' title="bbox 333 1295 1512 1406; baseline -0.003 -28"><span class='ocrx_word' id='word_1_75' title='bbox 333 1310 355 1347; x_wconf 90' lang='lat'>“</span> <span class='ocrx_word' id='word_1_76' title='bbox 373 1297 480 1378; x_wconf 81' lang='grc' dir='ltr'>αὐτὸν</span> <span class='ocrx_word' id='word_1_77' title='bbox 516 1298 693 1406; x_wconf 83' lang='grc' dir='ltr'>ἀφωνος,”</span> <span class='ocrx_word' id='word_1_78' title='bbox 724 1297 765 1378; x_wconf 84' lang='grc' dir='ltr'>ὐν</span> <span class='ocrx_word' id='word_1_79' title='bbox 795 1302 853 1378; x_wconf 81' lang='grc' dir='ltr'>καὶ</span> <span class='ocrx_word' id='word_1_80' title='bbox 885 1298 1011 1396; x_wconf 85' lang='grc' dir='ltr'>πάλαι,</span> <span class='ocrx_word' id='word_1_81' title='bbox 1043 1301 1169 1405; x_wconf 80' lang='grc' dir='ltr'>φησὶν,</span> <span class='ocrx_word' id='word_1_82' title='bbox 1200 1300 1219 1376; x_wconf 83' lang='grc' dir='ltr'><strong>ὁ</strong></span> <span class='ocrx_word' id='word_1_83' title='bbox 1252 1295 1310 1377; x_wconf 85' lang='grc' dir='ltr'>διά</span> <span class='ocrx_word' id='word_1_84' title='bbox 1343 1295 1512 1375; x_wconf 90' lang='grc' dir='ltr'>Μωυσέω</span> 
     </span>
     <span class='ocr_line' id='line_1_10' title="bbox 332 1419 1513 1524; baseline -0.003 -24"><span class='ocrx_word' id='word_1_85' title='bbox 332 1421 508 1502; x_wconf 87' lang='grc' dir='ltr'>ἀνετύπου</span> <span class='ocrx_word' id='word_1_86' title='bbox 544 1421 664 1519; x_wconf 85' lang='grc' dir='ltr'>νόμος·</span> <span class='ocrx_word' id='word_1_87' title='bbox 709 1420 809 1501; x_wconf 88' lang='grc' dir='ltr'>ἀλλά</span> <span class='ocrx_word' id='word_1_88' title='bbox 841 1419 920 1502; x_wconf 83' lang='grc' dir='ltr'>τότε</span> <span class='ocrx_word' id='word_1_89' title='bbox 958 1422 1023 1521; x_wconf 73' lang='grc' dir='ltr'>μέν</span> <span class='ocrx_word' id='word_1_90' title='bbox 1054 1420 1163 1524; x_wconf 87' lang='grc' dir='ltr'>έσωζε</span> <span class='ocrx_word' id='word_1_91' title='bbox 1195 1427 1355 1523; x_wconf 81' lang='grc' dir='ltr'>μερικῶς,</span> <span class='ocrx_word' id='word_1_92' title='bbox 1388 1419 1451 1498; x_wconf 91' lang='grc' dir='ltr'>οὐκ</span> <span class='ocrx_word' id='word_1_93' title='bbox 1483 1424 1513 1498; x_wconf 80' lang='grc' dir='ltr'>εἰ</span> 
     </span>
     <span class='ocr_line' id='line_1_11' title="bbox 332 1541 1498 1649; baseline -0.005 -24"><span class='ocrx_word' id='word_1_94' title='bbox 332 1543 493 1628; x_wconf 82' lang='grc' dir='ltr'>ἅπαντας</span> <span class='ocrx_word' id='word_1_95' title='bbox 517 1547 679 1626; x_wconf 77' lang='grc' dir='ltr'>ἐκτείνων</span> <span class='ocrx_word' id='word_1_96' title='bbox 702 1544 764 1626; x_wconf 79' lang='grc' dir='ltr'>τὸν</span> <span class='ocrx_word' id='word_1_97' title='bbox 787 1543 902 1626; x_wconf 71' lang='grc' dir='ltr'>ἔλεον·</span> <span class='ocrx_word' id='word_1_98' title='bbox 939 1548 1049 1630; x_wconf 82' lang='grc' dir='ltr'>τύπος</span> <span class='ocrx_word' id='word_1_99' title='bbox 1074 1544 1146 1649; x_wconf 87' lang='grc' dir='ltr'>γάρ</span> <span class='ocrx_word' id='word_1_100' title='bbox 1170 1544 1295 1645; x_wconf 78' lang='grc' dir='ltr'>ἦνκαὶ</span> <span class='ocrx_word' id='word_1_101' title='bbox 1322 1541 1422 1622; x_wconf 85' lang='grc' dir='ltr'>σκιά·</span> <span class='ocrx_word' id='word_1_102' title='bbox 1455 1575 1498 1620; x_wconf 93' lang='grc' dir='ltr'>νυ</span> 
     </span>
     <span class='ocr_line' id='line_1_12' title="bbox 298 1664 1501 1776; baseline -0.002 -30"><span class='ocrx_word' id='word_1_103' title='bbox 298 1668 409 1748; x_wconf 56' lang='lat' dir='ltr'>baba</span> <span class='ocrx_word' id='word_1_104' title='bbox 426 1667 542 1749; x_wconf 88' lang='grc' dir='ltr'>πάλαι</span> <span class='ocrx_word' id='word_1_105' title='bbox 561 1668 603 1749; x_wconf 86' lang='grc' dir='ltr'>δι’</span> <span class='ocrx_word' id='word_1_106' title='bbox 624 1667 842 1770; x_wconf 80' lang='grc' dir='ltr'>αἰνιγμάτων</span> <span class='ocrx_word' id='word_1_107' title='bbox 860 1669 1168 1776; x_wconf 80' lang='grc' dir='ltr'>ζωγραφούμενος,</span> <span class='ocrx_word' id='word_1_108' title='bbox 1184 1671 1203 1747; x_wconf 88' lang='grc' dir='ltr'><strong>ὁ</strong></span> <span class='ocrx_word' id='word_1_109' title='bbox 1222 1665 1390 1767; x_wconf 84' lang='grc' dir='ltr'>ἀληθινὸς</span> <span class='ocrx_word' id='word_1_110' title='bbox 1408 1664 1501 1764; x_wconf 86' lang='grc' dir='ltr'>ἀμνύ</span> 
     </span>
     <span class='ocr_line' id='line_1_13' title="bbox 331 1788 1519 1897; baseline -0.002 -25"><span class='ocrx_word' id='word_1_111' title='bbox 331 1791 373 1872; x_wconf 80' lang='grc' dir='ltr'>τὸ</span> <span class='ocrx_word' id='word_1_112' title='bbox 401 1794 551 1892; x_wconf 82' lang='grc' dir='ltr'>ἄμωμον</span> <span class='ocrx_word' id='word_1_113' title='bbox 574 1798 713 1895; x_wconf 75' lang='grc' dir='ltr'>ἱερεῖον,</span> <span class='ocrx_word' id='word_1_114' title='bbox 735 1791 821 1896; x_wconf 80' lang='grc' dir='ltr'>ὐπέρ</span> <span class='ocrx_word' id='word_1_115' title='bbox 849 1791 994 1873; x_wconf 88' lang='grc' dir='ltr'>πάντων</span> <span class='ocrx_word' id='word_1_116' title='bbox 1022 1793 1145 1895; x_wconf 78' lang='grc' dir='ltr'>ἄγεται</span> <span class='ocrx_word' id='word_1_117' title='bbox 1173 1791 1263 1895; x_wconf 82' lang='grc' dir='ltr'>πρὸς</span> <span class='ocrx_word' id='word_1_118' title='bbox 1292 1788 1454 1897; x_wconf 82' lang='grc' dir='ltr'>σφαγὴν,</span> <span class='ocrx_word' id='word_1_119' title='bbox 1473 1790 1519 1858; x_wconf 65' lang='lat'>“1</span> 
     </span>
     <span class='ocr_line' id='line_1_14' title="bbox 332 1913 1512 2022; baseline -0.002 -28"><span class='ocrx_word' id='word_1_120' title='bbox 332 1919 388 1996; x_wconf 84' lang='grc' dir='ltr'>τιύ</span> <span class='ocrx_word' id='word_1_121' title='bbox 427 1917 554 2021; x_wconf 85' lang='grc' dir='ltr'>κίσμιυ</span> <span class='ocrx_word' id='word_1_122' title='bbox 588 1915 643 2009; x_wconf 67' lang='grc' dir='ltr'>τὴν</span> <span class='ocrx_word' id='word_1_123' title='bbox 675 1919 847 2022; x_wconf 72' lang='grc' dir='ltr'>ἁμαρτίαι</span> <span class='ocrx_word' id='word_1_124' title='bbox 880 1915 1009 2022; x_wconf 82' lang='grc' dir='ltr'>ἐλάσῃ,</span> <span class='ocrx_word' id='word_1_125' title='bbox 1042 1917 1100 1996; x_wconf 85' lang='grc' dir='ltr'>ἵνα</span> <span class='ocrx_word' id='word_1_126' title='bbox 1134 1914 1198 1995; x_wconf 78' lang='grc' dir='ltr'>τὸν</span> <span class='ocrx_word' id='word_1_127' title='bbox 1229 1920 1293 2014; x_wconf 80' lang='grc' dir='ltr'>τῆς</span> <span class='ocrx_word' id='word_1_128' title='bbox 1328 1913 1512 2012; x_wconf 80' lang='grc' dir='ltr'>οίκουμέιη</span> 
     </span>
     <span class='ocr_line' id='line_1_15' title="bbox 331 2036 1519 2146; baseline -0.002 -28"><span class='ocrx_word' id='word_1_129' title='bbox 331 2037 549 2141; x_wconf 78' lang='grc' dir='ltr'>ὐλοθρευτὴν</span> <span class='ocrx_word' id='word_1_130' title='bbox 586 2038 781 2146; x_wconf 76' lang='grc' dir='ltr'>ἀνατρέψῃ,</span> <span class='ocrx_word' id='word_1_131' title='bbox 814 2040 872 2118; x_wconf 83' lang='grc' dir='ltr'>ἵνα</span> <span class='ocrx_word' id='word_1_132' title='bbox 910 2037 1122 2144; x_wconf 76' lang='grc' dir='ltr'>καταργήσῃ</span> <span class='ocrx_word' id='word_1_133' title='bbox 1157 2037 1221 2119; x_wconf 83' lang='grc' dir='ltr'>τὸν</span> <span class='ocrx_word' id='word_1_134' title='bbox 1255 2039 1419 2119; x_wconf 64' lang='grc' dir='ltr'>θάνατον’</span> <span class='ocrx_word' id='word_1_135' title='bbox 1442 2036 1519 2117; x_wconf 77' lang='grc' dir='ltr'>ὐπέ</span> 
     </span>
     <span class='ocr_line' id='line_1_16' title="bbox 330 2159 1519 2268; baseline -0.004 -25"><span class='ocrx_word' id='word_1_136' title='bbox 330 2160 476 2243; x_wconf 88' lang='grc' dir='ltr'>πάντων</span> <span class='ocrx_word' id='word_1_137' title='bbox 507 2159 709 2258; x_wconf 87' lang='grc' dir='ltr'>ἀποθανῶν,</span> <span class='ocrx_word' id='word_1_138' title='bbox 741 2163 800 2241; x_wconf 84' lang='grc' dir='ltr'>ἵνα</span> <span class='ocrx_word' id='word_1_139' title='bbox 837 2161 936 2266; x_wconf 90' lang='grc' dir='ltr'>λύσῃ</span> <span class='ocrx_word' id='word_1_140' title='bbox 968 2160 1033 2261; x_wconf 81' lang='grc' dir='ltr'>τὴν</span> <span class='ocrx_word' id='word_1_141' title='bbox 1066 2163 1123 2268; x_wconf 80' lang='grc' dir='ltr'>ἐφ’</span> <span class='ocrx_word' id='word_1_142' title='bbox 1157 2163 1240 2262; x_wconf 81' lang='grc' dir='ltr'>ἡμιν</span> <span class='ocrx_word' id='word_1_143' title='bbox 1272 2161 1439 2264; x_wconf 86' lang='grc' dir='ltr'>κατάραν,</span> <span class='ocrx_word' id='word_1_144' title='bbox 1472 2160 1519 2239; x_wconf 80' lang='grc' dir='ltr'>ἵν</span> 
     </span>
     <span class='ocr_line' id='line_1_17' title="bbox 163 2282 1519 2404; baseline -0.003 -38"><span class='ocrx_word' id='word_1_145' title='bbox 163 2291 227 2404; x_wconf 46' lang='lat'>2³⁰⁰·</span> <span class='ocrx_word' id='word_1_146' title='bbox 240 2291 274 2342; x_wconf 71' lang='lat' dir='ltr'>ffi·</span> <span class='ocrx_word' id='word_1_147' title='bbox 311 2285 514 2386; x_wconf 72' lang='grc' dir='ltr'>’παύσηται</span> <span class='ocrx_word' id='word_1_148' title='bbox 546 2283 677 2365; x_wconf 82' lang='grc' dir='ltr'>λοιπὸν</span> <span class='ocrx_word' id='word_1_149' title='bbox 704 2282 746 2365; x_wconf 86' lang='grc' dir='ltr'>τό</span> <span class='ocrx_word' id='word_1_150' title='bbox 776 2294 798 2332; x_wconf 86' lang='grc'><strong>“</strong></span> <span class='ocrx_word' id='word_1_151' title='bbox 817 2288 870 2384; x_wconf 77' lang='grc' dir='ltr'>Γῆ</span> <span class='ocrx_word' id='word_1_152' title='bbox 900 2282 933 2364; x_wconf 82' lang='grc' dir='ltr'>εἶ</span> <span class='ocrx_word' id='word_1_153' title='bbox 963 2288 1021 2366; x_wconf 78' lang='grc' dir='ltr'>καὶ</span> <span class='ocrx_word' id='word_1_154' title='bbox 1053 2291 1102 2369; x_wconf 83' lang='grc' dir='ltr'>είς</span> <span class='ocrx_word' id='word_1_155' title='bbox 1132 2289 1201 2388; x_wconf 78' lang='grc' dir='ltr'>γῆν</span> <span class='ocrx_word' id='word_1_156' title='bbox 1230 2283 1444 2388; x_wconf 85' lang='grc' dir='ltr'>ἀπελεύσῃ,”</span> <span class='ocrx_word' id='word_1_157' title='bbox 1474 2284 1519 2363; x_wconf 82' lang='grc' dir='ltr'>ἵν</span> 
     </span>
     <span class='ocr_line' id='line_1_18' title="bbox 167 2371 1509 2516; baseline 0.003 -34"><span class='ocrx_word' id='word_1_158' title='bbox 167 2371 287 2486; x_wconf 55' lang='grc' dir='ltr'>αὐτίκα.</span> <span class='ocrx_word' id='word_1_159' title='bbox 331 2410 476 2512; x_wconf 88' lang='grc' dir='ltr'>γένηται</span> <span class='ocrx_word' id='word_1_160' title='bbox 503 2406 664 2511; x_wconf 84' lang='grc' dir='ltr'>δεύτερος</span> <span class='ocrx_word' id='word_1_161' title='bbox 685 2405 815 2506; x_wconf 88' lang='grc' dir='ltr'>Ἀδάμ,</span> <span class='ocrx_word' id='word_1_162' title='bbox 835 2409 898 2487; x_wconf 89' lang='grc' dir='ltr'>οὐκ</span> <span class='ocrx_word' id='word_1_163' title='bbox 924 2407 996 2488; x_wconf 82' lang='grc' dir='ltr'>ἀπὸ</span> <span class='ocrx_word' id='word_1_164' title='bbox 1021 2413 1098 2510; x_wconf 81' lang='grc' dir='ltr'>γῆς,</span> <span class='ocrx_word' id='word_1_165' title='bbox 1117 2411 1202 2488; x_wconf 82' lang='grc' dir='ltr'>ἀλλ’</span> <span class='ocrx_word' id='word_1_166' title='bbox 1222 2409 1266 2516; x_wconf 81' lang='grc' dir='ltr'>ἐξ</span> <span class='ocrx_word' id='word_1_167' title='bbox 1291 2410 1453 2511; x_wconf 84' lang='grc' dir='ltr'>οὐρανοῦ,</span> <span class='ocrx_word' id='word_1_168' title='bbox 1473 2443 1509 2487; x_wconf 72' lang='grc' dir='ltr'>κι</span> 
     </span>
     <span class='ocr_line' id='line_1_19' title="bbox 165 2509 1513 2637; baseline 0.001 -28"><span class='ocrx_word' id='word_1_169' title='bbox 165 2509 205 2562; x_wconf 81' lang='lat'>⁴⁷&#39;</span> <span class='ocrx_word' id='word_1_170' title='bbox 332 2530 425 2636; x_wconf 75' lang='grc' dir='ltr'>ἀρχὴ</span> <span class='ocrx_word' id='word_1_171' title='bbox 457 2530 602 2632; x_wconf 88' lang='grc' dir='ltr'>γένηται</span> <span class='ocrx_word' id='word_1_172' title='bbox 637 2536 682 2635; x_wconf 79' lang='grc' dir='ltr'>τῇ</span> <span class='ocrx_word' id='word_1_173' title='bbox 714 2531 904 2632; x_wconf 82' lang='grc' dir='ltr'>ἀνθρώπου</span> <span class='ocrx_word' id='word_1_174' title='bbox 936 2531 1046 2637; x_wconf 91' lang='grc' dir='ltr'>φύσει</span> <span class='ocrx_word' id='word_1_175' title='bbox 1077 2531 1211 2617; x_wconf 80' lang='grc' dir='ltr'>παντὸς</span> <span class='ocrx_word' id='word_1_176' title='bbox 1243 2535 1392 2634; x_wconf 84' lang='grc' dir='ltr'>ἀγαθοῦ,</span> <span class='ocrx_word' id='word_1_177' title='bbox 1424 2532 1513 2611; x_wconf 91' lang='grc' dir='ltr'>λύσι</span> 
     </span>
     <span class='ocr_line' id='line_1_20' title="bbox 332 2652 1514 2761; baseline -0.001 -26"><span class='ocrx_word' id='word_1_178' title='bbox 332 2653 544 2735; x_wconf 87' lang='grc' dir='ltr'>ε’πεισάκτου</span> <span class='ocrx_word' id='word_1_179' title='bbox 572 2660 722 2760; x_wconf 81' lang='grc' dir='ltr'>φθορᾶς,</span> <span class='ocrx_word' id='word_1_180' title='bbox 745 2652 919 2758; x_wconf 82' lang='grc' dir='ltr'>πρόξενος</span> <span class='ocrx_word' id='word_1_181' title='bbox 949 2657 1089 2735; x_wconf 83' lang='grc' dir='ltr'>αἰωνίου</span> <span class='ocrx_word' id='word_1_182' title='bbox 1117 2656 1216 2760; x_wconf 80' lang='grc' dir='ltr'>ζωῆς,</span> <span class='ocrx_word' id='word_1_183' title='bbox 1239 2655 1514 2761; x_wconf 85' lang='grc' dir='ltr'>ἀναμορφῶσεω</span> 
     </span>
     <span class='ocr_line' id='line_1_21' title="bbox 303 2775 1514 2884; baseline -0.002 -24"><span class='ocrx_word' id='word_1_184' title='bbox 303 2780 396 2875; x_wconf 83' lang='grc' dir='ltr'>οτῆς</span> <span class='ocrx_word' id='word_1_185' title='bbox 414 2783 462 2861; x_wconf 83' lang='grc' dir='ltr'>είς</span> <span class='ocrx_word' id='word_1_186' title='bbox 481 2775 576 2857; x_wconf 84' lang='grc' dir='ltr'>Θεὸν</span> <span class='ocrx_word' id='word_1_187' title='bbox 595 2778 775 2875; x_wconf 83' lang='grc' dir='ltr'>ὑπόθεσις,</span> <span class='ocrx_word' id='word_1_188' title='bbox 795 2779 978 2872; x_wconf 79' lang='grc' dir='ltr'>εὐσεβείας</span> <span class='ocrx_word' id='word_1_189' title='bbox 1001 2782 1059 2858; x_wconf 79' lang='grc' dir='ltr'>καὶ</span> <span class='ocrx_word' id='word_1_190' title='bbox 1082 2776 1307 2879; x_wconf 81' lang='grc' dir='ltr'>δικαιοσύνης</span> <span class='ocrx_word' id='word_1_191' title='bbox 1326 2777 1430 2884; x_wconf 85' lang='grc' dir='ltr'>ἀρχὴ,</span> <span class='ocrx_word' id='word_1_192' title='bbox 1441 2775 1514 2858; x_wconf 75' lang='grc' dir='ltr'>ὐδὸ</span> 
     </span>
     <span class='ocr_line' id='line_1_22' title="bbox 281 2899 1514 3006; baseline 0.003 -28"><span class='ocrx_word' id='word_1_193' title='bbox 281 2924 288 2938; x_wconf 89' lang='grc'><em>·</em></span> <span class='ocrx_word' id='word_1_194' title='bbox 332 2905 381 2983; x_wconf 85' lang='grc' dir='ltr'>εὶς</span> <span class='ocrx_word' id='word_1_195' title='bbox 407 2902 601 2995; x_wconf 82' lang='grc' dir='ltr'>βασιλείαν</span> <span class='ocrx_word' id='word_1_196' title='bbox 629 2903 797 3003; x_wconf 77' lang='grc' dir='ltr'>οὐρανῶν·</span> <span class='ocrx_word' id='word_1_197' title='bbox 837 2911 859 2949; x_wconf 90' lang='lat'>“</span> <span class='ocrx_word' id='word_1_198' title='bbox 874 2899 922 2986; x_wconf 82' lang='grc' dir='ltr'>εἷς</span> <span class='ocrx_word' id='word_1_199' title='bbox 950 2901 1022 3006; x_wconf 82' lang='grc' dir='ltr'>γὰρ</span> <span class='ocrx_word' id='word_1_200' title='bbox 1051 2900 1138 3004; x_wconf 78' lang='grc' dir='ltr'>ὐπέρ</span> <span class='ocrx_word' id='word_1_201' title='bbox 1165 2901 1310 2983; x_wconf 86' lang='grc' dir='ltr'>πάντων</span> <span class='ocrx_word' id='word_1_202' title='bbox 1338 2903 1514 2982; x_wconf 73' lang='grc' dir='ltr'>ἀπέθανεν</span> 
     </span>
     <span class='ocr_line' id='line_1_23' title="bbox 332 3022 1519 3134; baseline 0.002 -33"><span class='ocrx_word' id='word_1_203' title='bbox 332 3024 450 3128; x_wconf 76' lang='grc' dir='ltr'>ἀμνύς,</span> <span class='ocrx_word' id='word_1_204' title='bbox 481 3023 572 3120; x_wconf 84' lang='grc' dir='ltr'>ὅλην</span> <span class='ocrx_word' id='word_1_205' title='bbox 599 3023 794 3128; x_wconf 81' lang='grc' dir='ltr'>ἀνασώζων</span> <span class='ocrx_word' id='word_1_206' title='bbox 825 3022 892 3126; x_wconf 77' lang='grc' dir='ltr'>τὴν</span> <span class='ocrx_word' id='word_1_207' title='bbox 924 3027 982 3106; x_wconf 82' lang='grc' dir='ltr'>ε’πὶ</span> <span class='ocrx_word' id='word_1_208' title='bbox 1015 3030 1080 3129; x_wconf 76' lang='grc' dir='ltr'>γῆς</span> <span class='ocrx_word' id='word_1_209' title='bbox 1113 3026 1249 3128; x_wconf 81' lang='grc' dir='ltr'>ἀγέλην</span> <span class='ocrx_word' id='word_1_210' title='bbox 1276 3031 1327 3134; x_wconf 76' lang='grc' dir='ltr'>τῷ</span> <span class='ocrx_word' id='word_1_211' title='bbox 1358 3030 1441 3132; x_wconf 74' lang='grc' dir='ltr'>Θεῷ</span> <span class='ocrx_word' id='word_1_212' title='bbox 1473 3059 1519 3104; x_wconf 62' lang='grc' dir='ltr'>κα</span> 
     </span>
     <span class='ocr_line' id='line_1_24' title="bbox 334 3145 1512 3257; baseline 0.001 -31"><span class='ocrx_word' id='word_1_213' title='bbox 334 3151 464 3251; x_wconf 78' lang='grc' dir='ltr'>Πατρὶ,</span> <span class='ocrx_word' id='word_1_214' title='bbox 482 3145 530 3230; x_wconf 82' lang='grc' dir='ltr'>εἷς</span> <span class='ocrx_word' id='word_1_215' title='bbox 555 3146 643 3250; x_wconf 77' lang='grc' dir='ltr'>ὐπέρ</span> <span class='ocrx_word' id='word_1_216' title='bbox 668 3146 825 3247; x_wconf 88' lang='grc' dir='ltr'>πάντων,</span> <span class='ocrx_word' id='word_1_217' title='bbox 843 3149 902 3227; x_wconf 77' lang='grc' dir='ltr'>ἵνα</span> <span class='ocrx_word' id='word_1_218' title='bbox 920 3147 1058 3233; x_wconf 90' lang='grc' dir='ltr'>πάντας</span> <span class='ocrx_word' id='word_1_219' title='bbox 1081 3149 1244 3255; x_wconf 77' lang='grc' dir='ltr'>ὑποτάξῃ</span> <span class='ocrx_word' id='word_1_220' title='bbox 1264 3154 1357 3257; x_wconf 75' lang='grc' dir='ltr'>θεῷ,</span> <span class='ocrx_word' id='word_1_221' title='bbox 1376 3147 1426 3232; x_wconf 80' lang='grc' dir='ltr'>εἷς</span> <span class='ocrx_word' id='word_1_222' title='bbox 1444 3147 1512 3228; x_wconf 80' lang='grc' dir='ltr'>ὐπὲ</span> 
     </span>
     <span class='ocr_line' id='line_1_25' title="bbox 238 3269 1505 3376; baseline 0.002 -27"><span class='ocrx_word' id='word_1_223' title='bbox 238 3358 244 3365; x_wconf 46' lang='grc'>,</span> <span class='ocrx_word' id='word_1_224' title='bbox 331 3271 488 3365; x_wconf 88' lang='grc' dir='ltr'>πάντων,</span> <span class='ocrx_word' id='word_1_225' title='bbox 507 3271 564 3365; x_wconf 85' lang='grc' dir='ltr'>ἵνα</span> <span class='ocrx_word' id='word_1_226' title='bbox 582 3269 721 3355; x_wconf 84' lang='grc' dir='ltr'>πάντας</span> <span class='ocrx_word' id='word_1_227' title='bbox 740 3269 904 3376; x_wconf 84' lang='grc' dir='ltr'>κερδαίνῃ·</span> <span class='ocrx_word' id='word_1_228' title='bbox 936 3272 994 3351; x_wconf 77' lang='grc' dir='ltr'>ἵνα</span> <span class='ocrx_word' id='word_1_229' title='bbox 1019 3271 1149 3352; x_wconf 81' lang='grc' dir='ltr'>λοιπὸν</span> <span class='ocrx_word' id='word_1_230' title='bbox 1168 3278 1201 3353; x_wconf 86' lang='grc' dir='ltr'>οἱ</span> <span class='ocrx_word' id='word_1_231' title='bbox 1225 3272 1355 3357; x_wconf 89' lang='grc' dir='ltr'>πάντες</span> <span class='ocrx_word' id='word_1_232' title='bbox 1374 3282 1395 3319; x_wconf 89' lang='lat'><strong>“</strong></span> <span class='ocrx_word' id='word_1_233' title='bbox 1408 3272 1505 3373; x_wconf 87' lang='grc' dir='ltr'>μηκέ</span> 
     </span>
     <span class='ocr_line' id='line_1_26' title="bbox 332 3392 1509 3502; baseline 0.003 -30"><span class='ocrx_word' id='word_1_234' title='bbox 332 3400 354 3439; x_wconf 80' lang='lat'>‘⁶</span> <span class='ocrx_word' id='word_1_235' title='bbox 373 3397 508 3476; x_wconf 82' lang='grc' dir='ltr'>ἑαυτοῖς</span> <span class='ocrx_word' id='word_1_236' title='bbox 546 3392 665 3495; x_wconf 88' lang='grc' dir='ltr'>ζῶσιν,</span> <span class='ocrx_word' id='word_1_237' title='bbox 699 3393 799 3474; x_wconf 88' lang='grc' dir='ltr'>ἀλλά</span> <span class='ocrx_word' id='word_1_238' title='bbox 831 3401 882 3502; x_wconf 77' lang='grc' dir='ltr'>τῷ</span> <span class='ocrx_word' id='word_1_239' title='bbox 921 3395 1008 3496; x_wconf 75' lang='grc' dir='ltr'>ὑπὲρ</span> <span class='ocrx_word' id='word_1_240' title='bbox 1046 3397 1163 3476; x_wconf 89' lang='grc' dir='ltr'>αὐτῶν</span> <span class='ocrx_word' id='word_1_241' title='bbox 1194 3394 1411 3478; x_wconf 86' lang='grc' dir='ltr'>ἀποθανόντι</span> <span class='ocrx_word' id='word_1_242' title='bbox 1448 3398 1509 3476; x_wconf 76' lang='grc' dir='ltr'>καὶ</span> 
     </span>
     <span class='ocr_line' id='line_1_27' title="bbox 332 3514 1467 3622; baseline 0.003 -28"><span class='ocrx_word' id='word_1_243' title='bbox 332 3514 541 3595; x_wconf 85' lang='grc' dir='ltr'>ἀναστάντι.</span> <span class='ocrx_word' id='word_1_244' title='bbox 583 3515 702 3615; x_wconf 78' lang='grc' dir='ltr'>ἐπειδὴ</span> <span class='ocrx_word' id='word_1_245' title='bbox 730 3516 802 3620; x_wconf 88' lang='grc' dir='ltr'>γάρ</span> <span class='ocrx_word' id='word_1_246' title='bbox 829 3516 919 3617; x_wconf 80' lang='grc' dir='ltr'>ἦμεν</span> <span class='ocrx_word' id='word_1_247' title='bbox 943 3523 981 3598; x_wconf 85' lang='grc' dir='ltr'>ἐν</span> <span class='ocrx_word' id='word_1_248' title='bbox 1006 3528 1163 3605; x_wconf 87' lang='grc' dir='ltr'>πολλαῖς</span> <span class='ocrx_word' id='word_1_249' title='bbox 1191 3520 1388 3622; x_wconf 84' lang='grc' dir='ltr'>ἁμαρτίαις,</span> <span class='ocrx_word' id='word_1_250' title='bbox 1407 3518 1467 3600; x_wconf 85' lang='grc' dir='ltr'>διά</span> 
     </span>
     <span class='ocr_line' id='line_1_28' title="bbox 298 3638 1514 3749; baseline 0.006 -33"><span class='ocrx_word' id='word_1_251' title='bbox 298 3646 437 3718; x_wconf 87' lang='grc' dir='ltr'>ι1τούτο</span> <span class='ocrx_word' id='word_1_252' title='bbox 455 3638 741 3743; x_wconf 88' lang='grc' dir='ltr'>χρεωστούμενοι</span> <span class='ocrx_word' id='word_1_253' title='bbox 759 3639 902 3749; x_wconf 81' lang='grc' dir='ltr'>θανάτιρ</span> <span class='ocrx_word' id='word_1_254' title='bbox 920 3646 978 3722; x_wconf 82' lang='grc' dir='ltr'>καὶ</span> <span class='ocrx_word' id='word_1_255' title='bbox 1000 3648 1131 3749; x_wconf 78' lang='grc' dir='ltr'>φθορᾷ,</span> <span class='ocrx_word' id='word_1_256' title='bbox 1151 3640 1301 3723; x_wconf 86' lang='grc' dir='ltr'>δέδωκεν</span> <span class='ocrx_word' id='word_1_257' title='bbox 1318 3645 1514 3746; x_wconf 88' lang='grc' dir='ltr'>ἀντίλυτρο</span> 
     </span>
     <span class='ocr_line' id='line_1_29' title="bbox 333 3761 1519 3869; baseline 0.005 -28"><span class='ocrx_word' id='word_1_258' title='bbox 333 3761 420 3865; x_wconf 79' lang='grc' dir='ltr'>ὐπέρ</span> <span class='ocrx_word' id='word_1_259' title='bbox 448 3764 550 3863; x_wconf 86' lang='grc' dir='ltr'>ἡμῶν</span> <span class='ocrx_word' id='word_1_260' title='bbox 577 3761 641 3842; x_wconf 80' lang='grc' dir='ltr'>τὸν</span> <span class='ocrx_word' id='word_1_261' title='bbox 663 3762 753 3843; x_wconf 80' lang='grc' dir='ltr'>Υίὸυ</span> <span class='ocrx_word' id='word_1_262' title='bbox 781 3766 801 3842; x_wconf 85' lang='grc' dir='ltr'><em>ὃ</em></span> <span class='ocrx_word' id='word_1_263' title='bbox 832 3763 959 3869; x_wconf 75' lang='grc' dir='ltr'>Πατὴρ</span> <span class='ocrx_word' id='word_1_264' title='bbox 988 3767 1049 3845; x_wconf 81' lang='grc' dir='ltr'>ἕνα</span> <span class='ocrx_word' id='word_1_265' title='bbox 1077 3765 1166 3866; x_wconf 75' lang='grc' dir='ltr'>ὑπὲρ</span> <span class='ocrx_word' id='word_1_266' title='bbox 1193 3766 1348 3864; x_wconf 87' lang='grc' dir='ltr'>πάντων,</span> <span class='ocrx_word' id='word_1_267' title='bbox 1370 3769 1445 3847; x_wconf 79' lang='grc' dir='ltr'>ε’πεὶ</span> <span class='ocrx_word' id='word_1_268' title='bbox 1474 3802 1519 3848; x_wconf 67' lang='grc' dir='ltr'>κα</span> 
     </span>
     <span class='ocr_line' id='line_1_30' title="bbox 331 3883 1514 3993; baseline 0.007 -28"><span class='ocrx_word' id='word_1_269' title='bbox 331 3883 451 3965; x_wconf 90' lang='grc' dir='ltr'>πάντα</span> <span class='ocrx_word' id='word_1_270' title='bbox 478 3888 515 3965; x_wconf 84' lang='grc' dir='ltr'>έν</span> <span class='ocrx_word' id='word_1_271' title='bbox 543 3888 652 3993; x_wconf 78' lang='grc' dir='ltr'>αὐτῶ,</span> <span class='ocrx_word' id='word_1_272' title='bbox 679 3891 737 3966; x_wconf 78' lang='grc' dir='ltr'>καὶ</span> <span class='ocrx_word' id='word_1_273' title='bbox 764 3887 911 3968; x_wconf 89' lang='grc' dir='ltr'>πάντων</span> <span class='ocrx_word' id='word_1_274' title='bbox 936 3890 1103 3992; x_wconf 86' lang='grc' dir='ltr'>κρείττων</span> <span class='ocrx_word' id='word_1_275' title='bbox 1126 3891 1240 3970; x_wconf 80' lang='grc' dir='ltr'>ἐστίν·</span> <span class='ocrx_word' id='word_1_276' title='bbox 1282 3889 1330 3974; x_wconf 81' lang='grc' dir='ltr'>εἷς</span> <span class='ocrx_word' id='word_1_277' title='bbox 1358 3890 1514 3973; x_wconf 89' lang='grc' dir='ltr'>ἀπέθανε</span> 
     </span>
     <span class='ocr_line' id='line_1_31' title="bbox 331 4006 1516 4123; baseline 0.008 -36"><span class='ocrx_word' id='word_1_278' title='bbox 331 4007 420 4113; x_wconf 74' lang='grc' dir='ltr'>ὐπὲρ</span> <span class='ocrx_word' id='word_1_279' title='bbox 448 4006 604 4106; x_wconf 82' lang='grc' dir='ltr'>πάντων,</span> <span class='ocrx_word' id='word_1_280' title='bbox 633 4010 690 4089; x_wconf 82' lang='grc' dir='ltr'>ἵνα</span> <span class='ocrx_word' id='word_1_281' title='bbox 719 4015 751 4089; x_wconf 86' lang='grc' dir='ltr'>οί</span> <span class='ocrx_word' id='word_1_282' title='bbox 779 4010 911 4096; x_wconf 88' lang='grc' dir='ltr'>πάντες</span> <span class='ocrx_word' id='word_1_283' title='bbox 939 4010 1104 4114; x_wconf 81' lang='grc' dir='ltr'>ζήσωμεν</span> <span class='ocrx_word' id='word_1_284' title='bbox 1131 4016 1168 4094; x_wconf 83' lang='grc' dir='ltr'>έν</span> <span class='ocrx_word' id='word_1_285' title='bbox 1197 4016 1305 4123; x_wconf 76' lang='grc' dir='ltr'>αὐτῷ·</span> <span class='ocrx_word' id='word_1_286' title='bbox 1349 4015 1516 4097; x_wconf 80' lang='grc' dir='ltr'>καταπιῶ</span> 
     </span>
    </p>
   </div>
   <div class='ocr_carea' id='block_1_3' title="bbox 331 4277 1519 4566">
    <p class='ocr_par' dir='ltr' id='par_1_3' title="bbox 331 4277 1519 4566">
     <span class='ocr_line' id='line_1_32' title="bbox 368 4277 1519 4401; baseline 0.01 -71"><span class='ocrx_word' id='word_1_287' title='bbox 368 4295 394 4342; x_wconf 84' lang='grc'>4.</span> <span class='ocrx_word' id='word_1_288' title='bbox 412 4277 556 4401; x_wconf 73' lang='grc' dir='ltr'>ἀφιγμένον</span> <span class='ocrx_word' id='word_1_289' title='bbox 567 4278 596 4346; x_wconf 80' lang='grc' dir='ltr'>έξ</span> <span class='ocrx_word' id='word_1_290' title='bbox 608 4280 722 4349; x_wconf 85' lang='grc' dir='ltr'>οὐρανῶν</span> <span class='ocrx_word' id='word_1_291' title='bbox 736 4281 768 4334; x_wconf 89' lang='grc' dir='ltr'>Β.</span> <span class='ocrx_word' id='word_1_292' title='bbox 867 4300 892 4369; x_wconf 63' lang='grc' dir='ltr'>ῃ.</span> <span class='ocrx_word' id='word_1_293' title='bbox 912 4285 926 4334; x_wconf 85' lang='grc' dir='ltr'>ὁ</span> <span class='ocrx_word' id='word_1_294' title='bbox 939 4281 1017 4351; x_wconf 79' lang='grc' dir='ltr'>αἴρων</span> <span class='ocrx_word' id='word_1_295' title='bbox 1029 4284 1074 4352; x_wconf 79' lang='grc' dir='ltr'>τὴν</span> <span class='ocrx_word' id='word_1_296' title='bbox 1086 4283 1211 4353; x_wconf 79' lang='grc' dir='ltr'>ἁμαρτίαν</span> <span class='ocrx_word' id='word_1_297' title='bbox 1222 4288 1269 4338; x_wconf 80' lang='grc' dir='ltr'>τοῦ</span> <span class='ocrx_word' id='word_1_298' title='bbox 1281 4288 1381 4356; x_wconf 87' lang='grc' dir='ltr'>κόσμου</span> <span class='ocrx_word' id='word_1_299' title='bbox 1393 4303 1519 4359; x_wconf 73' lang='lat' dir='ltr'><strong>assump</strong></span> 
     </span>
     <span class='ocr_line' id='line_1_33' title="bbox 331 4346 1494 4427; baseline 0.01 -27"><span class='ocrx_word' id='word_1_300' title='bbox 331 4364 364 4399; x_wconf 78' lang='lat' dir='ltr'>ex</span> <span class='ocrx_word' id='word_1_301' title='bbox 380 4346 410 4401; x_wconf 90' lang='lat' dir='ltr'>B.</span> <span class='ocrx_word' id='word_1_302' title='bbox 443 4359 521 4402; x_wconf 78' lang='lat' dir='ltr'>esunt</span> <span class='ocrx_word' id='word_1_303' title='bbox 533 4350 560 4402; x_wconf 90' lang='lat' dir='ltr'>in</span> <span class='ocrx_word' id='word_1_304' title='bbox 573 4351 682 4404; x_wconf 79' lang='lat' dir='ltr'>catenis.</span> <span class='ocrx_word' id='word_1_305' title='bbox 754 4352 779 4405; x_wconf 88' lang='lat'>6.</span> <span class='ocrx_word' id='word_1_306' title='bbox 796 4351 908 4407; x_wconf 74' lang='grc' dir='ltr'>Ἠσαιας</span> <span class='ocrx_word' id='word_1_307' title='bbox 920 4352 979 4420; x_wconf 77' lang='grc' dir='ltr'>ἡμῖν</span> <span class='ocrx_word' id='word_1_308' title='bbox 991 4354 1097 4408; x_wconf 81' lang='lat' dir='ltr'><strong>inverso</strong></span> <span class='ocrx_word' id='word_1_309' title='bbox 1108 4354 1201 4408; x_wconf 83' lang='lat' dir='ltr'>ordine</span> <span class='ocrx_word' id='word_1_310' title='bbox 1215 4353 1296 4410; x_wconf 83' lang='lat' dir='ltr'><strong>cord.</strong></span> <span class='ocrx_word' id='word_1_311' title='bbox 1370 4373 1412 4427; x_wconf 85' lang='lat'>13.</span> <span class='ocrx_word' id='word_1_312' title='bbox 1431 4357 1494 4412; x_wconf 81' lang='grc' dir='ltr'>ε’λιί</span> 
     </span>
     <span class='ocr_line' id='line_1_34' title="bbox 331 4415 1500 4496; baseline 0.014 -28"><span class='ocrx_word' id='word_1_313' title='bbox 331 4415 408 4484; x_wconf 78' lang='grc' dir='ltr'>ἀνέλῃ</span> <span class='ocrx_word' id='word_1_314' title='bbox 422 4436 445 4471; x_wconf 87' lang='lat' dir='ltr'>a.</span> <span class='ocrx_word' id='word_1_315' title='bbox 459 4418 539 4473; x_wconf 85' lang='lat' dir='ltr'>Cord.</span> <span class='ocrx_word' id='word_1_316' title='bbox 613 4421 655 4474; x_wconf 85' lang='lat'>26.</span> <span class='ocrx_word' id='word_1_317' title='bbox 674 4421 813 4475; x_wconf 88' lang='grc' dir='ltr'>ἀναστάντι</span> <span class='ocrx_word' id='word_1_318' title='bbox 828 4421 859 4475; x_wconf 87' lang='grc' dir='ltr'>Β.</span> <span class='ocrx_word' id='word_1_319' title='bbox 873 4423 1002 4492; x_wconf 85' lang='grc' dir='ltr'>ε’γερθέντι</span> <span class='ocrx_word' id='word_1_320' title='bbox 1015 4424 1066 4478; x_wconf 86' lang='lat' dir='ltr'>Ed.</span> <span class='ocrx_word' id='word_1_321' title='bbox 1115 4448 1155 4479; x_wconf 89' lang='grc' dir='ltr'>τοι</span> <span class='ocrx_word' id='word_1_322' title='bbox 1168 4443 1217 4496; x_wconf 85' lang='lat' dir='ltr'>pro</span> <span class='ocrx_word' id='word_1_323' title='bbox 1228 4446 1256 4480; x_wconf 89' lang='grc' dir='ltr'>τε</span> <span class='ocrx_word' id='word_1_324' title='bbox 1271 4427 1303 4481; x_wconf 89' lang='lat' dir='ltr'>B.</span> <span class='ocrx_word' id='word_1_325' title='bbox 1377 4427 1420 4481; x_wconf 80' lang='lat'>28.</span> <span class='ocrx_word' id='word_1_326' title='bbox 1440 4427 1500 4484; x_wconf 72' lang='grc' dir='ltr'>έπεὶ</span> 
     </span>
     <span class='ocr_line' id='line_1_35' title="bbox 331 4485 1130 4566; baseline 0.013 -28"><span class='ocrx_word' id='word_1_327' title='bbox 331 4485 413 4556; x_wconf 80' lang='grc' dir='ltr'>αὐτῷ]</span> <span class='ocrx_word' id='word_1_328' title='bbox 428 4489 469 4541; x_wconf 79' lang='grc' dir='ltr'>καί</span> <span class='ocrx_word' id='word_1_329' title='bbox 480 4490 575 4545; x_wconf 85' lang='grc' dir='ltr'>πάντας</span> <span class='ocrx_word' id='word_1_330' title='bbox 588 4490 615 4544; x_wconf 75' lang='grc' dir='ltr'>ἓν</span> <span class='ocrx_word' id='word_1_331' title='bbox 627 4492 695 4563; x_wconf 80' lang='grc' dir='ltr'>αὐτῷ</span> <span class='ocrx_word' id='word_1_332' title='bbox 709 4493 763 4547; x_wconf 78' lang='grc' dir='ltr'>ἐπεὶ</span> <span class='ocrx_word' id='word_1_333' title='bbox 778 4492 810 4545; x_wconf 89' lang='grc' dir='ltr'>Β.</span> <span class='ocrx_word' id='word_1_334' title='bbox 864 4495 957 4549; x_wconf 83' lang='grc' dir='ltr'>πάντες</span> <span class='ocrx_word' id='word_1_335' title='bbox 970 4495 1082 4566; x_wconf 79' lang='lat' dir='ltr'><strong>conjecit</strong></span> <span class='ocrx_word' id='word_1_336' title='bbox 1096 4495 1130 4549; x_wconf 91' lang='lat' dir='ltr'>D.</span> 
     </span>
    </p>
   </div>
   <div class='ocr_carea' id='block_1_4' title="bbox 0 0 1524 5018">
    <p class='ocr_par' dir='ltr' id='par_1_4' title="bbox 0 0 1524 5018">
     <span class='ocr_line' id='line_1_36' title="bbox 0 0 1524 5018; baseline 0 0"><span class='ocrx_word' id='word_1_337' title='bbox 0 0 1524 5018; x_wconf 95' lang='lat' dir='ltr'> </span> 
     </span>
    </p>
   </div>
  </div>
 </body>
</html>
