3038 5018
249 293 315 357 408
552 292 591 360 B.
615 293 827 361 CYRILLI
857 291 1145 361 ALEXANDR.
1303 292 1360 356 τί.
1373 305 1452 375 5-7.

250 467 273 504 ‘⁶
290 436 465 555 ο’ίδαμεν,”
483 458 589 544 αὐτὸς
614 460 653 540 δὲ
676 461 793 563 ὀρίγει
816 459 1029 565 προλαβὼν,
1050 459 1141 562 ἅπερ
1167 460 1259 557 ἡμᾶς
1283 461 1333 541 εἰς
1357 454 1454 559 ζωὴν

250 579 392 684 συνέχει
413 581 478 680 τὴν
496 583 648 665 αἰώνων.

308 701 409 805 Λόγοι
428 705 547 786 τοίνυν
561 710 642 813 πρός
660 710 829 788 Φίλιπποι
848 705 946 789 Πόθιι
964 704 1177 816 ἀγιράσιμεν
1195 702 1332 810 όόρτουες
1357 701 1457 780 διατί

252 824 342 928 πρὸς
370 827 566 926 Φίλιππον,
591 829 705 910 καίτοι
731 837 804 910 τῶν
829 830 957 911 ἄλλων
980 826 1302 931 συμπαρεστῶτων
1325 858 1363 903 τε
1391 825 1453 902 καί

252 951 618 1054 προσκαρτερούντων
642 955 738 1060 αὐτῷ
765 960 946 1054 μαθητῶν,
964 956 1160 1054 ἀναγκαῖον
1184 957 1280 1030 ἰδεῖν.
1321 949 1485 1029 οῦκοῦν5

253 1071 435 1174 ζητητικὸς
459 1074 524 1172 μὲν
545 1078 565 1155 ό
590 1077 774 1162 Φίλιππος
796 1083 854 1157 καί
879 1075 1095 1181 φιλομαθὴς,
1116 1075 1201 1181 ὀξῦς
1228 1072 1267 1153 δὲ
1294 1073 1337 1151 οὐ
1366 1072 1453 1149 λίαν

220 1202 302 1280 ᾶείς
327 1195 370 1277 τό
393 1196 570 1279 δύνασθαι
594 1201 752 1281 συνιέναι
777 1206 914 1304 θερμῶς
938 1198 984 1279 τὰ
1009 1200 1302 1301 θεοπρεπέστερα.
1343 1202 1453 1273 τοῦτο

254 1320 290 1400 δ’
310 1318 355 1400 εἰν
372 1321 508 1419 μάθοις,
527 1325 636 1402 ε’κείνο
662 1323 753 1404 κατὰ
777 1322 915 1404 σαυτὸν
939 1320 1258 1424 ἀναλογισάμενος,
1278 1319 1333 1398 ότι
1358 1316 1450 1422 χρό-

254 1477 335 1527 νους
353 1442 605 1543 ἀκολουθήσας
623 1451 675 1552 τῷ
693 1451 833 1549 Σωτῆρι
851 1445 1017 1548 μακροῦς,
1037 1448 1095 1526 καί
1112 1444 1283 1527 ποικίλως
1302 1441 1348 1521 τοί
1370 1447 1453 1544 περὶ

252 1569 317 1665 τῆς·
335 1567 499 1668 θεότητος
517 1571 625 1649 αῦτοῦ
643 1571 839 1671 συλλέγων
856 1569 1065 1670 μαθήματα,
1092 1571 1149 1647 καί
1171 1565 1455 1664 πλουσιωτάτην
1470 1593 1506 1634 10

253 1688 312 1769 διά
344 1724 384 1770 τε
411 1693 634 1794 πραγμάτων
661 1697 720 1774 καὶ
753 1694 875 1796 λόγων
902 1691 1142 1796 ἐρανιζόμενος
1174 1692 1226 1771 ἐπ’
1257 1691 1354 1797 αὐτῷ
1386 1686 1454 1787 τὴν

75 1917 78 1923 .
253 1811 471 1920 κατάληψιν,
489 1818 537 1899 ὡς
555 1814 655 1897 οῦδὲν
674 1819 773 1897 οὕτω
791 1815 926 1914 μαθὼν,
945 1819 982 1896 ἐν
1001 1815 1214 1897 τελευταίοις
1233 1817 1296 1912 τῆς
1315 1819 1454 1892 οἰκονο-

83 1932 168 2049 ἐξῇ
252 1938 336 2038 μίας
354 1944 486 2042 καιροῖς
504 1936 600 2042 λε’γει
616 1938 707 2042 πρὸς
727 1938 790 2020 τόν
807 1941 952 2041 Ἰησοῦν
972 1950 992 1987 “
1009 1937 1129 2042 Κόριε,
1148 1936 1266 2043 δεῖξον
1284 1937 1370 2036 ἡμῖν
1389 1934 1455 2016 τὸν

222 2071 275 2131 θ“
294 2062 450 2167 Πατέρα,
478 2066 538 2143 καί
564 2065 667 2166 ἀρκεῖ
690 2064 808 2163 ἡμῖν·”
851 2065 936 2143 ἀλλ’
966 2065 1014 2146 ὣς
1042 2059 1249 2161 ἀκακοήθως
1277 2057 1386 2139 εἰπὼν
1413 2061 1455 2138 εὖ

84 2197 157 2264 1b·9·
251 2182 353 2285 μάλα
388 2185 665 2284 μετεπαιδεῦετο·
703 2198 725 2235 “
742 2193 931 2267 Τοσοῦτον
961 2185 1033 2289 γὰρ
1069 2184 1200 2290 χρόνον
1236 2182 1317 2283 μεθ’
1353 2186 1454 2282 ῦμῶν
1471 2215 1504 2273 ¹5

252 2316 275 2356 ‘⁴
293 2313 373 2405 εἰμι,
392 2313 450 2388 καί
469 2311 533 2389 οῦκ
558 2309 715 2411 ἔγνωκάς
736 2344 781 2408 με
800 2308 989 2408 Φίλιππε,”
1011 2311 1127 2415 φησὶν
1146 2309 1166 2387 ό
1185 2306 1362 2409 Χριστός.
1403 2306 1454 2390 ὡς

235 2431 314 2511 ὀῦν
332 2431 519 2540 παχυτέριρ
537 2432 627 2536 πρὸς
646 2431 783 2534 νόησιν,
801 2438 858 2513 καί
882 2431 1105 2535 βραδύτερόν
1121 2465 1199 2514 πως
1224 2430 1316 2532 ἤπερ
1341 2433 1455 2534 ἐχρῆν

250 2552 341 2656 πρὸς
375 2554 442 2654 τὴν
472 2562 545 2635 τῶν
575 2556 761 2659 θειοτέραν
795 2555 883 2637 ἰόντι
920 2555 1140 2660 κατάληψιν,
1172 2555 1349 2658 προτείνει
1384 2550 1456 2652 τὴν

249 2685 389 2775 πεῦσιν,
426 2677 614 2782 γυμνάζων
650 2685 701 2764 εἰς
740 2682 866 2760 πίστιν
902 2678 966 2759 τὸν
1001 2676 1175 2778 μαθητήν.
1232 2684 1339 2757 τοῦτο
1379 2674 1458 2778 γάρ

249 2802 418 2900 σημαίνει
444 2800 487 2881 τό
507 2801 674 2911 Πειράζωι
693 2806 730 2881 ἐν
748 2800 897 2900 τούτοις,
916 2806 945 2882 εἰ
968 2804 1027 2882 καί
1049 2799 1209 2904 καθάπερ
1234 2802 1254 2880 ὁ
1278 2798 1457 2902 μακάριος
1470 2832 1505 2875 20

251 2921 526 3027 Εῦαγγελιστὴς
544 2925 794 3030 διισχυρίσατο
812 2924 920 3012 Αὐτός
938 2924 976 3005 δὲ
996 2920 1061 3036 ᾔθει
1080 2924 1114 3004 τί
1132 2925 1259 3030 ἰμελλι
1277 2927 1396 3004 ποιεῖν.

303 3047 358 3127 Τὸ
387 3049 430 3127 δέ
455 3045 550 3129 Πόθεν
578 3047 788 3156 ιἰγοράσιμεν
816 3049 945 3149 λε’γων,
971 3054 1042 3128 τῶν
1071 3045 1256 3127 συνόντων
1283 3048 1384 3154 αὐτῷ
1413 3045 1457 3128 τί)

82 3195 145 3254 2‘1'7
154 3194 194 3252 Δ.
219 3170 556 3277 α’άφιλοχρῆματον,
580 3176 638 3253 καί
665 3171 732 3271 τὴν
759 3172 923 3253 ἑκούσιον
951 3168 1010 3250 διὰ
1037 3167 1133 3250 Θεὸν
1160 3170 1342 3274 πτωχείαν
1370 3172 1453 3251 ε’πι·

248 3293 405 3393 δεικνύει,
425 3297 501 3375 οὐδ’
521 3295 611 3375 ὅσον
629 3301 677 3381 εἰς
704 3293 747 3375 τό
774 3296 951 3398 πρίασθαι
979 3291 1042 3378 τοίς
1069 3292 1266 3394 ἀναγκαίας
1293 3291 1458 3398 ἐχόντων

248 3415 398 3523 τροφάς.
441 3420 531 3516 ὁμοῦ
559 3418 603 3497 δέ
624 3453 659 3499 τι
686 3417 801 3526 τοῦπερ
827 3414 1120 3521 προσεργάζεται,
1147 3419 1207 3495 καί
1234 3413 1295 3496 διὰ
1324 3417 1457 3523 τέχνης
1470 3449 1504 3507 ²5

249 3546 436 3640 οἰκονομεῖ.
487 3539 530 3620 τὸ
557 3542 629 3644 γάρ
659 3539 768 3639 Πόθεν,
796 3543 839 3621 οῦ
865 3538 993 3641 μάτην,
1022 3543 1070 3624 ὡς
1101 3537 1192 3643 πρὸς
1225 3537 1328 3619 οὐδὲν
1357 3541 1457 3628 ὅλως

247 3661 512 3766 ε’πικομίζεσθαι
543 3663 823 3765 μελετήσαντας,
851 3661 952 3743 ἀλλὰ
982 3665 1041 3743 καί
1070 3669 1119 3748 εἰς
1151 3663 1262 3765 ἄκρον
1290 3666 1456 3770 ἀφιλαρ-

247 3794 369 3892 γυρείν
386 3787 605 3888 εἰθισμένους
631 3788 757 3894 φησίν.
800 3786 1022 3870 ἀποκλείσας
1039 3784 1083 3886 δὴ
1101 3787 1164 3865 οὖν
1183 3790 1242 3866 καὶ
1260 3786 1457 3886 άποτεμῦιν

234 3908 499 4018 ἐὐφυεστάταις
526 3907 592 4010 τὴν
615 3912 669 3989 ἐπ’
694 3909 863 4015 άργῦροις
889 3911 1030 4007 ἐλπίδα,
1058 3911 1248 4015 μονονουχὶ
1275 3911 1335 3989 καὶ
1365 3912 1451 3991 ἀνα-

282 4088 310 4138 4.
327 4073 553 4141 συμπαρεστῶτων
567 4070 637 4126 B.D.
648 4073 823 4141 παρεστώτοιν
835 4068 887 4123 Ed.
978 4082 1003 4140 7.
1022 4067 1149 4124 δῦνασθαι
1161 4086 1215 4124 om.
1229 4067 1262 4123 Β.
1296 4063 1299 4069 ’
1351 4085 1395 4126 11.
1413 4070 1455 4126 ὄπ’

246 4141 391 4214 οῦτῷΒθ)
404 4158 459 4212 mg.
473 4141 525 4195 Ed.
537 4159 593 4212 mg.
606 4149 637 4195 ut
648 4160 675 4196 v.
688 4142 707 4195 l.
721 4143 802 4212 ἐαυτῷ
816 4140 852 4194 D.
866 4138 917 4195 Ed.
1021 4153 1063 4210 15.
1082 4142 1209 4194 τοσοῦτον
1220 4148 1248 4194 et
1258 4140 1358 4210 χρόνον
1371 4140 1405 4194 Β.
1419 4141 1455 4195 cs.

247 4227 329 4282 cupra
342 4211 395 4267 260
406 4228 430 4264 a.
444 4210 560 4283 τοσοῦτῳ
573 4213 622 4283 γὰρ
634 4214 720 4283 χρόνῳ
733 4209 784 4266 Ed.
797 4210 847 4282 γάρ
860 4228 913 4265 om.
929 4209 962 4264 Β.
1179 4223 1221 4281 17.
1238 4208 1406 4281 βραχύτερον
1421 4212 1456 4266 Β.

247 4320 290 4361 20.
308 4293 434 4376 σημαίνῦθ
445 4310 481 4378 τῷ
497 4307 529 4360 Β.
631 4321 674 4372 24.
692 4305 845 4376 ἀναγκαίους
858 4303 891 4358 Β.
974 4374 979 4386 Ι
997 4302 1039 4358 26.
1059 4304 1089 4358 οῦ
1101 4303 1196 4386 μάτην]
1209 4304 1317 4388 conjici}
1329 4306 1363 4358 οῦ
1374 4309 1457 4374 μόνον

246 4374 275 4430 D
288 4393 343 4445 mg.
356 4376 403 4429 ned
416 4377 522 4430 frustra.
655 4391 697 4445 27.
716 4377 795 4445 ἄκρον
809 4375 841 4430 Β.
854 4375 935 4516 ἇγηὸν
947 4375 1009 4442 (εις)
1023 4374 1060 4428 Ι).
1073 4392 1119 4446 qm
1131 4373 1198 4446 ἄγαν
1209 4384 1324 4463 οορμοιι
1336 4375 1413 4431 unde
1424 4388 1458 4432 ut

245 4444 428 4569 ᾝοῑῐέἀὸγαν
441 4446 492 4500 Ed.
584 4463 627 4516 29.
645 4446 886 4517 εὖφυεστιίτωςτην
912 4445 1092 4515 εὐφυεστάτην
1106 4445 1138 4498 Β.
1186 4445 1309 4517 ἀργυροις
1323 4445 1359 4500 Β.
1372 4447 1457 4518 ιίργο·

298 4537 310 4570 ς
367 4555 373 4569 .
