3038 5018
103 306 169 372 viii.
187 325 237 393 15,
255 311 303 376 16.
347 311 404 375 IN
435 311 469 376 S.
493 309 748 375 JOANNEM.
795 308 890 373 LIB.
907 310 947 372 V.
993 306 1095 372 CAP.
1120 305 1167 370 11.
1236 303 1298 367 ⁷21

102 473 162 553 διὰ
186 474 252 575 τὴν
274 475 393 581 σάρκα
418 478 461 557 τὸ
486 475 597 577 μηδὲν
617 474 708 557 εἷναί
731 512 775 575 με
803 474 1004 579 λογίζεσθε,
1021 479 1080 554 καὶ
1108 471 1166 552 διὰ
1193 479 1333 552 τοῦτοὸ

101 600 341 700 κατεκρίνατε·
371 599 442 703 ἐγὼ
462 600 499 681 δὲ
517 602 583 706 οὐχ
603 603 696 681 οὕτω
719 599 939 702 λελόγισμαι
962 602 1042 702 περὶ
1070 598 1179 694 ὑμῶν,
1198 592 1300 676 ἀλλά

101 753 137 798 τι
158 720 252 823 μέγα
270 726 329 803 καὶ
346 725 463 824 τίμιον
478 729 602 830 χρῆμα
625 723 689 804 τὸν
707 725 908 826 ἄνθρωπον,
927 728 956 802 εἰ
981 725 1038 802 καὶ
1061 720 1208 823 γέγονεν
1227 718 1299 799 άπὸ

101 847 179 945 γῆς,
209 846 456 947 ἐπιστάμενος·
498 848 612 929 καίτοι
640 846 733 934 Θεὸς
762 848 932 953 ὑπάρχων
959 844 1145 945 ἀληθινὸς,
1176 845 1235 924 καὶ
1262 846 1300 924 ε’ν

70 990 88 1051 5
102 975 227 1074 μορφη
246 973 499 1074 γεγεννηκότος
516 1007 561 1072 με
577 970 733 1075 Πατρὸς,
748 970 900 1072 ε’μαυτὸν
914 972 1136 1050 ἐταπείνωσα
1154 963 1300 1072 μορφὴν

102 1091 234 1173 δούλου
253 1095 390 1193 λαβὼν,
409 1100 468 1176 καὶ
487 1096 676 1199 ἅνθρωπος
697 1096 868 1197 γεγονός·
899 1090 1005 1202 ε’φ’ᾦ
1031 1092 1075 1193 δὴ
1101 1095 1176 1172 νυνὶ
1201 1091 1300 1199 μόνιρ

102 1218 358 1322 κατακρίνομαι
388 1220 473 1323 παρ’
505 1223 615 1320 ὑμῶν,
648 1220 763 1301 καίτοι
797 1220 926 1323 κρίνων
958 1215 1064 1304 αὐτὸς
1095 1219 1153 1297 ε’πὶ
1184 1217 1301 1324 τούτῳ

101 1342 246 1439 μηδένα.
295 1353 354 1424 καὶ
384 1344 440 1425 ἑὸν
470 1351 560 1452 κρίνω
588 1343 666 1447 ἒγῶ,
692 1350 710 1440 ἦ
739 1348 844 1451 κρίσις
872 1348 889 1438 ἡ
915 1342 976 1449 ἑμὸ
1006 1343 1123 1422 δικαία
1146 1343 1216 1422 ἐστὶ
1242 1344 1301 1420 καὶ

100 1462 233 1563 ian-166,
253 1466 300 1548 ’ότι
319 1471 415 1573 μόνος
436 1473 494 1550 οὐκ
514 1477 593 1576 εἰμὶ,
611 1475 695 1548 ἀλλ’
717 1468 785 1571 ε’γῶ
805 1478 864 1549 καὶ
886 1461 1079 1571 όπέμψας
1098 1500 1144 1571 με
1164 1467 1287 1570 Πατήρ.
1313 1489 1330 1532 0

52 1619 90 1661 10
157 1650 179 1686 „
193 1585 277 1693 'Ap‘
298 1592 371 1690 οὖν,
390 1594 464 1696 ε’ρεῖ
481 1627 537 1677 τις
557 1590 668 1699 τυχὸν
686 1600 759 1673 τῶν
776 1592 946 1672 τάναντία
962 1597 1036 1675 τοῖς
1055 1594 1119 1689 τῆς
1137 1591 1297 1688 Ἐκκλη-

101 1772 124 1810 ,,
142 1713 226 1798 σίας
258 1716 489 1821 φρονούντων
518 1715 691 1819 δόγμασι,
719 1715 777 1797 διὰ
806 1724 912 1796 τοῦτο
941 1717 1001 1795 καὶ
1031 1712 1143 1814 μόνον
1173 1712 1302 1815 κρίνειν

101 1838 257 1940 ,ὀρθῶς
280 1837 374 1920 οἶδεν
395 1842 415 1919 ό
437 1839 535 1937 Υἱὸς,
554 1843 697 1942 ἐπείπερ
724 1842 820 1947 αὐτῷ
845 1847 951 1920 τοῦτο
977 1841 1106 1942 δρῶντι
1130 1836 1303 1916 σύνεστιν

101 1963 162 2060 „6
189 1961 318 2065 Πατήρ
330 1997 341 2061 ;
375 1963 503 2044 τούτου
528 1962 566 2045 δὲ
591 1967 676 2071 τῇδε
698 1964 868 2062 κειμένου,
888 1966 946 2043 καὶ
971 1963 1117 2068 ἔχοντος
1141 1965 1300 2060 άληθῶς,

102 2145 124 2182 ,,
142 2085 181 2164 τί
195 2085 326 2167 λοιπόν
343 2091 422 2168 ἐστι
439 2086 481 2168 τὸ
500 2090 701 2169 διακωλόον
719 2093 829 2169 εἰπεῖν
847 2087 905 2167 διὰ
921 2090 1059 2186 βουλῆς
1077 2094 1143 2165 τοῦ
1156 2083 1302 2186 Πατρός

52 2230 89 2291 ¹5
101 2269 123 2306 „
141 2212 464 2316 πηδαλιουχεῖσθαι
481 2211 616 2315 τρόπον
633 2209 712 2292 τινά
731 2211 823 2315 πρὸς
842 2210 1020 2314 ὀρθότητα
1037 2209 1101 2290 τὸν
1114 2207 1216 2308 Υίὸν,
1238 2210 1302 2289 οὐκ

102 2394 123 2430 ,,
144 2333 273 2438 ἔχοντα
289 2343 396 2416 τοῦτο
414 2338 568 2435 τελείως,
586 2334 610 2436 ἢ
629 2338 686 2417 καὶ
706 2335 935 2440 ἀνεγκλήτως
953 2333 1149 2433 δυνάμενον
1166 2367 1299 2436 κατορ-

100 2517 124 2555 ,,
143 2461 231 2538 θοῦν
249 2459 293 2566 ἐξ
309 2462 435 2540 ἑαυτοῦ
451 2460 486 2558 ;”

156 2582 209 2661 Τί
232 2584 296 2662 οὖν
318 2584 389 2686 ἄρα
417 2586 476 2663 καὶ
503 2585 602 2685 ἡμεῖς
630 2591 704 2668 τοῖς
730 2583 815 2685 παρ’
833 2582 974 2663 ἐκείνων
994 2584 1207 2684 όντερούμεν
1231 2580 1296 2661 λό-

101 2739 181 2807 γοις
191 2738 202 2803 ;
235 2705 414 2802 δυσσεβὲς
436 2705 594 2806 ὑμῶν,ῶ
616 2707 723 2805 οὗτοι,
741 2704 783 2787 τὸ
807 2704 986 2814 φρόνημα,
1005 2708 1064 2785 καὶ
1079 2703 1205 2805 μόναις
1222 2712 1300 2788 ταῖς

50 2858 90 2900 ²0
100 2828 283 2910 Ἰουδαίων
301 2830 483 2916 ἀπουσίαις
502 2831 557 2910 ότι
574 2833 739 2931 μάλιστα
756 2829 1072 2934 πρεπωδέστατον·
1102 2826 1232 2932 οὐγὰρ
1251 2831 1334 2912 ὡςδ

101 2955 165 3035 οὐκ
189 2954 282 3059 ἔχων
305 2951 348 3035 τὸ
372 2956 489 3034 δίκαια
512 2956 641 3059 κρίνειν
660 2955 704 3062 ἐξ
726 2954 851 3035 ἑαυτοῦ
877 2953 1064 3050 δύνασθαι,
1083 2951 1129 3032 τὰ
1154 2952 1300 3032 τοιαῖπά

101 3085 219 3183 φησιν
237 3079 257 3158 6
275 3078 377 3162 Υἱός·
407 3077 687 3181 ἐπιμαρτυρήσει
704 3076 776 3181 γάρ
795 3079 891 3183 αὐτῷ
913 3077 1030 3178 λέγων
1049 3078 1107 3156 καὶ
1132 3079 1153 3155 6
1177 3086 1296 3183 μελῳ·

101 3204 162 3287 δὸς
190 3204 235 3282 ε’ν-
250 3201 434 3302 Πνεάματι
456 3213 478 3249 “
490 3204 539 3282 Ὁ
559 3202 653 3286 Θεὸς
676 3200 797 3305 κριτὴς
821 3199 987 3286 δίκαιος.”
1029 3199 1084 3280 ότι
1111 3199 1150 3280 δὲ
1177 3197 1299 3302 κριτὴς
1345 3200 1389 3316 f:

101 3325 218 3427 ἕτερος
236 3322 321 3429 παρ’
341 3325 449 3405 αὐτὸν
467 3326 589 3422 οὐδεὶς,
608 3322 714 3409 αὐτὸς
738 3329 978 3427 είσδραμεῖται
1002 3322 1139 3425 μάρτυς
1162 3325 1246 3424 ἡμῖν
1262 3325 1299 3400 ἐν

50 3478 89 3540 25
102 3447 322 3552 εὐαγγελίοις
341 3449 450 3530 εἶπάν
467 3460 489 3497 “
504 3448 601 3529 Οὐδὲ
619 3448 692 3552 γὰρ
710 3451 730 3529 6
751 3446 881 3551 Πατὴρ
905 3448 1013 3553 κρίνει
1037 3449 1177 3545 οὐδένα,
1199 3446 1299 3526 ἀλλὰ
1345 3435 1461 3551 {2¹¹²ss

1398 3198 1439 3249 vii.

102 3583 124 3620 “
141 3580 267 3654 πᾶσαν
287 3570 354 3673 τὴν
371 3574 492 3677 κρίσιν
511 3573 639 3653 δέδωκε
657 3578 708 3682 τῷ
726 3570 840 3680 Υίῷ.”
875 3569 945 3675 ἆρα
963 3573 1026 3653 οὖν
1045 3575 1093 3657 ὡς
1111 3573 1176 3651 οὐκ
1194 3573 1299 3652 εἰδότι

101 3699 231 3798 κρίνειν
248 3698 364 3798 ὀρθῶς
389 3697 456 3798 τὴν
473 3697 595 3800 κρίσιν
614 3697 764 3777 δέδωκεν
782 3698 802 3775 6
826 3695 919 3781 Θεὸς
943 3699 1003 3776 καὶ
1027 3693 1178 3797 Πατήρ;
1211 3697 1297 3774 ἀλλ’

101 3817 199 3921 οἶμαι
226 3825 291 3921 τῆς
318 3823 474 3902 άπασῶν
496 3819 653 3926 ἐσχάτης
678 3822 848 3904 ἀπονοίας
873 3821 952 3920 δοίη
975 3854 1028 3904 τις
1052 3818 1098 3898 διν
1119 3816 1162 3898 τὸ
1187 3821 1330 3902 οὐτωςο
1432 3878 1434 3885 1

140 4009 164 4046 1.
183 4014 216 4060 με
229 3999 397 4062 assumptum
410 4009 443 4046 ex
456 4008 480 4047 α.
635 4007 660 4061 3.
679 3988 778 4061 χρῆμα]
795 3995 824 4054 -Ι-
839 3985 902 4044 εἶνοι
914 4007 929 4044 e
942 3988 1002 4044 Cat.
1014 3987 1085 4043 Aub.
1099 3984 1162 4042 εἶναι
1174 3989 1262 4058 χρῆμα
1274 4005 1298 4041 a.

102 4075 129 4132 5.
147 4084 180 4131 με
193 4070 362 4204 ιιρειιιπηὶιιω
375 4080 407 4116 ex
421 4062 454 4116 B.
503 4061 783 4151 ίμοιηδνίταπείνωσα
796 4060 848 4150 λου
860 4059 953 4149 ord}ne
966 4059 1025 4151 13:21.
1053 4129 1059 4141 .
1121 4057 1147 4113 6.
1165 4059 1301 4140 νυνὶιμόνφ

103 4154 285 4215 κατακριυοραι
310 4132 351 4186 καὶ
361 4135 625 4258 ρόνγγκατακρινομαι
638 4149 715 4187 νννιι.
779 4144 805 4202 7.
818 4132 860 4185 επὶ
872 4153 954 4220 τουγερ
965 4131 1041 4186 οντδς
1052 4146 1158 4183 lnvemo
1171 4128 1264 4183 ordme
1275 4147 1300 4184 a.

102 4201 462 4397 {kygzlssnuz-‘lffissdm
474 4297 505 4329 ου
517 4274 563 4327 οὐκ
576 4274 627 4398 (gul
639 4274 701 4342 (sic)
715 4273 767 4398 Β.δ
789 4349 801 4362 Α
858 4270 982 4397 Βῐοῂῗρζ
992 4271 1049 4325 Bm·
1063 4271 1153 4395 {0152
1166 4267 1217 4339 δρα
1228 4269 1301 4394 Λῧιιί)ιῖ

102 4367 183 4469 ἶχιίν
189 4366 376 4470 Θῗίὲθίαπω
388 4354 676 4485 Μπαίδωδίὸίίιιίικκρίνειν]
690 4360 862 4484 δίάκρίίιῗίάια.
884 4383 891 4397 ⁶
947 4382 954 4397 ⁸
968 4360 1182 4537 ἵθίντθευῶωρῒα
1195 4357 1251 4480 δοίη
1259 4364 1302 4468 uz

103 4485 183 4611 666¹
201 4484 245 4548 B„
257 4487 289 4540 τὸ
307 4503 339 4540 ατ
359 4485 418 4540 aa.
436 4485 591 4556 διητήοοντο
608 4485 670 4557 (sic)
686 4485 743 4548 Hc„
757 4484 830 4558 quod
848 4502 902 4539 om.
916 4495 979 4539 cum
998 4482 1056 4538 Cat.
1068 4493 1099 4536 ut
1117 4500 1133 4536 ι
1153 4491 1227 4537 notat
1244 4483 1302 4553 ipse

130 4574 148 4610 u
170 4598 177 4611 .

147 4656 217 4704 τοι.
234 4658 256 4702 1.
682 4660 704 4724 4
718 4659 735 4702 z

462 4205 539 4272 κρίνω
557 4203 587 4256 δέ
603 4205 697 4274 φησιν,
711 4200 809 4271 ἆληθίης
827 4202 899 4257 ι’στιν
917 4225 932 4270 η
950 4202 1035 4268 κρίσις
1052 4222 1111 4267 μου,
1126 4199 1166 4253 ὅτι
1184 4200 1230 4252 οὐκ
1249 4199 1300 4265 είμὶ
