3038 5018
247 304 311 366 218
508 374 514 383 ,
551 301 589 364 Β.
614 302 822 367 CYRILLI
852 303 1139 368 ALEXANDR.
1315 298 1404 379 iii.4,
1417 313 1450 379 5.

249 580 325 644 Πώο
353 578 487 645 δύναται
516 581 689 669 ἀνθρωποε
718 590 908 656 τεννιιθιίναι
936 584 1041 672 τὲρων
1065 581 1133 662 ὧν,
1169 579 1211 656 μιί
1241 579 1375 643 δύναται
1402 571 1452 642 είε

301 707 359 772 τιίν
387 705 512 771 κοιλίαν
536 715 593 772 τθο
620 711 742 796 μιιτράε
770 710 869 774 αὐτοῦ
898 708 1050 797 δεύτερον
1077 702 1234 772 εἰσελθεῖν
1259 704 1311 769 καί
1339 724 1452 777 τεννιι-

219 834 237 892 5
302 834 416 912 θιῖναι,
457 832 615 920 ἀπεκρίθιι
639 835 777 899 Ἰιιοοῡε.

304 1030 517 1135 Ἐλέγχεται
542 1031 600 1112 διά
623 1032 758 1113 τοιίτων
780 1025 935 1139 ψυχικὸν
960 1030 1010 1113 (δν
1032 1033 1082 1114 ἔτι
1109 1036 1128 1113 ὁ
1155 1029 1369 1130 Νικόδημον,
1392 1028 1453 1108 διαί

85 1163 200 1289 {40⁰ssfi·
250 1190 287 1234 τε
307 1165 411 1235 τοῦτο
431 1155 618 1260 δεχόμενοι·
637 1159 801 1256 οὐδαμῶν
820 1155 898 1236 “τά
920 1166 984 1237 τοιῖ
1005 1157 1213 1268 Πνεύματος
1234 1163 1298 1234 τοῦ
1318 1152 1486 1247 Θεοῦ·”5

116 1265 121 1276 ⁸
217 1291 237 1356 <1
249 1280 385 1382 μωρίαν
415 1279 486 1381 γάρ
519 1277 604 1360 εἶναι
640 1282 768 1384 νομίζει
800 1280 842 1360 τὸ
875 1279 1012 1360 σεπτὸν
1043 1282 1135 1360 οὕτω
1169 1283 1226 1358 καῖ
1259 1275 1454 1381 περιφανὲς

249 1400 458 1503 μυστήριον.
499 1404 651 1505 γέννησιν
670 1404 707 1483 δὲ
726 1404 865 1484 ἀκούων
883 1404 949 1504 τὴν
967 1405 1102 1486 ἀνωθεν
1122 1405 1179 1483 καῖ
1196 1398 1451 1499 πνευματικὴν,

249 1523 457 1624 σωματικὴν
494 1525 543 1606 έτι
584 1529 747 1631 γαστερα
790 1527 1003 1634 φαντάζεται
1045 1531 1365 1629 παλινδρομοῦσαν
1402 1531 1454 1605 είς

251 1654 358 1729 ὠδῖνα
377 1657 448 1729 τῶν
466 1650 533 1750 ἤδη
553 1652 828 1753 γεγεννημένων,
847 1655 904 1732 καῖ
923 1651 985 1731 τὸν
1005 1657 1068 1750 τῆν
1087 1654 1170 1731 καθ’
1191 1652 1282 1749 ἡμᾶς
1306 1650 1457 1754 φύσεως

250 1774 315 1853 οὐκ
342 1775 546 1867 ἀναβαίνων
574 1775 693 1873 νόμον,
713 1775 881 1879 κανονίζει
906 1774 951 1854 τὰ
977 1774 1146 1877 θειότερα·
1183 1774 1389 1880 ἀνεξίτητον
1415 1770 1455 1850 δέ
1472 1810 1510 1851 ιο

251 1903 328 1979 ταῖς
352 1899 493 1980 οῖκείαιε
521 1900 669 1983 ἐννοίαις
695 1897 736 1977 τὸ
762 1906 834 1977 τῶν
852 1898 1075 1999 μαθημάτων
1095 1901 1189 2004 ὕψος
1215 1895 1337 2001 εὑρὼν,
1354 1894 1455 1975 κοῖτω

250 2021 370 2099 πίπτει
390 2025 446 2099 καῖ
468 2021 621 2128 φέρεται.
654 2022 762 2125 ὅνπερ
781 2022 852 2124 γὰρ
876 2024 1010 2124 τρόπον
1030 2022 1074 2101 τὰ
1100 2029 1173 2106 τοῖς
1198 2019 1455 2119 ἀπεσκληκόσι
1507 2028 1515 2036 ”

250 2152 323 2223 τῶν
337 2147 450 2225 λίθων
465 2145 711 2246 εὐτονωτέραις
729 2146 1031 2251 προσαραχθέντα
1050 2152 1190 2244 βολαῖς,
1201 2147 1321 2226 ὀπίσω
1339 2141 1455 2224 πάλιν

220 2267 456 2375 οέξοίλλεται·
490 2271 601 2354 οὕτως
621 2267 717 2368 οἶμαι
737 2274 794 2349 καί
815 2279 896 2353 νοῦς
915 2269 1055 2370 ἀμαθὴς
1073 2273 1298 2372 γοργοτέμοιν
1320 2266 1343 2368 ἦ
1369 2271 1452 2347 καθ’

249 2392 374 2470 ἑαυτὸν
406 2393 634 2494 προσβαλὼν
668 2392 908 2497 θεωρήμασιν,
941 2392 1120 2493 ἀτονήσαε
1159 2396 1360 2483 ὑπονοστεῖ,
1393 2395 1454 2472 καῖ
1472 2426 1510 2486 ¹5

249 2516 389 2617 μέτροις
418 2519 470 2594 ἀεῖ
499 2524 571 2598 τοῖς
598 2519 694 2624 αὐτῷ
717 2515 917 2619 πρέπουσιν
941 2521 1214 2624 ἐμφιλοχωροῖν,
1233 2517 1297 2617 τὴν
1321 2519 1454 2616 ἀμείνω

250 2641 308 2717 καὶ
342 2642 572 2743 ὑψηλοτέραν
600 2640 758 2742 ἀτιμάζει
792 2643 954 2721 σύνεσιν.
1000 2641 1019 2721 δ
1055 2642 1098 2741 δὴ
1129 2646 1186 2722 καῖ
1216 2641 1404 2724 πεπονθὼς
1434 2642 1455 2719 ὁ

236 2769 323 2840 ,τοῖν
350 2764 531 2842 Ἰουδαίων
559 2765 754 2865 ἡγούμενος
787 2765 851 2863 τὴν
882 2764 1122 2865 πνευματικὴν
1151 2767 1192 2844 οιῖ
1225 2763 1456 2869 καταδέχεται

251 2886 432 2987 γέννησιν.

282 3172 364 3238 Ἐἀν
393 3176 435 3249 μιί
466 3199 511 3239 ιιι
540 3181 677 3266 τεννιιθιζι
706 3177 741 3242 ἐξ
770 3174 888 3242 ὕδατος
916 3176 968 3240 καί
995 3177 1193 3257 Πνεύματοε,
1221 3177 1258 3240 οὐ
1284 3175 1420 3241 δύναται
1474 3204 1512 3243 20

497 3315 654 3384 εἰσελθεῖν
682 3316 728 3382 είε
755 3319 815 3383 τιίν
844 3318 1005 3397 βασιλείαν
1033 3325 1089 3385 τοῦ
1117 3319 1213 3388 Θεοῦ.

311 3514 369 3592 Οὐ
397 3513 562 3592 συνιέντα
589 3514 653 3593 τὸν
681 3516 870 3617 ἄνθρωπον
898 3517 978 3595 καθ’
1010 3513 1051 3595 ἀν
1078 3516 1145 3595 ἔδει
1174 3516 1317 3619 τρόπον,
1347 3516 1386 3593 τί
1410 3514 1459 3595 ἂν

87 3658 145 3712 147
158 3656 196 3709 A.
226 3636 424 3732 αβούλοιτο
449 3638 635 3735 σημαίνειν
651 3638 693 3717 τὸ
720 3639 855 3717 ἀνωθεν
874 3644 1083 3739 γεννηθῆναι
1110 3643 1193 3730 δεῖν,
1213 3638 1460 3744 σαφεστέρων

254 3762 446 3841 ε’κπαιδειίει
474 3762 675 3861 μαθήμασι,
705 3762 925 3864 γυμνοτέραν
954 3764 990 3842 δέ
1019 3766 1114 3872 αὐτῷ
1140 3764 1361 3866 παρατίθησι
1390 3772 1459 3843 τοῦ

252 3886 452 3986 μυστηρίου
478 3885 544 3984 τὴν
568 3893 717 3987 γνῶσιν.
759 3890 779 3965 ὀ
805 3886 869 3985 μὲυ
892 3886 962 3988 γάρ
991 3889 1122 3989 Κύριος
1146 3889 1247 3986 ἡμῶν
1265 3889 1409 3986 Ἰησοῦς
1438 3891 1513 3987 ὁι5

255 4007 416 4111 Χριστὸς
442 4009 507 4109 τὴν
529 4010 586 4089 διὰ
608 4010 816 4107 Πνειίματος
835 4009 1249 4112 ἀναγε’ννησιν”Ανωθεν
1267 4009 1457 4112 ἀπεκάλει,

294 4278 333 4315 11.
351 4262 506 4330 μαθημάτων
517 4282 540 4316 a.
556 4262 607 4317 Ed.
619 4264 739 4332 μαθητῶν
752 4263 815 4332 (sic)
830 4264 852 4317 Ι.
866 4264 948 4318 Cord.
1008 4267 1076 4319 κάτω
1088 4267 1175 4320 πίπτει
1188 4266 1229 4319 καί
1241 4263 1363 4335 φέρεται]
1378 4286 1462 4320 κατα·

254 4332 341 4385 πίπτει
354 4334 394 4385 καί
407 4335 485 4402 χαμαί
500 4334 606 4404 φέρεται
619 4353 642 4387 a.
908 4353 948 4389 12.
968 4336 1146 4404 ἀπεσκληκόσι
1161 4336 1192 4388 Β.
1206 4336 1390 4390 ἀποκεκλικόσι
1405 4337 1462 4392 Ed.

258 4418 298 4470 13.
316 4405 530 4475 προσαναχθέντα
546 4405 576 4458 Β.
589 4405 821 4477 πμοσαρριιχθέντσ
835 4407 870 4460 D.
951 4424 990 4472 14.
1010 4409 1039 4460 τὸ
1051 4409 1217 4478 γοργοτέροιτ
1233 4407 1263 4460 Β.
1339 4423 1380 4476 15.
1401 4408 1462 4464 εἶσ-

254 4474 407 4533 βιίλλῳνΒ.
508 4491 547 4545 17.
566 4479 606 4530 κοί
619 4479 664 4532 alt.
677 4485 845 4546 assumptum
859 4495 890 4530 ex
908 4478 938 4532 B.
976 4478 1071 4531 Statim
1084 4477 1213 4533 πεποιθὼς
1227 4478 1258 4530 Β.
1365 4478 1407 4532 ι8.
1430 4481 1463 4534 οὔ

256 4559 309 4596 οιπ.
325 4543 356 4596 Β.
465 4564 506 4615 25·
525 4551 539 4597 ὀ
552 4549 596 4600 alt.
610 4558 778 4618 assumptum
791 4566 823 4601 ex
839 4547 869 4602 B.
979 4548 1020 4602 26.
1039 4549 1156 4602 ἀνεκάλει
1169 4549 1253 4602 voluit
1267 4548 1293 4601 D
1307 4566 1362 4618 mg.
