3038 5018
93 582 165 664 12⁶⁸

93 665 137 700 τοι.
149 661 189 716 ⁴7·

264 303 326 366 152
563 304 602 368 B.
626 303 838 369 CYRILLI
867 301 1156 369 ALEXANDR.
1309 302 1331 365 i.
1349 303 1398 380 16,
1415 317 1463 382 ιγ.

227 484 249 550 b
263 471 369 571 φησί’
400 470 459 548 καί
477 465 676 549 κολάσεσιν
693 469 785 569 ἡμᾶς
803 468 947 573 ἐνόχους
964 468 1071 554 ὄντας
1088 468 1269 565 ἐδείκνυεν,
1288 468 1469 568 ἐλευθεροῖ

262 586 300 670 δέ
327 596 474 691 μᾶλλον
495 591 604 673 αύτῦν
626 595 646 673 ὁ
669 591 810 696 Σωτήρ·
850 594 892 673 ού
920 593 991 696 γάρ
1018 591 1131 694 ἦλθεν
1148 602 1171 638 “
1185 593 1244 671 ίκα
1272 590 1373 694 κρίνῃ
1400 586 1465 668 τόν

262 724 284 761 “
302 714 453 813 κόσμον,
476 717 561 797 ἀλλ’
586 717 644 798 ἵνα
669 719 779 824 σώσῃ
803 716 868 797 τὸν
890 717 1065 815 κόσμον.”
1101 720 1158 796 καί
1184 715 1281 820 χάριν
1306 711 1372 812 μέν
1397 715 1461 791 ἀν·

262 838 419 941 θρεόποις
436 843 495 920 καί
514 849 529 922 ἀ
550 844 645 947 νόμος
667 842 793 940 ἐδίδου,
812 848 936 922 καλῶν
955 840 1050 927 ὅλως
1077 847 1126 924 εἰς
1151 839 1385 941 θεογνωσίαν,
1404 836 1464 914 καί

261 966 326 1062 τῆς
343 968 416 1043 τῶν
433 963 592 1045 εἰδώλων
609 965 777 1069 λατρείας
796 965 953 1072 ἐξέλκων
971 963 1053 1049 τοῦς
1071 963 1382 1062 πεπλανημένους,
1405 963 1462 1039 καί
1477 989 1496 1050 5

261 1087 412 1191 προσέτι
435 1088 551 1197 τούτιρ
575 1088 700 1170 καὶτὸ
725 1097 870 1196 φαῦλον
892 1087 1108 1187 ὑποδεικνὺς,
1131 1093 1191 1168 καί
1215 1084 1396 1166 διδάσκων
1421 1084 1463 1165 τὸ

262 1210 410 1312 ἀγαθόν,
437 1216 468 1291 εί
497 1214 556 1293 καί
582 1211 633 1315 μὴ
661 1213 813 1311 τελείως,
841 1212 942 1293 ἀλλά
968 1217 1244 1316 παιδαγωγικῶς
1276 1215 1334 1290 καὶ
1366 1244 1460 1314 χρη-

261 1336 392 1435 σίμως·
422 1340 440 1431 ἡ
467 1334 507 1416 δέ
532 1333 591 1418 δια
612 1345 677 1419 τοῦ
696 1343 927 1439 Μονογενοῦς
952 1335 1092 1430 ἀλήθειά
1115 1371 1154 1417 τε
1182 1347 1241 1418 καὶ
1268 1333 1379 1443 χάρις,
1399 1336 1464 1412 ούκ

233 1460 301 1540 υέν
318 1457 442 1545 τύποις
461 1461 545 1561 ἡμῖν
564 1461 721 1569 εἰσφέρει
738 1460 780 1542 τό
799 1460 949 1564 ἀγαθόν,
968 1460 1048 1542 ούδέ
1065 1463 1113 1545 ὡς
1132 1464 1170 1540 ἐν
1187 1465 1276 1567 σκιᾷ
1294 1457 1463 1563 χαράττει

262 1579 308 1662 τά
335 1584 584 1689 συμφέροντα·
620 1587 705 1665 ἀλλ’
735 1588 773 1665 ἐν
800 1592 981 1688 λαμπροῖς
1008 1588 1068 1664 καί
1096 1582 1359 1688 καθαρωτάτοις
1387 1587 1461 1662 δια-
1479 1616 1513 1655 1·

262 1704 424 1807 τάγμασι
450 1712 508 1787 καὶ
532 1707 624 1812 πρὸς
648 1709 789 1789 τελείαν
811 1713 874 1808 τῆς
897 1708 1054 1792 πίστεως
1078 1715 1218 1811 γνῶσιν
1236 1713 1460 1812 χειραγωγεΐ·

95 1825 216 1876 Βουι.νίἰί.
308 1835 319 1860 ⁸
422 1829 432 1860 λ

96 1903 134 1954 ¹5·

262 1863 320 1910 και
347 1838 362 1912 ὁ
388 1866 454 1931 μεν
473 1836 567 1937 νόμος
595 1839 735 1932 πνεῦμα
763 1833 925 1917 δουλείας
950 1833 1064 1914 ἐδίδου
1088 1829 1179 1937 πρῦς
1204 1833 1334 1940 φόβον,
1356 1828 1398 1909 τὸ
1424 1830 1462 1909 δέ

261 1962 402 2052 πνεῦμα
431 1959 495 2054 τῆς
528 1955 706 2040 υἱοθεσίας
735 1957 755 2036 ό
786 1955 949 2071 Χριστὸς
977 1962 1026 2042 εἰς
1054 1957 1266 2060 ἐλευθερίαν.
1317 1963 1332 2036 ὁ
1367 1955 1463 2057 νόμος

95 2076 178 2127 ιοοτ.
268 2078 278 2104 ‘
337 2077 346 2110 '

92 2142 133 2192 vii.
149 2156 186 2209 ιη.

93 2452 164 2502 Rom.
175 2453 201 2505 ii.

92 2532 105 2568 τ
126 2554 132 2568 .

92 2672 109 2719 Β
111 2670 214 2721 ..Mstth

91 2735 125 2787 iii.
142 2750 179 2786 11.

92 2835 178 2886 Ηεί).
171 2852 205 2889 11.

91 2974 130 3026 lb
135 2975 186 3028 vili.
192 2990 213 3025 ι.

249 2112 389 2178 ομοιως
415 2078 482 2179 τὴν
503 2082 541 2160 ἐν
563 2082 674 2183 σαρκί
697 2079 892 2184 περιτομὴν
916 2078 1017 2161 ούδέν
1039 2082 1154 2162 οῦσαν
1171 2077 1342 2184 εἰσφέρει·
1373 2087 1396 2125 “
1409 2079 1460 2157 Ἡ

260 2212 284 2255 “
302 2203 476 2306 περιτομὴ
508 2202 580 2309 γάρ
611 2204 712 2284 οὐδέν
741 2206 870 2302 ἐστιν,”
904 2202 1030 2308 ὥσπερ
1063 2206 1125 2285 οῦν
1154 2206 1174 2283 ό
1207 2209 1355 2285 Παῦλος
1386 2203 1460 2281 ἐπι·
1478 2231 1517 2292 ¹5

261 2327 410 2407 στέλλει
438 2331 545 2408 τισίν·
583 2330 603 2408 ὁ
631 2327 668 2409 δέ
693 2327 826 2431 Κύριος
853 2327 955 2427 ἡμῶν
976 2330 1120 2430 Ἰησοῦς
1143 2324 1306 2430 Χριστός
1333 2323 1400 2423 τὴν
1424 2326 1462 2402 ἐν

260 2448 434 2550 πνεύματι
462 2456 520 2530 καὶ
547 2452 674 2558 καρδία
700 2450 895 2554 περιτομὴν
923 2450 981 2531 διά
1008 2456 1072 2551 τῆς
1100 2453 1255 2532 πίστεως
1282 2448 1458 2555 προξενεῖ.

226 2581 277 2655 do‘
261 2572 391 2744 κνόμος
411 2578 512 2655 ύδατι
529 2574 691 2677 βαπτίζει
713 2581 838 2682 γυμνῷ
861 2572 945 2728 τρῦς
970 2575 1276 2675 μεμολυσμεῦους,
1295 2574 1315 2650 ό
1333 2569 1462 2672 Σωτὴρ

261 2699 340 2777 “ἐν
360 2698 544 2796 Πνεύματι
561 2700 677 2808 Αγίιρ
702 2703 760 2779 καί
784 2697 905 2848 πνρί.”
945 2708 960 2780 ἰ
986 2701 1080 2804 ιίμοε
1106 2704 1154 2782 εἰς
1179 2695 1245 2798 τὴν
1268 2699 1463 2776 ἀντίτυπον

259 2828 333 2902 τῶν
350 2824 532 2972 ἀληθινῶν
548 2824 708 2930 εἰσφέρει
727 2822 877 2922 σκηνὴν,
897 2859 917 2903 ο
904 2822 1119 2926 Σωτηρ’
1092 2857 1140 2906 εις
1164 2820 1273 2901 αύτδν
1291 2819 1461 2928 ἀναφερει
1476 2857 1517 2899 ιο

259 2941 323 3026 τόν
345 2946 583 3050 οὐρανὸν,καί
610 2954 659 3032 εἰς
685 2948 752 3047 τὴν
776 2949 1076 3052 ἀληθεστέραν
1049 2947 1186 3048 εισάγει
1210 2980 1361 3045 σκηνην,
1381 2944 1436 2995 “
1417 2981 1463 3046 ην

258 3070 472 3179 “ἐπηξεν
456 3107 476 3153 ο
508 3072 639 3176 Κύριος
671 3075 729 3153 καί
761 3072 825 3153 οῦκ
855 3073 1075 3173 ἀνθρωπος.”
1118 3074 1175 3150 καὶ
1205 3069 1367 3175 χαλεπόν
1394 3069 1462 3166 μὲν

257 3192 360 3275 οὐδὲν
378 3196 575 3303 ἀποδείξεις
591 3203 665 3280 τοῖς
683 3195 877 3299 εἰρημένοις
898 3194 1127 3299 ἐπισωρεύειν
1145 3192 1275 3297 ἑτέρας,
1293 3194 1462 3294 τιμητέον

259 3318 296 3397 δ’
317 3319 380 3399 οῦν
397 3319 494 3420 ὅμως
511 3319 554 3401 τό
569 3319 708 3423 μέτρον.
744 3318 845 3420 πλὴν
863 3322 972 3400 ἐκεῖνο
991 3321 1179 3424 χρησίμως
1197 3352 1235 3398 τε
1260 3319 1318 3397 καί
1341 3320 1458 3419 ἀναγ-

229 3442 366 3525 οκαίως
390 3446 546 3547 ἐροῦμεν·
578 3443 699 3546 ὅτιπερ
725 3446 745 3523 ὁ
769 3442 943 3548 μακάριος
962 3448 1112 3527 Παῦλος
1134 3445 1172 3523 ἐν
1190 3443 1329 3544 ὀλίγοις
1347 3439 1459 3522 ἔλυσε
1473 3474 1512 3536 ²5

258 3562 301 3645 τῦ
332 3565 554 3670 ζητούμενον,
585 3569 670 3670 περί
698 3602 737 3648 τε
768 3576 832 3648 τοῦ
866 3565 976 3666 νόμον
1007 3569 1067 3646 καί
1100 3570 1164 3665 τῆς
1195 3574 1259 3645 τοῦ
1291 3568 1460 3666 Σωτῆρος

257 3686 401 3798 χάριτος
421 3691 529 3772 εἰπών
547 3701 570 3738 “
584 3696 629 3771 Εἰ
654 3690 726 3795 γάρ
750 3725 796 3794 τη
819 3692 978 3797 διακονίᾳ
1003 3695 1068 3789 τῆς
1092 3691 1332 3790 κατακρίσεως
1352 3687 1456 3795 δόξα,

257 3824 280 3862 “
296 3820 430 3923 πολλῷ
451 3822 596 3914 μᾶλλον
613 3815 819 3918 περισσεύει
843 3817 865 3915 ἡ
891 3816 1051 3894 διακονία
1075 3818 1138 3913 τῆς
1165 3812 1393 3912 δικαιοσύνης
1419 3816 1457 3892 ἐν

256 3949 279 3987 “
296 3936 417 4047 δόξη.”
455 3937 636 4019 διακονίαν
653 3936 719 4037 μὲν
737 3937 809 4042 γάρ
835 3938 1079 4041 κατακρίσεως
1104 3936 1171 4036 τὴν
1189 3935 1248 4017 διά
1267 3936 1457 4020 Μωυσέως

256 4067 372 4170 φησὶν
405 4062 566 4162 ἐντολὴν,
599 4065 779 4144 διακονίαν
815 4062 854 4144 δὲ
889 4062 1128 4162 δικαιοσύνης,
1160 4060 1227 4160 τὴν
1257 4060 1358 4163 παρὰ
1391 4068 1457 4141 τοῦ
1469 4089 1512 4146 30

294 4265 700 4324 ς.οἰπδνΒ.ΒοῦτδςΙ)..Εά
830 4261 1455 4350 3.σύσητδνκόσμονΒ.σωθῄὄκδσμαςΕά.

255 4337 624 4425 8.λιευωρῐιδε“ειΒ.Β.,
636 4334 756 4392 τεεκΒ.
863 4320 1178 4418 9.σκιᾷΒ.σκιαίςΕᾶ.
1297 4350 1339 4387 12
1356 4354 1457 4402 πνεῦμα

253 4408 385 4481 δουλιιας]
398 4408 497 4479 πνεῦμα
510 4413 588 4478 νόμον
600 4378 697 4463 δίιύλου
710 4407 743 4462 Β.
877 4421 918 4477 17.
936 4407 1042 4477 καρδιαν
1054 4405 1087 4461 Β
1135 4426 1180 4474 ς
1192 4415 1363 4494 mumptum
1374 4421 1408 4457 ex
1422 4403 1458 4460 Β.

255 4477 754 4603 τιΒιαὶρῃυςιςςυωρςαωειΒΒ
866 4475 1071 4544 οιΜποωΒ
1183 4475 1457 4546 ο8.ε’νιςςιιιυρὶυω

253 4568 288 4604 u
