3038 5018
653 1235 892 1311 ΚΕΦΑΛΗ
932 1234 976 1309 Γ.

405 1521 479 1589 Ὅτι
502 1523 583 1594 Θεὸς
604 1526 652 1590 καί
674 1527 706 1591 ἔκ
729 1531 811 1592 Θεοῦ
834 1530 907 1592 κατὰ
928 1527 1024 1619 φύσιν
1045 1529 1062 1590 ὁ
1085 1526 1224 1609 Χριστός.

184 1653 206 1716 b

167 1796 205 1854 33
256 1777 299 1843 ‘0
327 1779 503 1860 λαμβάνων
530 1780 628 1846 αὐτοῦ
656 1777 715 1846 τιίν
742 1777 920 1868 μαρτυρίαν
947 1777 1144 1866 ἐσφράγισεν
1171 1775 1221 1842 ὅτι
1246 1774 1265 1841 ὸ
1293 1773 1381 1843 Θεὸς

691 1920 817 1986 ἁλυθιία
842 1920 942 1987 ἐστιν.

273 2122 383 2198 ΟΥΧ
402 2116 529 2220 ἑτέρως
547 2115 591 2218 ἦν
611 2117 781 2224 ἐπιδεῖξαι
798 2115 864 2217 τὴν
882 2123 954 2196 τῶν
971 2115 1212 2197 ἀπειθούντων
1229 2111 1419 2207 ἀσέβειαν,
1436 2145 1454 2205 5

216 2245 245 2320 εί
264 2240 314 2340 μὴ
333 2248 406 2320 τῶν
423 2238 668 2321 πιστευόντων
685 2238 728 2321 τὸ
747 2237 916 2345 λαμπρὸν
932 2240 1162 2347 ἐξεκαλύφθη
1187 2235 1421 2340 κατόρθωμα·

216 2371 261 2468 τῇ
280 2362 352 2467 γὰρ
372 2370 443 2443 τῶν
462 2366 609 2467 ἀγαθῶν
626 2363 903 2467 ἀντιπαραθέσει
929 2363 971 2443 τὸ
996 2369 1141 2468 φαῦλον
1158 2359 1324 2454 εὐκόλως,
1336 2364 1419 2438 δια·

215 2486 440 2586 γινώσκεται,
454 2490 512 2567 καί
529 2495 602 2567 τῶν
617 2488 810 2586 ἀμεινόνων
824 2522 846 2586 η
865 2493 1001 2589 γνῶσις
1013 2487 1152 2591 ἐλέγχει
1170 2482 1217 2566 τὸ
1235 2482 1419 2587 αἰσχίονα.

215 2608 298 2693 ε’ίτις
323 2610 396 2707 οὖν,
416 2613 520 2715 φησί,
538 2618 611 2694 τοῖς
637 2620 699 2691 τοῦ
726 2610 863 2691 ἀνωθεν
885 2611 1032 2712 ἥκοντος
1055 2607 1249 2690 ε’πινειίσειε
1274 2604 1420 2707 λόγοις,

184 2733 477 2840 οκατισφροίγισέ
489 2769 527 2814 τε
546 2737 604 2814 καί
623 2734 904 2843 ε’ξιγσφαλίσατο
923 2732 982 2813 διὸ
1004 2737 1069 2833 τῆς
1091 2733 1283 2829 συνέσεως,
1302 2731 1358 2811 ὅτι
1378 2730 1423 2812 τὸ
1439 2764 1475 2804 10

215 2859 382 2962 ἀψευδεῖν
398 2860 452 2937 ἀεὶ
469 2863 515 2963 τῇ
533 2858 610 2964 θείᾳ
628 2857 783 2957 σύνηθές
802 2892 842 2938 τε
865 2861 924 2938 καὶ
950 2855 1165 2964 φιλαίτατον
1184 2855 1305 2963 φύσει.
1344 2851 1423 2935 ἀπὸ

213 2978 259 3080 δι)
283 2980 412 3060 τοιίτου
436 2981 622 3082 πρόδηλον
641 2979 770 3062 λοιπὸν
787 2989 861 3066 τοῖς
887 2984 1000 3085 ὸριῖισι
1024 2979 1067 3061 τὸ
1095 2979 1266 3060 ἐναντίον·
1308 3012 1423 3058 κατα-

211 3105 434 3207 μαρτυρήσει
466 3102 539 3208 γὸιρ
570 3103 714 3188 πάντως
743 3106 763 3183 ὸ
791 3104 857 3204 τὴν
884 3106 1009 3184 πίστιν
1037 3101 1334 3207 ἀποκρουόμενον,
1365 3100 1423 3181 ὅτι

214 3227 307 3310 Θεὸς
340 3230 405 3308 οὐκ
441 3229 541 3307 ἔστιν
578 3228 726 3329 ἀληθής.
773 3227 1001 3331 ε’πιτηρητέον
1031 3226 1069 3307 δὲ
1104 3223 1228 3323 πάλιν,
1261 3225 1317 3305 ὅτι
1355 3229 1423 3324 τῆς

213 3348 304 3450 πρὸς
331 3350 398 3449 τὴν
422 3351 540 3431 κτίσιν
559 3349 837 3452 ὸμοουσιότητος
864 3350 1002 3457 ἐξίλκει
1029 3349 1093 3431 τὸν
1111 3348 1212 3448 Υίὸυ,
1235 3353 1293 3429 καί
1320 3347 1422 3430 Θεὸν
1437 3380 1471 3442 15

214 3472 301 3554 ὄντα
328 3473 420 3553 κατὰ
447 3475 562 3581 φύσιν
587 3474 645 3555 διὸ
672 3482 745 3556 τῶν
768 3475 960 3580 είρημείιων
982 3474 1198 3555 ἐπιδεικνύει.
1237 3477 1268 3554 εί
1295 3470 1371 3578 γὰρ
1399 3476 1421 3553 ὸ

212 3605 287 3683 τοῖς
314 3599 399 3701 παρ’
429 3599 538 3678 αὐτοῦ
566 3599 800 3697 λαλουμένοις
833 3597 1049 3698 πειθόμενος,
1079 3596 1267 3703 δεχόμενος
1296 3595 1335 3676 δὲ
1364 3596 1422 3692 τὸν

212 3725 405 3831 μαρτυρίαν,
418 3723 529 3826 ἥνπερ
547 3720 593 3802 ἀν
612 3721 717 3806 αι’ντὸς
734 3729 872 3803 ποιοῖτο
889 3724 971 3824 περὶ
989 3724 1123 3819 ἑαυτοῦ,
1140 3717 1426 3829 κατεσφράγισέ

179 3859 251 3926 dre
279 3851 337 3926 καὶ
365 3848 623 3954 ἐπεψηφίσατο
652 3853 782 3945 καλῶς,
805 3845 853 3926 ’ίτι
882 3845 926 3944 δὴ
950 3845 1037 3932 Θεὸς
1065 3844 1190 3940 ἀληθής
1218 3847 1303 3926 ἔστι·
1339 3852 1420 3931 πῶς

214 3971 278 4050 οὐκ
305 3969 349 4049 σίν
371 3978 487 4051 νοοῖτο
515 3968 607 4051 κατὰ
635 3969 749 4076 φύσιν
768 3967 861 4054 Θεὸς
890 3971 910 4049 ὸ
932 3968 1106 4073 Χριστὸς,
1128 3972 1149 4051 ὸ
1178 3972 1237 4049 καὶ
1265 3968 1324 4051 διὸ
1353 3974 1419 4070 τῆς
1435 4000 1471 4041 ²⁰

212 4093 368 4178 πίστεως
395 4101 468 4174 τῶν
495 4094 646 4199 ἔναγχος
676 4093 866 4198 είρημένωυ
894 4091 1017 4188 ἀληθὲς
1044 4093 1415 4198 ἐπιμαρτυρούμενος;

248 4334 275 4390 6.
293 4338 324 4392 τὸ
336 4340 456 4409 λαμπρὸν
467 4357 521 4393 om.
535 4338 570 4392 D.
654 4354 694 4391 12.
713 4338 806 4392 λοιπὸν
817 4338 949 4409 πρόδηλον
962 4337 1067 4393 inverso
1079 4336 1172 4391 ordine
1186 4336 1219 4392 B.
1298 4353 1341 4406 13.
1362 4339 1419 4412 ὅτι]

228 4411 243 4447 ¹·
260 4409 276 4460 ὸ
288 4407 339 4462 Ed.
352 4410 435 4462 invito
449 4408 480 4461 B.
494 4410 528 4463 cf.
542 4409 610 4462 infra
623 4407 640 4461 d
653 4417 680 4461 et
696 4407 745 4478 169
758 4408 785 4462 b.
1018 4410 1058 4463 18.
1076 4409 1156 4478 ιίνπιρ
1168 4409 1244 4465 αὐτὸς
1257 4411 1370 4464 ποιείτω
1385 4410 1420 4468 Β.

265 4480 291 4532 τὸ
304 4477 337 4531 B.
448 4496 487 4546 19.
506 4482 520 4532 ὸ
534 4482 599 4536 θεὸς
612 4478 663 4534 Ed.
676 4479 759 4533 invito
773 4479 806 4533 B.
