3038 5018
266 281 331 344 590
570 280 609 343 B.
633 278 838 344 CYRILLI
869 276 1157 342 ALEXANDR.
1304 272 1365 337 vii
1378 296 1410 358 9,
1425 288 1471 333 10.

267 453 393 542 κυνεῖν,
430 444 545 524 ούκίτι
580 443 647 543 τὴν
680 444 838 544 νομικὴν,
870 450 1016 540 μᾶλλον
1051 442 1089 522 δὲ
1126 440 1192 541 τὴν
1223 442 1264 520 έν
1295 439 1474 535 πνεύματι

239 569 437 673 ελατρείαν
465 571 720 660 ἐπιτελοῦντας,
748 568 964 665 ἐπιδεικνύει,
992 569 1051 647 καὶ
1082 572 1314 668 πληροῦντας
1347 559 1473 664 ἑορτὴν

267 693 333 792 τὴν
365 696 422 773 ἐπὶ
453 694 684 800 σκηνοπηγίᾳ
715 698 761 799 τῇ
793 693 870 773 κατ’
904 691 1091 794 ἀλήθειαν,
1122 691 1318 793 μονονουχὶ
1355 685 1400 766 τὸ
1438 687 1473 764 ἐν

100 823 223 952 ξ’·ἵξῑῆὶ·
269 823 433 923 ψαλμοῖς
451 820 561 898 έκεῖνο
580 823 736 920 λιγυρῶς
754 817 914 902 ἀνιέντας
932 819 1045 917 μέλος
1058 825 1080 863 “
1093 813 1309 917 Εὐλογητὸς
1328 809 1474 914 Κύριος,

117 926 124 952 ’
268 952 292 988 “
310 941 365 1021 ὅτι
394 940 586 1042 εἰσήκουσε
617 946 681 1041 τῆς
712 945 837 1048 φωνῆς
866 945 930 1040 τῆς
960 939 1116 1042 δεήσειός
1147 973 1230 1037 μου.
1284 937 1345 1019 ἐπ’
1377 939 1500 1043 αῦτῷὅ

269 1075 290 1112 “
308 1066 466 1166 ἤλπισεν
498 1067 521 1165 ἡ
554 1068 682 1171 καρδία
712 1100 793 1166 μου,
827 1068 883 1145 καὶ
916 1064 1120 1166 ἐβυηθήθην
1151 1068 1221 1144 καὶ.
1243 1062 1425 1142 ἀνέθαλεν
1452 1061 1474 1160 ἡ

268 1199 290 1236 “
308 1188 412 1296 σάρξ
434 1189 539 1288 μου·”
570 1190 730 1292 ἀνεθάλη
745 1189 830 1293 γὰρ
857 1190 880 1289 ἡ
908 1189 1019 1296 σὰρξ,
1038 1192 1098 1270 καὶ
1122 1194 1282 1272 εἰσαῦθις
1308 1187 1470 1282 ἀναβιιύ·

267 1346 383 1412 σεται,
402 1317 460 1394 καὶ
485 1315 527 1393 οῦ
551 1316 634 1419 δίχα
656 1320 835 1417 Χριστοῦ·
870 1313 995 1417 γέγονε
1020 1312 1092 1415 γάρ
1117 1313 1202 1412 ἡμῖν
1223 1309 1335 1395 αὐτὸς
1360 1312 1387 1410 ἦ
1413 1315 1475 1409 τῆς

269 1435 506 1524 ἀναστάσεως
540 1437 645 1544 ἀρχὴ,
679 1441 738 1519 καὶ
773 1442 837 1537 τῆς
873 1439 1121 1541 ἀληθεστέρας
1159 1435 1418 1538 σκηνοπηγίας
1453 1436 1474 1532 ἡ

270 1559 373 1666 θύρα.
414 1565 472 1642 καὶ
500 1571 605 1643 τοῦτο
633 1562 678 1663 ἦν
701 1564 772 1667 ἀρα
799 1562 841 1642 τὸ
869 1565 912 1642 δι’
941 1561 1019 1647 ἑνὸς
1046 1562 1229 1665 ἀρημένον
1255 1567 1333 1640 τῶν
1362 1561 1475 1662 ἁγίων
1488 1590 1517 1631 ιο

102 1710 220 1800 εοιιᾼ.
241 1693 469 1792 απροφητῶν
486 1690 544 1768 καὶ
564 1699 585 1735 “
597 1684 799 1788 ἀναστήσω
825 1686 892 1788 τὴν
915 1683 1055 1786 σκηνὴν
1074 1689 1207 1767 Δαυεὶδ
1233 1684 1304 1785 τὴν
1325 1718 1474 1766 πεπτω·

102 1790 226 1904 {Tm
272 1819 294 1857 “
312 1811 450 1889 κυῖαν.”
486 1811 604 1912 σκηνὴ
622 1811 736 1914 γάρὴ
760 1821 929 1892 πεσοῦσα
954 1821 1019 1892 ’τοῦ
1044 1814 1084 1892 ἐκ
1107 1810 1320 1912 σπέρματος
1338 1813 1477 1905 Δμνεὸδ

270 1930 312 2012 τὸ
341 1933 432 2013 κατὰ
460 1934 581 2037 σάρκα
607 1942 783 2038 Χριστοῦ,
808 1935 934 2039 πρώτη
963 1933 1054 2036 πρὸς
1082 1935 1298 2040 ἀφθαρσίαν
1322 1931 1389 2012 διὰ
1416 1938 1478 2032 τῆς

269 2055 450 2157 δυνάμεως
475 2068 538 2139 τοῦ
558 2066 653 2140 Θεοῦ
678 2063 736 2139 καὶ
757 2059 904 2162 Πατρὸς
930 2059 1161 2168 έξεγήγερται
1185 2056 1278 2138 κατὰ
1304 2057 1350 2137 τὸ
1377 2063 1475 2161 εέρη·

268 2183 376 2281 μένον
400 2182 491 2284 πρὸς
512 2186 706 2270 Ἰουδαίους
736 2187 779 2264 δι’
803 2183 882 2269 ἑνὸς
909 2192 983 2265 τῶν
1007 2182 1228 2266 ἀποστόλων
1250 2186 1336 2286 περὶ
1368 2185 1478 2262 αὑτοῦ
1491 2212 1518 2272 ¹5

102 2310 225 2440 mg&
270 2317 292 2355 “
310 2312 451 2388 Τοῦτον
482 2315 528 2415 τῇ
566 2308 748 2415 ὡρισμένη
785 2314 906 2416 βουλῇ
943 2312 1003 2390 καὶ
1034 2307 1242 2411 προγνώσει
1275 2315 1343 2386 τοῦ
1381 2311 1479 2386 θεοῦ

104 2454 143 2503 ²³⁹
156 2455 195 2505 ’ν
270 2441 293 2479 “
311 2431 455 2512 ἔκδοτον
475 2433 651 2527 λαβόντες
676 2434 736 2513 διὰ
758 2431 877 2539 χειρὸς
902 2433 1047 2533 ἀνόμων
1067 2430 1354 2539 προσπήξαντες
1382 2430 1476 2512 ἀνεί-

272 2565 294 2603 “
312 2566 404 2653 λετε,
424 2555 466 2636 ὸν
485 2558 505 2635 ὸ
524 2556 618 2642 Θεὸς
636 2557 817 2657 ἀνέστησε
837 2556 956 2643 λύσας
973 2555 1038 2641 τὸς
1056 2560 1184 2641 ὠδῖνας
1208 2563 1274 2635 τοῦ
1300 2553 1478 2652 θανάτου,

273 2690 295 2728 “
312 2678 448 2760 καθότι
462 2680 527 2760 οῦκ
552 2678 597 2779 ἦν
623 2678 776 2762 δυνατὸν
799 2688 1008 2785 κρατεῖσθαι
1034 2678 1143 2761 αὐτὸν
1161 2681 1219 2760 ὑπ’
1238 2680 1393 2760 αύτοῦ·”
1424 2682 1481 2759 καὶ

104 2844 199 2908 11232·
237 2802 387 2891 οπάλιν
411 2814 433 2851 “
447 2809 588 2885 Τοῦτον
615 2802 678 2886 τὸν
696 2807 844 2906 Ἰησοῦν
868 2805 1069 2906 ἀνέστησεν
1093 2807 1114 2884 ό
1140 2803 1246 2901 Θεὸς,
1271 2803 1315 2883 οῦ
1345 2803 1481 2889 πάντες
1506 2847 1517 2861 ¹·

273 2939 296 2977 “
313 2928 413 3027 ἡμεῖς
430 2931 541 3028 ε’σμεν
560 2927 766 3034 μάρτυρες.”
797 2929 852 3010 ότι
870 2930 943 3035 γάρ
965 2929 1046 3014 ἔθος
1070 2936 1115 3036 τῇ
1140 2928 1225 3035 ἁγίᾳ
1250 2932 1399 3035 γραφῇ,
1419 2927 1482 3009 τὸν

272 3055 312 3133 ἐκ
332 3057 466 3132 Δαυεὶδ
483 3051 574 3134 κατὸ
591 3053 712 3158 σάρκα
730 3052 908 3158 Χριστὸν,
928 3055 1062 3135 Δαυεὶδ
1083 3056 1291 3151 ἀποκαλεῖν,
1309 3051 1482 3158 χαλεπὸν

271 3175 373 3257 οῦδὲν
391 3180 560 3257 συνιδεῖν.

188 3424 385 3514 9ιοΤαῦτα
417 3422 520 3490 εἰπὼν
547 3426 646 3493 αὐτὸς
672 3426 798 3503 ἔμεινεν
824 3427 860 3491 ἐν
888 3432 927 3517 τῇ
959 3424 981 3490 Γ
982 3424 1124 3516 αλιλαίᾳ·
1165 3425 1212 3490 ὡς
1243 3423 1280 3489 δὲ
1311 3423 1483 3504 ἀνέβησαν

325 3548 356 3616 οἰ
383 3549 521 3637 ἀδελφοὶ
549 3552 648 3618 αὐτοῦ
676 3551 723 3618 εἰς
750 3553 808 3618 τίιν
836 3552 965 3641 ἑορτάν,
987 3552 1062 3619 τότε
1090 3553 1143 3617 καὶ
1171 3549 1269 3617 αὐτὸε
1296 3550 1419 3632 ἀνέβιι,
1446 3551 1519 3617 οῦν

326 3677 489 3764 φανερῶς,
516 3678 585 3742 ἀλλ’
617 3679 663 3742 ὡς
690 3679 725 3743 ἐν
753 3680 896 3767 κρυπτῷ.

243 3819 261 3861 ⁰
331 3850 606 3955 Ἐμφιλοχωρεῖ
636 3855 681 3955 τῇ
715 3849 907 3957 Γαλιλαίᾳ,
942 3853 998 3929 καὶ
1037 3853 1099 3948 τῆς
1137 3846 1322 3927 Ἰουδαίων
1361 3849 1486 3953 χώρας

275 3971 620 4078 ἐξωστρακισμένος,
658 3971 758 4073 ἥδιόν
795 4006 832 4051 τε
876 3976 934 4052 καὶ
976 3971 1257 4080 ἀσφαλέστερον
1301 3975 1485 4054 διαιτᾶται

275 4093 452 4198 Χριστὸς,
473 4098 531 4177 ἵνα
549 4096 662 4177 πάλιν
680 4104 753 4176 τῶν
773 4094 860 4175 εἶναι
879 4096 1079 4177 δοκούντων
1098 4101 1316 4197 νομομαθιῦν
1336 4101 1481 4201 εύγενε·

282 4377 289 4395 ἱ
310 4323 336 4376 3.
356 4308 589 4392 σκηνοπηγίαντὴν
603 4307 634 4362 Β.
657 4381 662 4399 ι
683 4307 833 4402 μοηονουχὶ]
848 4310 968 4377 δηλονότι
983 4307 1015 4395 ΒΑ.
1074 4379 1080 4401 ἱ
1107 4304 1274 4394 7.·ἀνεθόλη]
1289 4306 1441 4364 ἀνεθάλλει
1454 4309 1484 4364 Β.

274 4378 602 4448 οναθαλειεοιιοΜιςηθ.
651 4402 684 4435 ως
697 4380 769 4436 αυθις
785 4380 815 4433 Β.
909 4396 949 4434 12.
969 4378 1028 4451 του]
1042 4380 1084 4433 δια
1097 4401 1144 4432 του
1158 4377 1189 4432 Β.
1280 4394 1328 4434 22.
1348 4378 1484 4523 χαλεπδτη

278 4455 306 4508 -Ι-
322 4448 389 4504 ὅλως
402 4448 453 4501 Ed.
467 4449 551 4503 invito
565 4450 597 4504 B.
695 4450 737 4504 26.
757 4451 791 4506 ὡς
803 4461 973 4522 assumptum
987 4469 1019 4506 ex
1033 4450 1066 4506 B.
1157 4450 1200 4504 28.
1219 4449 1472 4523 ἐξωστρακισμένος

276 4517 445 4590 ἐξῳκισμένος
460 4519 492 4573 Β.
