3038 5018
233 281 297 346 226
537 284 575 348 Β.
600 284 807 348 CYRILLI
837 280 1126 347 ALEXANDR.
1319 273 1364 336 iii.
1381 272 1434 336 16;

233 446 374 549 τρόπως
401 446 467 548 τῆν
495 447 684 551 ἀνθρῶιτου
711 445 892 527 δάκνουσα
920 445 1055 552 φυχῆν,
1083 447 1140 523 καὶ
1168 442 1337 536 πολυειδῆ
1365 440 1432 536 τῆς

233 569 461 678 φαυλότητος
488 570 552 651 τὸν
577 571 631 651 ίόν
652 572 836 677 ε’κχέουσα·
872 568 918 669 ἦν
941 570 978 649 δὲ
1003 572 1069 673 οὐχ
1093 568 1219 669 ἑτέρως
1243 564 1336 662 ἡμᾶς
1363 561 1431 660 τῆν

232 697 325 774 οὕτω
354 702 512 774 νικῶσαν
537 698 734 800 διαφυγεῖν,
760 702 790 774 εί
817 693 866 793 μῆ
894 695 951 773 διὰ
976 693 1086 793 μόνης
1114 695 1177 788 τῆς
1202 689 1246 796 ἐξ
1268 686 1430 789 οὐρανῶν

63 798 177 920 {gfff
202 812 441 919 ae’vrmovpt'otc.
494 819 619 921 γε’γονε
650 820 769 897 τοίνυν
799 820 818 897 ό
850 816 942 903 Θεδς
973 815 1093 917 Λόγος
1125 824 1146 860 “
1160 817 1197 892 ἐν
1230 809 1429 909 ὁμοιώματι

62 937 113 985 *³³³*
126 950 148 997 ³·
232 951 254 987 “
271 939 407 1044 σαρκὸς
444 941 628 1043 ἁμαρτίας,
665 941 723 1019 ἵνα
761 941 953 1044 κατακρίνη
992 938 1059 1039 τὴν
1095 936 1272 1038 ἁμαρτίαν
1307 934 1346 1011 ἐν
1382 938 1462 1037 τῆ5

232 1075 253 1112 “
271 1065 412 1166 σαρκὶ,”
433 1063 526 1143 καθά
544 1064 755 1167 γε’γραπται,
776 1067 926 1147 καὶτοῖς
948 1062 1167 1165 ἀτενίζουσιν
1185 1065 1233 1142 είς
1256 1056 1363 1136 αὐτόν
1383 1059 1426 1136 δι’

228 1189 476 1289 ε’κτενεστέρας
502 1191 565 1287 τῆς
591 1189 758 1284 πίστεως,
782 1186 805 1287 ἢ
834 1189 892 1267 καὶ
920 1191 982 1286 τῆς
1010 1192 1082 1265 τῶν
1107 1187 1210 1265 θείων
1236 1180 1428 1282 δογμάτων

228 1314 382 1415 ἐρεύνης,
408 1311 589 1415 σωτηρίας
615 1310 841 1390 ἀκαταλύτου
868 1309 1042 1415 πρόξενος
1070 1312 1271 1411 ἀναδειχθῆ.
1315 1303 1357 1383 τὸ
1388 1303 1427 1383 δὲ

227 1439 283 1541 ἐφ’
304 1440 451 1542 ῦφηλῆς
476 1470 570 1519 τινος
598 1432 817 1538 ἀποβάθρας
835 1436 1112 1533 ἀνεστηλῶσθαι
1138 1435 1189 1511 τὶν
1213 1434 1298 1536 ίφιν,
1321 1432 1432 1528 δηλοῖ

228 1558 272 1658 δῆ
309 1560 453 1643 πάντως
490 1558 532 1637 τό
569 1561 606 1637 ἐν
643 1559 854 1664 περιφανείη
890 1561 948 1637 καὶ
985 1553 1219 1657 ἐπισημότητι
1257 1551 1428 1655 γενέσθαι
1446 1588 1484 1628 ιο

57 1685 156 1815 2(ζῖ
229 1682 403 1785 Χριστὸν,
434 1687 482 1766 ὡς
514 1684 733 1784 ἀγνοηθῆναι
764 1685 899 1780 μηδενὶ,
927 1679 950 1781 ἢ
981 1679 1023 1762 τῦ
1053 1683 1092 1760 ἐκ
1123 1685 1190 1781 γῆς
1221 1680 1425 1783 ὑψωθῆναι,

193 1805 321 1886 οκαθά
339 1810 398 1886 καί
416 1803 522 1888 αύτός
542 1839 612 1885 που
629 1809 737 1910 φησὶ,
757 1803 815 1884 διὰ
833 1803 876 1884 τό
895 1808 951 1885 ε’πὶ
968 1811 1019 1912 τῷ
1037 1810 1184 1909 σταυρῷ
1202 1802 1329 1885 πάθος.

137 2207 141 2215 ⁸
174 2132 211 2188 16
227 2126 340 2193 Οὕτως
368 2129 428 2217 τὰρ
455 2129 622 2203 ιἰτάτιιιοεν
646 2129 665 2194 ὁ
689 2126 772 2193 Θεὸς
799 2127 855 2194 τὸν
881 2130 1012 2207 κόσμον,
1037 2130 1123 2193 ὥστε
1149 2125 1206 2191 τὸν
1224 2123 1300 2190 Υἰὸν
1326 2125 1428 2188 αὐτοῦ

274 2252 331 2321 τὸν
366 2259 524 2329 μονοςενιῖ
561 2253 696 2334 ἔδωκεν,
731 2254 784 2318 ἵνα
820 2252 884 2318 πᾶς
919 2254 938 2319 ὁ
973 2255 1133 2320 πιστεύων
1166 2251 1212 2317 εἰς
1247 2250 1346 2318 αὐτὸν
1379 2253 1424 2329 μή

273 2379 437 2444 ἀπόλιιται
465 2379 533 2442 ἀλλ’
564 2379 622 2468 ἔχη
649 2378 733 2466 ζωῶν
761 2374 906 2448 αἰώνιον.
1443 2397 1482 2456 15

1211 2577 1404 2606 ’ΝῺΙ

278 2574 510 2682 Ἀναφανδῦν
530 2578 569 2655 ε’ν
592 2574 728 2659 τούτοις
753 2576 808 2655 ὅτι
831 2576 925 2661 Θεὸς
950 2576 1040 2657 κατά
1066 2575 1180 2683 φύσιν
1201 2610 1302 2656 εστιν
1322 2611 1420 2657 επει·

222 2732 323 2800 γεται
356 2703 499 2798 δηλοῦν,
528 2697 625 2801 ε’ίπερ
657 2697 796 2801 ἀνάγκη
829 2709 920 2780 νοεῖν
947 2699 1011 2781 τὸν
1038 2703 1076 2780 ἐκ
1107 2706 1203 2779 Θεοῦ
1234 2698 1425 2806 πεφηνότα

224 2820 369 2924 Πατρός
394 2818 482 2901 εἶναι
510 2821 554 2923 δὴ
581 2821 725 2906 πάντως
752 2827 809 2903 καὶ
834 2823 940 2921 Θεόν,
960 2827 1022 2903 οῦκ
1047 2822 1201 2905 ε’πακτόν
1225 2822 1354 2927 ἔχοντα
1379 2823 1424 2903 τὸ

191 2945 373 3052 οιίξίωμα,
402 2944 563 3048 καθάπερ
590 2945 700 3044 ἡμεῖς,
731 2947 816 3026 ἀλλ’
847 2944 1053 3053 ὑπάρχοντα
1082 2957 1187 3027 τοῦτο
1217 2948 1292 3026 κατ’
1322 2944 1420 3046 ἀλή-

220 3076 328 3160 θειαν,
349 3069 435 3172 ὅπερ
454 3066 541 3149 εἶναι
559 3068 776 3150 πιστεύεται.
817 3076 1043 3169 οἰκονομικῶς
1068 3069 1105 3150 δὲ
1131 3080 1237 3150 τοῦτο
1255 3073 1312 3149 καὶ
1335 3070 1424 3149 λίαν
1440 3109 1479 3149 το

220 3197 324 3296 φησι,
345 3191 410 3292 τὴν
429 3199 478 3278 είς
503 3195 595 3292 ἡμᾶς
619 3187 684 3273 τοῦ
704 3199 799 3274 Θεοῦ
823 3198 881 3274 καὶ
901 3193 1046 3298 Πατρός
1071 3194 1295 3301 παραζεύξας
1321 3191 1421 3295 ἀγά-

217 3348 333 3412 πησιν
355 3318 505 3421 εὐφυῶς,
524 3314 737 3423 εὐαφόρμως
762 3352 801 3397 τε
825 3321 909 3398 λίαν
928 3325 976 3402 είς
1000 3317 1063 3397 τὸν
1082 3321 1138 3397 ἐπὶ
1163 3316 1278 3425 τούτῳ
1304 3315 1423 3418 λόγον

217 3437 417 3542 ἐρχόμενος.
467 3444 631 3519 δυσωπεῖ
658 3439 723 3537 μὲν
752 3439 824 3543 γὰρ
853 3445 1067 3522 ἀπειθοῦντα
1099 3442 1163 3520 τὸν
1192 3441 1418 3541 Νικόδημον,

215 3567 362 3660 μᾶλλον
391 3562 428 3642 δὲ
458 3562 525 3663 ἤδη
559 3566 617 3641 καὶ
650 3566 854 3655 ἀσεβοῦντα
882 3566 1038 3646 δεικνύει.
1085 3565 1127 3644 τὸ
1156 3563 1228 3666 γάρ
1254 3564 1304 3664 μῆ
1332 3566 1422 3644 λίαν
1464 3600 1472 3614 “

215 3687 365 3784 ἑτοίμως
389 3689 446 3766 ε’πὶ
472 3685 514 3764 τὸ
539 3685 720 3767 πιστεύειν
744 3687 840 3785 ίίναι,
864 3695 960 3768 Θεοῦ
985 3724 1019 3768 τι
1045 3689 1287 3785 διδάσκοντος,
1312 3690 1352 3766 τί
1370 3685 1421 3767 ἀν
1437 3721 1476 3780 25

214 3811 332 3913 ἕτερον
355 3811 407 3911 είη
433 3808 615 3909 λοιπόν,ἢ
641 3817 693 3917 τῷ
717 3820 781 3890 τοῦ
807 3813 962 3916 ψεύδους
987 3811 1183 3914 ἐγκλήματι
1208 3819 1421 3914 περιβαλεῖν

214 3931 280 4032 τὴν
297 3934 491 4034 ἀλήθειαν;
522 3929 598 4012 εἶτα
614 3932 704 4036 πρὸς
723 3935 838 4043 τούτῳ
858 3936 1026 4015 δεδόσθαι
1046 3937 1169 4037 λέγων.
1181 3933 1307 4015 ἑαυτὸν
1326 3934 1420 4038 ῦπέρ

253 4180 275 4215 1.
294 4163 339 4229 τὴν
356 4161 492 4231 ἀνθρώπου
510 4161 639 4214 δάκνουσα
657 4161 736 4215 edidi.
751 4161 879 4215 δάκνουσα
898 4162 944 4231 τὴν
959 4163 1095 4230 ἀνθρώπου
1116 4163 1148 4218 Β.
1161 4165 1207 4233 τὴν
1221 4165 1333 4218 ἕκάστου
1351 4164 1418 4220 διίκ-

213 4254 294 4287 νουσα
309 4231 358 4285 Ed.
496 4248 521 4285 2.
540 4230 717 4302 φαυλότητος]
731 4234 921 4302 φιλαυτότητος
936 4232 968 4286 Β.
982 4234 1016 4288 cf.
1030 4251 1111 4304 supra
1124 4234 1158 4304 89
1172 4234 1198 4289 d.
1336 4252 1380 4290 11.
1401 4237 1418 4306 ἢ

212 4313 381 4372 assumptum
394 4320 425 4355 ex
442 4302 473 4357 B.
571 4319 611 4355 12.
630 4325 681 4356 που
693 4320 747 4355 om.
762 4302 792 4355 B.
892 4319 933 4369 15.
953 4305 1007 4372 ἔχει
1022 4304 1056 4356 D.
1071 4303 1104 4357 cs.
1118 4305 1145 4357 in
1158 4305 1194 4358 xii
1208 4304 1306 4375 Proph.
1320 4319 1374 4376 557
1387 4307 1418 4372 d,

212 4364 259 4427 fibi
272 4374 325 4443 ἔχει
338 4372 417 4426 habet
432 4373 467 4426 D.
566 4388 606 4442 ιγ.
626 4372 729 4440 δηλοῦν,
742 4370 828 4442 ε’ίπερ]
843 4373 954 4440 δηλοῦσι
966 4395 1016 4443 περ
1031 4374 1062 4427 Β.
1148 4392 1190 4430 20.
1209 4378 1286 4430 τοῦτο
1298 4377 1340 4430 καὶ
1352 4378 1419 4432 λίαν

212 4442 262 4497 boc
275 4443 367 4497 ordine
382 4443 413 4496 B.
427 4444 486 4496 λίαν
499 4444 539 4496 καὶ
552 4447 628 4495 τοῦτο
642 4442 693 4498 Εδ.
812 4461 853 4512 23.
872 4447 923 4513 γὰρ
936 4462 989 4498 om.
1005 4444 1037 4498 B.
1154 4462 1198 4512 ²4·
1216 4446 1364 4509 ἀσεβοῦντα
1381 4449 1418 4506 Β.

211 4513 363 4568 ἀπειθοῦντα
377 4512 428 4567 Ed.
536 4527 578 4583 27.
597 4514 721 4567 δεδόσθαι
736 4513 767 4567 Β.
780 4514 901 4569 δίδοσθαι
916 4514 967 4567 Ed.
