3038 5018
238 280 303 344 346
542 278 581 342 Β.
605 276 816 341 CYRILLI
845 275 1133 341 ALEXANDR.
1275 298 1306 339 v.
1321 275 1373 352 26,
1388 287 1442 354 27.

207 439 534 546 ἀπρεπωδέστερύν
563 476 640 524 πως
669 442 785 524 αὐτοῖς
813 440 1068 545 ἐφαρμόσομεν
1098 449 1192 535 νοῦν,
1223 442 1440 517 διαστελοῦ·

239 601 304 666 μεν
323 565 360 647 δὲ
378 568 470 646 οὕτω
489 563 531 644 τὸ
549 563 785 666 ἀνάγνωσμα·

295 689 401 795 Ἀμην
417 686 503 793 ἀμην
522 687 616 790 λέγω
643 691 717 792 ὑμῖν
742 688 789 767 ίτι
819 688 951 794 ἔρχεται
979 686 1048 793 ἀρα
1079 695 1138 768 καί
1169 690 1215 769 νύν
1234 689 1319 768 ἐστιν
1338 686 1391 766 ίτε
1414 695 1444 766 οἱ

242 819 339 922 νεκροί
364 811 533 893 ἀκούσωσι
559 809 615 904 τῆς
644 809 753 917 φωνῆς
783 812 838 890 τού
861 814 936 891 Ὑὶιῦ
959 814 1014 891 τοῦ
1036 813 1135 892 Θεοῦ·
1179 809 1247 916 ἀρα
1276 806 1446 909 δηλονότι

240 937 352 1017 πάλιν
382 935 440 1014 ὅτε
472 941 529 1016 καί
561 944 588 1014 οἱ
617 934 823 1020 ἀκούσαντες
852 935 996 1043 ζησουσι.
1038 932 1096 1012 διὰ
1125 933 1189 1032 μὲν
1217 935 1279 1013 οὖν
1305 939 1378 1012 τῶν
1403 933 1479 1019 ε’ν5

240 1062 345 1164 ἀρχῆ,
364 1058 427 1138 τὸν
454 1062 517 1158 τῆς
549 1055 785 1140 ἀναστάσεως
816 1056 917 1154 ἡμῶν
943 1056 1109 1155 σημαίνει
1138 1055 1271 1159 καιρὸν,
1292 1054 1376 1136 καθ’
1399 1053 1445 1135 ὃν

240 1188 288 1266 είς
308 1182 509 1282 ἀπολογίαν
527 1184 591 1279 τῆς
616 1181 653 1259 ἐν
672 1177 799 1287 κόσμῳ
816 1177 906 1281 ζωῆς
924 1179 1199 1279 ἀναστήσεσθαι
1220 1179 1302 1264 τοίις
1324 1213 1439 1258 κεκοι-

240 1306 416 1404 μημένονς
454 1303 512 1385 διά
547 1307 611 1402 τῆς
648 1311 711 1382 τοῦ
748 1301 949 1404 δικάζοντος
985 1302 1181 1383 ἐκδιδάσκει
1219 1307 1351 1410 φωνῆς,
1384 1301 1445 1382 ἵνα

212 1429 400 1531 οκαθάπερ
434 1428 502 1528 ἤδη
534 1433 717 1529 προεῖπον,
743 1424 868 1527 ὥσπερ
900 1425 979 1507 τινά
1007 1425 1158 1532 χαλινὸν
1190 1427 1253 1506 τὸν
1283 1428 1447 1505 ἐντεῦθεν

240 1552 360 1635 αὐτοῖς
378 1548 571 1651 ἐπινοήσας
589 1549 718 1655 φόβον,
737 1555 857 1632 καλῶς
876 1547 919 1649 δὴ
939 1548 1086 1656 σφόδρα
1113 1555 1171 1630 καὶ
1196 1547 1447 1647 ἐπιστημόνως
1464 1583 1506 1624 ιο

242 1673 420 1781 ἀναπείσῃ
447 1683 560 1771 βιοῦν·
597 1671 655 1752 διά
692 1671 730 1752 δὲ
762 1679 834 1751 τῶν
863 1674 901 1752 ἐν
931 1673 1090 1777 ὑστέροις
1122 1672 1186 1754 τὸν
1217 1682 1280 1753 τοῦ
1314 1675 1446 1777 χρῆναι

241 1797 420 1878 πιστεύειν
449 1799 546 1905 αύτῷ
575 1795 777 1877 ἐπιδεικνύει
806 1795 969 1896 παρόντα
999 1797 1131 1899 καιρὸν,
1162 1795 1261 1877 ἀλλά
1291 1799 1349 1875 καὶ
1377 1800 1446 1896 τῆς

241 1920 433 2004 εὐπειθείας
456 1918 591 2019 ’μισθὸν
609 1920 674 2019 τὴν
693 1920 834 2000 αἰώνιον
850 1919 1003 2001 ἔσεσθαί
1020 1928 1114 2026 φησι
1134 1918 1234 2023 ζωὴν,
1253 1923 1446 2024 μονονουχὶ

240 2044 402 2124 τοιοῦτόν
420 2078 454 2123 τι
482 2047 604 2143 δηλῶν
622 2038 759 2149 Ἧξετε
787 2042 918 2128 πάντες
945 2049 993 2128 είς
1021 2040 1198 2147 κρίσιν,ὦ
1226 2042 1331 2140 οὗτοι,
1350 2041 1445 2122 κατὰ

239 2165 303 2248 τὸν
330 2171 394 2266 τῆς
422 2164 656 2250 ἀναστάσεως
684 2164 852 2265 δηλονότι
880 2165 1013 2270 καιρὸν,
1036 2170 1120 2247 ἀλλ’
1148 2173 1177 2247 εί
1204 2165 1331 2269 πικρὸν
1360 2167 1445 2264 ὑμῖν
1463 2202 1503 2262 15

240 2286 326 2370 εἶναι
356 2289 398 2369 τὸ
426 2288 643 2393 κολάζεσθαι
672 2292 777 2386 δοκεῖ,
798 2293 856 2369 καὶ
883 2291 1100 2392 ἀπεράντους
1129 2289 1363 2396 λελυπημένῳ
1391 2295 1446 2396 τῷ

75 2439 188 2494 2³⁵A.
211 2415 394 2515 ακρίνοντι
427 2412 491 2496 τάς
524 2411 623 2497 δίκας
656 2413 807 2516 ὑπέχειν,
834 2413 884 2513 μὴ
913 2414 1148 2518 παρατρέχειν
1177 2417 1253 2494 ε’ἀτε
1286 2412 1350 2493 τὸν
1378 2417 1445 2512 τῆς

240 2537 432 2618 εὐπειθείας
449 2535 581 2637 καιρδυ,
596 2533 680 2614 ἀλλ’
696 2535 745 2615 ἔτι
764 2534 941 2638 παρόντος
960 2536 1256 2640 ἐπιδραττόμενοι,
1269 2535 1359 2641 πρὸς
1376 2532 1447 2634 τὴν

241 2657 382 2738 αίιύνιον
400 2660 604 2754 ἀναβαίνειν
622 2659 805 2760 ἐπείγεσθε
825 2659 928 2763 ζωήν.

193 2879 367 2969 τόὭοιιερ
398 2881 457 2968 stip
489 2883 507 2949 ὁ
539 2881 652 2969 Πατιίρ
683 2882 749 2968 ἔχει
778 2883 862 2971 ζωιίν
890 2884 924 2947 ὲν
950 2884 1065 2968 ἑαυτῷ,
1089 2887 1193 2950 οὕτως
1223 2885 1275 2949 καί
1306 2889 1355 2968 τῷ
1378 2881 1450 2968 Υἰῷ
1463 2910 1505 2950 20

194 3018 227 3077 27
292 3005 398 3070 ἔδωκε
437 3009 521 3095 ζωιίν
561 3007 645 3092 ἔχειν
680 3007 715 3071 ἐν
752 3007 868 3091 ἑαυτῷ·
915 3007 967 3071 καί
1005 3009 1154 3075 ἐξουσίαν
1192 3009 1316 3074 ἔδωκεν
1352 3007 1447 3091 αὐτῷ

294 3130 396 3219 κρίοιν
424 3123 539 3212 ποιεῖν,
567 3134 617 3198 ὅτι
643 3129 712 3196 υἰόο
739 3131 915 3220 ἀνθρώπου
933 3133 1030 3198 ἐστίν.

291 3316 391 3419 Ὅρα
412 3319 455 3416 δή
478 3352 538 3415 μοι
556 3316 669 3397 πάλιν
688 3320 745 3397 καί
770 3316 836 3417 τὴν
854 3322 892 3399 ἐν
910 3319 1047 3405 τούτοις
1072 3320 1284 3417 οἰκονομίαν,
1303 3318 1360 3397 ἵνα
1380 3327 1447 3398 τοῦ

211 3440 358 3541 δλόγου
381 3438 570 3544 θαυμάσῃς
598 3438 639 3520 τὸ
667 3445 805 3544 σχῆμα,
824 3445 882 3519 καὶ
909 3440 959 3540 μὴ
986 3449 1060 3526 τοῖς
1087 3442 1132 3548 ἐξ
1157 3444 1310 3541 ἀμαθίας
1336 3476 1441 3542 περι·

242 3564 385 3641 πίπτων
412 3563 641 3657 σκανδάλοις,
670 3564 775 3646 αὐτὸς
805 3565 861 3644 ἐπὶ
890 3572 1031 3671 σεαυτῷ
1059 3565 1219 3670 καλέσης
1247 3564 1312 3658 τὴν
1336 3566 1442 3643 ἀπώ-
1463 3594 1503 3655 ²5

244 3694 355 3764 λειαν.
396 3684 583 3787 ἅνθρωπος
609 3685 792 3789 ὑπάρχων,
805 3685 903 3769 ,ὅσον
925 3693 973 3771 εἰς
996 3687 1062 3787 τὴν
1088 3687 1202 3793 φύσιν
1222 3696 1285 3766 τοῦ
1310 3686 1441 3785 στύμα-

243 3811 352 3905 τος,ὀ
374 3808 593 3909 Μονογενὴς,
614 3813 672 3887 καὶ
697 3813 744 3892 ὡς
769 3807 817 3893 εἷς
842 3810 886 3916 ἐξ
908 3811 1009 3908 ἡμῶν
1028 3813 1084 3891 ἐπὶ
1103 3816 1166 3909 τῆς
1190 3815 1257 3912 γῆς
1279 3811 1328 3889 ε”τι
1352 3810 1448 3909 μετά

278 4021 305 4068 4.
323 4002 456 4056 ἀκούσωσι
471 4002 503 4056 13.
514 3966 660 4056 ικοιιθέἷ
671 4001 706 4055 υ.
719 4002 861 4057 ακσουσι
875 4002 925 4056 Ed.
1001 4018 1028 4126 ᾗ.
1047 4002 1157 4072 (μασι
1171 4004 1243 4059 ιιι).
1256 4004 1377 4074 ζήσαντα
1391 4005 1447 4060 ιω.

243 4071 270 4123 6.
289 4071 304 4140 ἢ
325 4077 360 4126 ὣν
371 4081 539 4141 assumptum
552 4090 583 4126 ex
599 4072 631 4125 B.
727 4072 752 4127 8.
771 4073 916 4140 δικάζοντος
930 4072 961 4126 Β.
975 4073 1000 4126 δι
1017 4074 1143 4130 ἀσκοντος
1156 4074 1206 4128 Εθ.
1307 4091 1346 4129 11.
1366 4075 1447 4130 ὑστέ-

243 4163 299 4221 ροις
330 4145 470 4224 -ί-κοιροῑς
485 4143 516 4194 B.
627 4159 668 4195 12.
688 4142 837 4196 ἐπιδεικνύει
851 4142 884 4196 Β.
896 4143 1010 4198 δείκνυσι
1024 4144 1075 4198 Ed.
1177 4161 1218 4214 13.
1237 4146 1321 4215 φησίν
1334 4145 1448 4201 ἔσεσθαι

244 4211 455 4266 1nversoord1ne
469 4211 501 4265 B.
618 4228 659 4278 ¹4·
678 4211 733 4280 ἥξει
745 4234 773 4265 τε
784 4213 885 4269 πάντας
899 4213 931 4267 Β.
1048 4214 1087 4267 16.
1107 4210 1170 4268 εἶναι
1182 4225 1350 4285 assumptum
1363 4234 1396 4269 ex
1411 4216 1448 4273 B.

243 4281 385 4349 ἀπέραντον
397 4283 456 4337 τοὺς
469 4281 502 4334 Β.
615 4296 655 4351 17.
673 4284 717 4349 τῆς
730 4300 783 4336 om.
799 4282 831 4335 B.
948 4301 989 4354 19.
1008 4283 1153 4347 ἀναβαίνειν
1165 4285 1301 4355 ἐπείγεσθε
1314 4285 1380 4353 ζωήν
1391 4285 1448 4341 hoc

244 4350 336 4403 ordine
350 4351 420 4405 B.D.
433 4351 498 4418 ζωην
510 4361 570 4406 ante
582 4351 657 4414 ἀναβ.
671 4363 704 4405 tr.
717 4351 768 4406 Ed.
841 4369 883 4406 21.
902 4354 979 4407 ἔδωκε
1012 4354 1066 4408 n'us
1078 4354 1109 4407 B.
1123 4355 1216 4408 δέδωκε
1230 4355 1282 4409 Ed.
1296 4355 1388 4426 [ἔδωκε
1402 4360 1448 4412 καὶ

244 4423 280 4505 133
293 4422 338 4491 υἱῷ
351 4420 400 4490 a.].
474 4438 516 4473 22.
537 4421 701 4489 κρίσινΒ.Ι).
716 4372 1017 4492 καίκρίσινῦῐομᾝά.
1090 4440 1132 4492 25.
1152 4425 1449 4494 καλίσῃςΒ.ιιαλε’σεις

245 4489 296 4542 hd.
309 4500 452 4560 utrumque
465 4491 544 4544 habet
558 4493 593 4545 D.
607 4491 641 4545 cf.
655 4509 736 4562 supra
752 4507 799 4563 197
812 4511 836 4546 ιι.
