3038 5018
258 295 323 359 402
562 296 601 359 Β.
624 292 834 359 CYRILLI
863 292 1152 359 ALEXANDR.
1366 291 1411 355 vi.
1427 308 1456 352 1.

91 447 216 577 {mi
261 453 489 560 εὑρεθήσεται
507 467 529 504 “
545 456 731 558 Ζητήσετέ
751 492 807 556 με,
826 460 884 537 καὶ
901 459 968 562 οὐχ
986 456 1165 561 εὑρήσετε,
1183 458 1241 536 καὶ
1267 454 1357 535 ὅπου
1382 451 1458 554 ἐγὼ

94 593 133 628 ²¹·
262 589 284 626 “
302 579 428 681 ὑπάγω
457 583 553 679 ὑμεῖς
580 580 622 659 ού
649 578 805 660 δύνασθε
832 582 983 661 ε’λθεῖν.”
1022 581 1188 679 λειοτάτη
1213 576 1372 680 μὲνγὰρ
1396 579 1459 657 καὶ

224 708 246 774 b
260 701 467 807 εύπόρευτος
485 707 543 785 καὶ
562 700 661 784 οὐδέν
677 703 813 808 έχουσα
831 703 874 783 τό
891 702 1006 808 τραχύ
1023 712 1098 789 τοῖς
1115 703 1175 784 διά
1191 705 1347 787 πίστεως
1364 698 1459 804 πρός

260 824 368 906 αὐτόν
389 832 505 907 ἰοῦσιν
527 828 549 928 ἡ
575 825 633 907 διά
659 832 724 927 τῆς
752 828 977 928 δικαιοσύνης
1003 827 1095 925 ὁδός,
1113 823 1392 931 ε’κτετραχυμένη
1418 823 1459 904 δὲ

260 952 318 1028 καὶ
336 949 499 1050 ἀνάντης,
510 959 655 1049 μᾶλλον
668 950 706 1031 δὲ
725 950 784 1031 καὶ
800 950 999 1036 ἀδιόδεντος
1017 957 1205 1036 παντελῶς
1221 957 1294 1034 τοῖς
1313 978 1456 1051 παρορ·
1472 968 1490 1028 5

260 1072 419 1175 γίζουσιν
441 1073 559 1172 αὐτόν,
577 1074 670 1154 κατὰ
692 1072 736 1154 τό
761 1075 944 1177 εἰρημένον
966 1076 1007 1154 δι’
1028 1073 1105 1158 ἑνός
1129 1081 1202 1154 τῶν
1225 1076 1337 1176 ἁγίων
1359 1104 1454 1174 προ·

260 1203 387 1301 φητῶν
419 1208 440 1244 “
456 1195 560 1277 Διότι
596 1199 726 1277 εὐθεῖαι
762 1203 799 1277 αἱ
836 1199 912 1277 ὁδοὶ
948 1206 1012 1277 τοῦ
1051 1198 1197 1300 Κυρίου,
1234 1201 1291 1277 καὶ
1330 1196 1460 1275 δίκαιοι

260 1331 283 1368 “
300 1321 538 1424 πορεύσονται
569 1322 607 1400 ἐν
639 1321 771 1416 αὐταῖς,
804 1325 838 1398 οἱ
870 1318 908 1399 δέ
940 1321 1085 1416 ἀσεβεῖς
1117 1318 1388 1420 ἀσθενήσουσιν
1420 1319 1461 1395 ἐν

259 1453 282 1491 “
301 1445 458 1528 αὐταῖς.”
501 1445 627 1523 οὐκοῦν
662 1441 706 1524 τό
744 1441 944 1543 δυσήνυτον
975 1442 1109 1545 ὥσπερ,
1141 1450 1287 1541 μᾶλλον
1322 1440 1361 1520 δὲ
1399 1441 1460 1518 καῖ

261 1565 448 1666 ἀνήνυτον,
468 1573 542 1652 τοῖς
559 1568 752 1663 Ἰουδαίοις,
774 1570 837 1666 τῆς
863 1569 911 1650 ὡς
935 1567 989 1647 ἐπ’
1010 1566 1119 1645 αὐτὸν
1138 1566 1326 1665 νοουμένης
1354 1566 1457 1659 ὁδοῦ,
1477 1593 1514 1633 10

230 1689 303 1769 οτὸ
328 1689 464 1797 μεταξύ
486 1695 550 1790 τῆς
573 1688 769 1791 θαλάσσης
794 1689 1052 1790 κατασημαίνει
1076 1689 1269 1789 διάστημα,
1294 1690 1370 1768 ε’πεὶ
1399 1688 1462 1773 καὶ

259 1816 323 1911 τῆς
361 1812 615 1913 δυσσεβούσης
650 1818 774 1918 ψυχῆς
810 1810 1050 1920 ἀναφράττειν
1086 1811 1353 1915 ἐπαγγέλλεται
1393 1808 1461 1896 τάς

199 2003 206 2017 .
260 1932 364 2021 ὀδοὺς
389 1938 427 2016 ἐν
453 1935 657 2043 προφήταις
685 1939 705 2015 6
733 1933 828 2020 Θεός
855 1936 975 2038 λέγων
1001 1946 1024 1984 “
1038 1933 1112 2015 Διά
1141 1944 1248 2015 τοῖττο
1279 1929 1357 2014 ίδοό
1386 1931 1462 2033 ἐγὼ

259 2069 281 2108 “
300 2056 462 2166 φράσσαι
480 2057 547 2158 τήν
565 2058 649 2140 ὁδὸν
666 2061 775 2160 αὐτῆς
792 2061 831 2139 έν
848 2057 1014 2167 σκόλοψι
1038 2061 1096 2140 καὶ
1121 2056 1187 2158 τὴν
1204 2058 1330 2161 τρίβον
1347 2057 1461 2156 αὐτῆς

258 2194 281 2232 “
299 2186 341 2263 ού
367 2184 418 2284 μὴ
445 2185 565 2290 εὕρη.”
603 2183 692 2287 ὅπερ
715 2184 778 2263 οὖν
801 2184 839 2262 έν
856 2183 998 2274 ε’κείνοις
1021 2182 1174 2283 ἐδήλουν
1195 2186 1229 2261 οἱ
1254 2178 1458 2279 σκόλοπες,
1477 2208 1513 2268 ¹5

257 2315 363 2387 τοῦτο
382 2311 441 2386 καὶ
459 2309 496 2386 ἐν
515 2307 652 2392 τούτοις
671 2307 692 2407 ή
711 2305 889 2386 θάλασσα
907 2312 980 2386 τῶν
996 2303 1215 2414 ἀφυλάκτως
1230 2306 1462 2408 έμπαροινεῖν

258 2429 436 2528 ἑλομένων
454 2426 518 2509 τόν
538 2429 841 2533 ἐμπαροινηθέιτα
865 2425 1069 2533 χωρίζουσα
1095 2431 1154 2509 καὶ
1179 2433 1360 2509 διεστῶσα
1384 2433 1462 2507 τῶν

257 2553 326 2656 ούχ
344 2553 456 2632 ὁσίων
474 2549 538 2631 τόν
555 2551 671 2632 όσιον.

308 2671 431 2755 Ἕοικε
449 2674 494 2754 δέ
505 2709 539 2754 τι
558 2677 614 2754 καὶ
633 2675 752 2778 ἕτερον
769 2673 853 2771 ἡμῖν
870 2677 919 2759 ὡς
936 2676 975 2754 έν
993 2677 1119 2754 ὠδῖσιν
1137 2676 1158 2755 6
1175 2674 1286 2758 τύπος
1305 2707 1462 2775 κεκρυμ-

224 2798 366 2947 δμέρον
383 2798 476 2946 ἔχειν
497 2796 705 2901 μυστήριον.
743 2796 803 2877 ότε
826 2797 898 2901 γὰρ
923 2802 987 2897 τῆς
1006 2799 1214 2899 Αῖγιπιτίων
1237 2796 1463 2903 ἐξεπέμπετο
1477 2831 1514 2873 ιο

256 2921 377 3074 χώρας
395 2923 415 3000 6
433 2919 597 3024 Ἰσραήλ,
610 2919 859 3022 ἠκολούθει
816 2955 882 3018 μεν
899 2922 984 3000 λίαν
1002 2920 1290 3023 ἐκτεθηγμενος
1273 2917 1463 3022 οΦαραάι,

256 3049 315 3127 ἐπι
301 3044 371 3126 δέ
388 3051 465 3130 ταῖς
483 3043 722 3145 ἀδοκήτοις’
687 3045 893 3145 ευπραγίαις
910 3052 975 3125 τοῦ
999 3043 1121 3127 ἔθνους
1144 3041 1460 3150 ε’ξοιστρούμενος,

256 3167 304 3248 τά
324 3173 364 3250 ἐκ
386 3170 524 3275 φθόνου
548 3172 607 3249 καὶ
632 3168 751 3268 λύπης
775 3171 988 3267 ἀποτολμάν
1006 3164 1104 3275 νόμην
1128 3171 1181 3274 τῷ
1205 3163 1324 3270 μάχης
1349 3165 1461 3265 ἠπεί-

256 3321 354 3394 γετο
398 3291 585 3393 ἠκολούθει
621 3290 670 3388 δε,
702 3291 879 3371 δύνασθαι
915 3293 1232 3392 παλινδρομεῖν’
1203 3323 1252 3373 εις
1284 3287 1464 3368 δουλείαν

256 3413 475 3516 ἀναγκάσειν
507 3414 664 3513 οἰόμενος
700 3411 783 3499 τοὺς
820 3412 892 3521 ὀφέ
928 3416 987 3494 καὶ
1023 3410 1132 3512 μόλις
1167 3415 1233 3512 τῆς
1270 3413 1329 3491 ὑπ’
1361 3412 1514 3520 αύτῷεε

257 3536 398 3637 θητείας
434 3537 675 3622 ε’κδεδυκότας·
715 3536 817 3617 ἀλλά
854 3536 1031 3641 διεβίβαζε
1067 3533 1134 3635 μέν
1169 3533 1235 3615 τδν
1271 3532 1366 3614 λαόν
1399 3534 1464 3616 διά

256 3659 454 3761 θαλάσσης
481 3659 596 3760 μέσης
623 3659 726 3758 Θεὸς,
751 3663 772 3741 6
800 3659 838 3740 δὲ
867 3660 1003 3740 διώκων
1027 3657 1177 3744 ἐντόνως
1204 3661 1263 3739 καὶ
1290 3665 1464 3764 χαλῖισαι

257 3784 323 3885 μέν
349 3783 417 3884 τὴν
443 3781 555 3887 ἀργὴν
581 3786 754 3884 μηδαμῶς
785 3783 1008 3887 ἀνεχόμενος,
1040 3789 1229 3888 θεομαχεῖν
1261 3781 1299 3862 δὲ
1332 3817 1460 3887 παρα-

227 3908 378 4011 θλόγως
393 3905 695 4007 ἀναπεπεισμένος
714 3907 758 4013 ἐξ
777 3905 933 4009 ἀκράτου
951 3912 1075 4006 θυμοῦ,
1094 3905 1186 3986 κατά
1207 3904 1328 4005 μέσην
1346 3904 1464 4007 αὐτὴν

256 4037 485 4139 πανστρατιᾷ
520 4029 758 4133 κατεπνίγετυ,
791 4030 978 4134 διεσώζετο
1014 4028 1052 4109 δὲ
1088 4026 1197 4128 μόνος
1232 4031 1253 4108 6
1284 4029 1460 4132 Ἰσραήλ.
1475 4053 1513 4113 80

90 1186 155 1236 Ηοι.
164 1187 214 1236 xiv.

90 1266 116 1318 9·

290 4320 318 4370 4.
335 4301 418 4374 ἦδυὶ]
433 4301 546 4357 ῖδίωιΒ.
602 4300 822 4391 ἐκτετραχυμμινη
741 4301 872 4370 μμίνηῐ).
997 4317 1024 4372 9.
1043 4299 1155 4369 δὲμᾶλλ
1083 4298 1303 4369 μαλλονίυτοηο
1314 4296 1463 4357 οτδίοοΒ.

254 4370 521 4428 Θίιίιωκοιοω.Β.
558 4369 884 4462 Ροεῐῖι.ν.σμήνιηονΒ.
972 4389 1014 4427 1
987 4367 1465 4508 ἙπροφήτωςόβπροφίηΖΕᾶ

255 4388 1015 4583 ’ἀυχῗίῖἰῖῖῳὲῖίάἰιυωῗὲιρωωῖ“ἀ3ῖ
1017 4438 1465 4583 Ὺέξὶἶάἀωοῖὰ
