3038 5018
85 292 260 380 ,vi.48-5o.
294 296 351 362 IN
381 297 415 364 S.
438 297 693 364 JOANNEM.
739 297 835 363 LIB.
857 297 918 363 1v.
964 295 1139 364 CARH.
1224 297 1287 360 515

90 464 203 544 τύπον
237 464 328 567 πρὸς
359 464 400 547 τδ
433 466 564 568 ἀληθὲς
592 473 743 547 ποιεῖται
775 463 840 565 τῆν
872 462 1078 567 σύγκρισιν,
1105 462 1148 543 ἵν’
1178 464 1291 545 οὕτως

90 589 209 668 εἰδεῖεν
228 590 292 670 ούκ
310 592 441 671 ε’κεῖνον
459 589 546 671 ἄντα
567 589 630 670 τὸν
649 590 760 692 ἄρτον
778 585 842 688 τὸν
860 589 905 695 ἐξ
920 589 1081 693 ούρανοῦ,
1101 587 1185 666 ἀλλ’
1207 583 1288 686 δνῆ

90 710 382 816 τοῦπράγματος
406 722 511 818 πεῖρα
535 722 696 795 τοιοῦτον
714 712 806 794 κατὰ
827 711 942 819 φύσιν
960 710 1046 792 ἄντα
1065 709 1223 791 δεικνύει·
1254 715 1289 790 οῖ

90 834 246 938 μὲνγὰρ
273 838 439 942 ὑμέτεροι,
460 842 564 946 φησὶ,
583 837 732 941 πατέρες
759 872 798 918 τε
826 840 883 917 καὶ
911 834 1082 940 πρόγονοι
1110 834 1289 942 φαγόντες

60 958 133 1040 5τῖι
161 959 289 1058 μάννα,
317 966 363 1065 τῆ
389 971 452 1043 τοῦ
484 961 653 1061 σώματος
682 961 792 1066 φύσει
821 959 863 1040 τὸ
890 961 993 1065 χρέος
1021 958 1285 1054 ἀποδεδώκασι,

89 1083 314 1186 πρόσκαιρον
342 1087 384 1166 δι’
407 1087 538 1167 ἐκείνου
565 1084 632 1185 τῆν
657 1083 750 1188 ζωὴν
771 1084 1085 1188 ἀποκερδᾶυαντες,
1108 1085 1166 1163 καὶ
1194 1078 1320 1188 ἐφῆ·ο

90 1242 200 1310 μερον
219 1208 284 1310 τῆν
304 1210 348 1316 ἐξ
363 1211 471 1289 αύτοιῖ
490 1208 630 1315 τροφὴν
647 1215 693 1315 τῆ
711 1212 821 1311 σαρκὶ
843 1207 1154 1312 προσκομίζοντες,
1172 1204 1213 1285 τὸ
1238 1203 1289 1305 μῆ

91 1335 292 1434 παραυτίκα
310 1333 475 1414 τεθνάναι
498 1331 606 1433 μόλις
631 1332 954 1437 ἑπραγματεύοντο.
995 1331 1047 1432 ε’ίη
1067 1329 1100 1412 δ’
1120 1329 1165 1410 ἄν
1182 1333 1287 1432 ἐναρ-
1384 1336 1385 1340 ’

90 1454 263 1558 γεστοίτη,
277 1461 404 1563 φησὶν,
419 1457 597 1565 ἀπόδειξις
616 1465 681 1538 τοῖν
697 1456 748 1558 μῆ
768 1455 878 1560 ἄρτον
894 1452 981 1536 εῖναι
999 1454 1063 1537 τόν
1081 1455 1125 1563 ἐξ
1140 1455 1290 1557 ούρανοῦ

39 1617 78 1659 10
92 1577 183 1660 κατὰ
208 1580 250 1661 τὸ
275 1581 531 1686 ἀληθέστερον,
548 1580 591 1662 τὸ
609 1580 816 1682 μηδαμόθεν
833 1584 882 1665 εῖς
906 1580 1117 1687 ἀφθαρσίαν
1134 1582 1271 1685 ὠφελεῖ
1272 1622 1288 1638 ·

91 1710 180 1784 σθαι
199 1706 241 1784 δί
263 1707 373 1785 αὐτοῦ
389 1703 472 1790 τούς
489 1704 768 1811 μετεσχηκότας·
805 1711 956 1804 σημεῖον
974 1703 1012 1784 δὲ
1029 1700 1144 1785 πόλιν
1161 1701 1291 1802 ὁμοίως

91 1836 155 1906 τοῦ
173 1829 299 1931 κυρίως
317 1863 356 1908 τε
375 1832 434 1910 καὶ
453 1833 598 1931 ιἰληθῶς
617 1829 727 1932 ἄρτον
746 1824 833 1909 εἶναι
857 1827 945 1931 ζωῆς
970 1827 1033 1908 τὸν
1050 1825 1151 1926 Υῖδν,
1169 1825 1211 1906 τὸ
1232 1829 1291 1906 καὶ

92 1953 210 2032 αύτῶν
239 1954 513 2034 ἀναδείκνυσθαι
546 1954 749 2059 κρείττονας
782 1958 854 2033 τῶν
887 1954 925 2031 ἐκ
959 1952 1115 2033 θανᾶτου
1147 1955 1292 2050 δεσμῶν

91 2073 174 2160 τοὺς
202 2074 305 2184 ἅπαξ
329 2075 608 2182 μετεσχηκότας,
634 2079 692 2157 καῖ
720 2074 1023 2178 ἄνακεκραμένους
1049 2074 1184 2177 τρόπον
1211 2070 1322 2153 τινὰι
1347 2095 1457 2155 am

40 2224 78 2287 ¹5
93 2199 151 2279 διὰ
169 2204 233 2301 τῆς
251 2204 434 2287 κοινωνίας
452 2203 562 2311 αύτῷ.
604 2201 659 2281 ὅτι
677 2198 750 2304 γδρ
767 2197 880 2280 πάλιν
899 2204 946 2284 εἰς
964 2197 1081 2279 εἰκόνα
1097 2194 1290 2298 μιῖλλον,ἦ

91 2322 210 2421 σκιὰν,
238 2333 302 2405 τοῦ
329 2331 495 2428 Χριστοῦ
524 2323 566 2407 τδ
597 2323 716 2425 μάννα
742 2320 976 2423 λαμβάνεται,
1004 2320 1154 2402 καὶτὸν
1182 2321 1292 2424 ἄρτον

92 2447 272 2548 ὑπεδήλου
296 2454 360 2549 τῆς
385 2450 485 2554 ζωῆς,
503 2447 590 2529 αὐτὸ
611 2447 650 2528 δὲ
676 2449 739 2528 ούκ
756 2445 801 2549 ῆν
818 2456 834 2530 ὁ
853 2446 912 2542 τῆς
929 2445 1013 2556 ζωῆς
1031 2443 1139 2555 ἄρτος,
1158 2444 1292 2548 εἴρηται

92 2568 158 2670 μὲν
176 2573 260 2672 ῆμῖν
278 2572 336 2654 διὰ
354 2581 519 2654 πολλῶν·
552 2578 722 2675 συνεργεῖ
743 2570 785 2651 δέ
803 2606 880 2657 πως
905 2573 964 2652 καὶ
987 2572 1008 2650 ὁ
1032 2569 1236 2679 ψαλμῳδὸς
1253 2569 1292 2648 ε’ν

91 2696 266 2797 πνεύματι
294 2704 393 2794 βοῶν
412 2697 585 2802 “”Αρτον
610 2698 763 2800 ούρανοῦ
791 2696 919 2778 ἔδωκεν
941 2696 1070 2794 αύτοῖς,
1093 2695 1202 2798 ἄρτον
1223 2693 1290 2796 οῖγ-
1334 2696 1423 2813 ξξῶ

33 2830 115 2897 v20“
133 2819 255 2923 γέλων
282 2792 417 2929 ἕφόγεν
446 2821 670 2926 ἄνθρωπος.”
719 2824 816 2900 δοκεῖ
839 2820 904 2917 μὲν
931 2819 1003 2923 γάρ
1030 2855 1107 2904 πως
1131 2821 1152 2897 ό
1179 2815 1291 2918 λόγος
1338 2839 1427 2893 ’μιν

91 2948 150 3026 ε’πὶ
167 2955 240 3030 τοῖς
259 2946 303 3053 ἐξ
318 2945 474 3052 Ἰσραῆλ
493 2951 657 3050 εἰρῆσθαι
683 2942 783 3048 παρᾶ
807 2953 871 3025 τοῦ
893 2942 1201 3050 πνευματοφόρου,
1220 2939 1325 3046 ἕχειῐ)

92 3069 130 3150 δὲ
150 3073 216 3176 ούχ
232 3073 325 3151 ούτω
344 3068 387 3152 τό
413 3068 553 3172 ἀληθὲς,
571 3071 627 3177 ἐφ’
650 3071 735 3169 ἡμῖν
754 3069 791 3149 δὲ
808 3074 955 3167 μιῖλλον
973 3070 993 3149 ὁ
1012 3073 1084 3148 τῶν
1102 3063 1294 3170 εἰρημένων

92 3195 230 3280 σκοπὸς
256 3197 488 3278 συντείνεται.
527 3193 551 3296 ῆ
578 3193 650 3297 γὰρ
676 3196 739 3274 ούκ
764 3194 884 3293 εὔηθες
909 3195 968 3272 καὶ
992 3190 1142 3291 ἀνόητον
1164 3191 1293 3294 κομιδῆ

92 3320 175 3405 τούς
193 3318 298 3404 ὄντας
317 3319 409 3400 κατὰ
431 3319 495 3399 τὸν
513 3317 666 3421 ούρανδν
685 3319 807 3419 ἁγίους
830 3313 1020 3419 ἄγγε’λους,
1040 3315 1153 3395 καίτοι
1177 3310 1293 3418 φύσιν

39 3470 80 3531 25
93 3442 275 3550 λαχόντας
297 3443 363 3545 τῆν
385 3442 591 3543 ἀσώματον,
610 3442 813 3547 παχυτερας
838 3441 1020 3545 μετίσχειν
1042 3439 1180 3519 οἴεσθαι
1202 3471 1289 3541 τρο·

94 3573 176 3676 φῆς,
208 3571 267 3649 καί
299 3573 440 3650 δεῖσθαι
472 3563 714 3668 βοηθημάτων
745 3571 793 3650 εῖς
829 3563 871 3646 τὸ
904 3567 1169 3665 διακρατεῖσθαι
1200 3560 1292 3667 πρὸς

92 3692 194 3797 ζωῆν,
214 3693 348 3773 ὁποίων
365 3727 434 3796 περ
453 3689 497 3770 ἄν
517 3695 575 3771 καὶ
592 3693 690 3770 τουτὶ
709 3687 751 3770 τὸ
770 3690 809 3770 ε’κ
827 3693 894 3792 γῆς
912 3686 1130 3786 ἐπιθυμήσω
1152 3692 1261 3784 σῶμα
1276 3718 1287 3782 3

93 3818 177 3896 ἄλλ’
199 3814 300 3896 οὐδὲν
319 3813 415 3914 οἶμαι
434 3811 597 3921 χαλεπόν
616 3816 756 3911 ε’ννοεῖν,
776 3815 824 3899 ὡς
843 3813 984 3914 ε’πείπερ
1002 3812 1072 3890 εἰσὶ
1089 3807 1289 3909 πνεύματα,

93 3940 257 4042 τοιαύτης
284 3939 330 4019 ἄν
354 3940 489 4022 δέοιντο
516 3940 575 4019 καὶ
602 3941 751 4046 τροφῆς,
776 3940 1012 4035 πνευματικῆς
1040 3932 1206 4036 δηλονότι
1235 3936 1322 4013 καῖο

37 4099 80 4158 30
93 4069 231 4164 νοητῆς.
272 4071 349 4148 πῶς
378 4065 440 4144 οὖν
465 4063 573 4165 ἄρτος
601 4060 769 4165 οῖγγίλων
793 4067 866 4144 τοῖς
893 4067 965 4139 τῶν
988 4058 1169 4138 Ἰουδαίων
1197 4092 1288 4161 προ-

92 4188 212 4291 γόνοις
230 4192 498 4294 κεχορηγῆσθαι
517 4186 670 4291 λέγεται,
691 4191 720 4264 εῖ
739 4185 909 4286 ἄληθεύοι
927 4181 1136 4263 τὰτοιαῦτα
1155 4188 1254 4279 βοοῖν
1271 4183 1292 4261 ὁ

133 4425 155 4462 1.
174 4407 266 4479 οὕτως]
280 4408 360 4465 ὅντως
374 4408 406 4462 Β.
529 4424 556 4478 3.
574 4403 704 4478 τοιοῦτον]
717 4407 810 4459 τοῦτον
822 4404 855 4458 Β.
974 4402 1000 4456 6.
1019 4401 1246 4472 ἄποκερδαίνοντες
1259 4400 1293 4457 Β.

95 4493 120 4548 7.
138 4477 230 4550 αὐτοῦ]
245 4480 342 4533 ἐκείνου
356 4478 388 4533 Β.
485 4480 527 4533 18.
546 4475 680 4549 συνεργεῖ]
695 4475 784 4546 σννίρι
797 4479 840 4545 (=
852 4474 966 4544 συνερεῖ)
980 4473 1013 4529 Β.
1109 4489 1153 4544 31.
1170 4470 1293 4542 ἄληθεύοι

93 4551 124 4604 τὰ
137 4554 242 4605 τοιαῦτα
256 4550 288 4605 Β.
303 4549 423 4620 ἀληθεύει
435 4553 514 4604 ταῦτα
527 4548 579 4605 Ed.

648 4650 740 4716 3112
