<?xml version="1.0" encoding="UTF-8"?>
<!DOCTYPE html PUBLIC "-//W3C//DTD XHTML 1.0 Transitional//EN"
    "http://www.w3.org/TR/xhtml1/DTD/xhtml1-transitional.dtd">
<html xmlns="http://www.w3.org/1999/xhtml" xml:lang="en" lang="en">
 <head>
  <title>
</title>
<meta http-equiv="Content-Type" content="text/html;charset=utf-8" />
  <meta name='ocr-system' content='tesseract 3.04.00' />
  <meta name='ocr-capabilities' content='ocr_page ocr_carea ocr_par ocr_line ocrx_word'/>
</head>
<body>
  <div class='ocr_page' id='page_1' title='image "./sanctipatrisnos00pusegoog_0204.png"; bbox 0 0 3038 5018; ppageno 0'>
   <div class='ocr_carea' id='block_1_1' title="bbox 62 286 1262 378">
    <p class='ocr_par' dir='ltr' id='par_1_1' title="bbox 62 286 1262 378">
     <span class='ocr_line' id='line_1_1' title="bbox 62 286 1262 378; baseline 0.003 -27"><span class='ocrx_word' id='word_1_1' title='bbox 62 286 84 352; x_wconf 87' lang='lat' dir='ltr'>i.</span> <span class='ocrx_word' id='word_1_2' title='bbox 98 303 152 376; x_wconf 82' lang='lat'>35,</span> <span class='ocrx_word' id='word_1_3' title='bbox 164 291 216 378; x_wconf 86' lang='lat'>36.</span> <span class='ocrx_word' id='word_1_4' title='bbox 256 290 313 356; x_wconf 91' lang='lat' dir='ltr'>IN</span> <span class='ocrx_word' id='word_1_5' title='bbox 344 291 657 358; x_wconf 84' lang='lat' dir='ltr'><strong>S.JOANNEM.</strong></span> <span class='ocrx_word' id='word_1_6' title='bbox 704 293 871 359; x_wconf 85' lang='lat' dir='ltr'><strong>LIB.II.</strong></span> <span class='ocrx_word' id='word_1_7' title='bbox 916 294 1072 360; x_wconf 80' lang='lat' dir='ltr'>CARI.</span> <span class='ocrx_word' id='word_1_8' title='bbox 1201 292 1262 358; x_wconf 88' lang='lat'>191</span> 
     </span>
    </p>
   </div>
   <div class='ocr_carea' id='block_1_2' title="bbox 10 451 1298 2911">
    <p class='ocr_par' dir='ltr' id='par_1_2' title="bbox 10 451 1298 2911">
     <span class='ocr_line' id='line_1_2' title="bbox 62 451 1266 564; baseline 0.004 -34"><span class='ocrx_word' id='word_1_9' title='bbox 62 451 127 536; x_wconf 81' lang='grc' dir='ltr'>τὰς</span> <span class='ocrx_word' id='word_1_10' title='bbox 158 453 375 551; x_wconf 78' lang='grc' dir='ltr'>μεταβάσεις</span> <span class='ocrx_word' id='word_1_11' title='bbox 408 463 592 557; x_wconf 90' lang='grc' dir='ltr'>ποιεῖσθαι</span> <span class='ocrx_word' id='word_1_12' title='bbox 624 457 795 564; x_wconf 88' lang='grc' dir='ltr'>πεφυκὸς,</span> <span class='ocrx_word' id='word_1_13' title='bbox 827 459 911 539; x_wconf 85' lang='grc' dir='ltr'>ἀλλ’</span> <span class='ocrx_word' id='word_1_14' title='bbox 946 462 995 543; x_wconf 82' lang='grc' dir='ltr'>ὡς</span> <span class='ocrx_word' id='word_1_15' title='bbox 1030 455 1195 561; x_wconf 81' lang='grc' dir='ltr'>πρόεισιν</span> <span class='ocrx_word' id='word_1_16' title='bbox 1226 457 1266 535; x_wconf 85' lang='grc' dir='ltr'>ἐκ</span> 
     </span>
     <span class='ocr_line' id='line_1_3' title="bbox 61 574 1264 688; baseline 0.006 -33"><span class='ocrx_word' id='word_1_17' title='bbox 61 574 174 677; x_wconf 84' lang='grc' dir='ltr'>πυρὸς</span> <span class='ocrx_word' id='word_1_18' title='bbox 191 577 215 676; x_wconf 83' lang='grc' dir='ltr'><strong><em>ἡ</em></strong></span> <span class='ocrx_word' id='word_1_19' title='bbox 233 580 365 658; x_wconf 82' lang='grc' dir='ltr'>ἐνοῦσα</span> <span class='ocrx_word' id='word_1_20' title='bbox 383 577 556 683; x_wconf 78' lang='grc' dir='ltr'>θερμότης</span> <span class='ocrx_word' id='word_1_21' title='bbox 574 581 683 688; x_wconf 78' lang='grc' dir='ltr'>αὐτῷ,</span> <span class='ocrx_word' id='word_1_22' title='bbox 703 585 863 661; x_wconf 84' lang='grc' dir='ltr'>δοκοῦσα</span> <span class='ocrx_word' id='word_1_23' title='bbox 881 580 948 680; x_wconf 74' lang='grc' dir='ltr'>μέν</span> <span class='ocrx_word' id='word_1_24' title='bbox 965 616 1043 666; x_wconf 89' lang='grc' dir='ltr'>πως</span> <span class='ocrx_word' id='word_1_25' title='bbox 1060 583 1264 662; x_wconf 84' lang='grc' dir='ltr'>αὐτοῦτοῖς</span> 
     </span>
     <span class='ocr_line' id='line_1_4' title="bbox 61 699 1268 808; baseline 0.003 -31"><span class='ocrx_word' id='word_1_26' title='bbox 61 699 227 785; x_wconf 75' lang='grc' dir='ltr'>ἐπινοίαις</span> <span class='ocrx_word' id='word_1_27' title='bbox 254 702 468 806; x_wconf 82' lang='grc' dir='ltr'>μερίζεσθαι,</span> <span class='ocrx_word' id='word_1_28' title='bbox 491 708 549 783; x_wconf 82' lang='grc' dir='ltr'>καὶ</span> <span class='ocrx_word' id='word_1_29' title='bbox 576 701 696 806; x_wconf 81' lang='grc' dir='ltr'>ἕτερόν</span> <span class='ocrx_word' id='word_1_30' title='bbox 721 739 756 784; x_wconf 91' lang='grc' dir='ltr'>τι</span> <span class='ocrx_word' id='word_1_31' title='bbox 782 706 866 807; x_wconf 91' lang='grc' dir='ltr'>παρ’</span> <span class='ocrx_word' id='word_1_32' title='bbox 894 703 980 786; x_wconf 86' lang='grc' dir='ltr'>αὑτὸ</span> <span class='ocrx_word' id='word_1_33' title='bbox 1010 701 1197 808; x_wconf 77' lang='grc' dir='ltr'>ὑπάρχειν,</span> <span class='ocrx_word' id='word_1_34' title='bbox 1224 701 1268 808; x_wconf 80' lang='grc' dir='ltr'>ἐξ</span> 
     </span>
     <span class='ocr_line' id='line_1_5' title="bbox 62 823 1262 936; baseline 0.003 -34"><span class='ocrx_word' id='word_1_35' title='bbox 62 823 171 904; x_wconf 86' lang='grc' dir='ltr'>αὑτοῦ</span> <span class='ocrx_word' id='word_1_36' title='bbox 190 825 227 906; x_wconf 73' lang='grc' dir='ltr'>δὲ</span> <span class='ocrx_word' id='word_1_37' title='bbox 245 827 339 906; x_wconf 88' lang='grc' dir='ltr'>οῦσα</span> <span class='ocrx_word' id='word_1_38' title='bbox 356 830 414 906; x_wconf 78' lang='grc' dir='ltr'>καὶ</span> <span class='ocrx_word' id='word_1_39' title='bbox 432 830 470 907; x_wconf 82' lang='grc' dir='ltr'>ἐν</span> <span class='ocrx_word' id='word_1_40' title='bbox 488 829 585 936; x_wconf 77' lang='grc' dir='ltr'>αὑτῷ</span> <span class='ocrx_word' id='word_1_41' title='bbox 607 826 698 908; x_wconf 80' lang='grc' dir='ltr'>κατὰ</span> <span class='ocrx_word' id='word_1_42' title='bbox 724 829 849 935; x_wconf 83' lang='grc' dir='ltr'>φύσιν,</span> <span class='ocrx_word' id='word_1_43' title='bbox 869 832 928 909; x_wconf 81' lang='grc' dir='ltr'>καὶ</span> <span class='ocrx_word' id='word_1_44' title='bbox 953 828 998 935; x_wconf 80' lang='grc' dir='ltr'>ἐξ</span> <span class='ocrx_word' id='word_1_45' title='bbox 1021 829 1130 908; x_wconf 88' lang='grc' dir='ltr'>αὑτοῦ</span> <span class='ocrx_word' id='word_1_46' title='bbox 1154 835 1262 928; x_wconf 85' lang='grc' dir='ltr'>προῖ-</span> 
     </span>
     <span class='ocr_line' id='line_1_6' title="bbox 29 937 1298 1055; baseline 0.001 -29"><span class='ocrx_word' id='word_1_47' title='bbox 29 955 156 1027; x_wconf 87' lang='grc' dir='ltr'>5οῦσα</span> <span class='ocrx_word' id='word_1_48' title='bbox 182 947 273 1046; x_wconf 81' lang='grc' dir='ltr'>μετὰ</span> <span class='ocrx_word' id='word_1_49' title='bbox 300 937 377 1030; x_wconf 30' lang='grc' dir='ltr'>τοῦ·</span> <span class='ocrx_word' id='word_1_50' title='bbox 391 947 503 1050; x_wconf 72' lang='grc' dir='ltr'>μηδὲν</span> <span class='ocrx_word' id='word_1_51' title='bbox 529 953 661 1030; x_wconf 78' lang='grc' dir='ltr'>ἀδικεῖν</span> <span class='ocrx_word' id='word_1_52' title='bbox 687 948 780 1031; x_wconf 79' lang='grc' dir='ltr'>κατά</span> <span class='ocrx_word' id='word_1_53' title='bbox 806 985 850 1055; x_wconf 90' lang='grc' dir='ltr'>γε</span> <span class='ocrx_word' id='word_1_54' title='bbox 877 951 941 1032; x_wconf 89' lang='grc' dir='ltr'>τὸν</span> <span class='ocrx_word' id='word_1_55' title='bbox 968 954 1155 1050; x_wconf 77' lang='grc' dir='ltr'>ἀποκοπῆς</span> <span class='ocrx_word' id='word_1_56' title='bbox 1186 948 1298 1048; x_wconf 83' lang='grc' dir='ltr'>ήτοιΙ)</span> 
     </span>
     <span class='ocr_line' id='line_1_7' title="bbox 60 1073 1264 1183; baseline 0 -33"><span class='ocrx_word' id='word_1_57' title='bbox 60 1080 238 1174; x_wconf 82' lang='grc' dir='ltr'>μερισμοῦ</span> <span class='ocrx_word' id='word_1_58' title='bbox 265 1076 323 1152; x_wconf 78' lang='grc' dir='ltr'>καὶ</span> <span class='ocrx_word' id='word_1_59' title='bbox 352 1073 508 1178; x_wconf 84' lang='grc' dir='ltr'>ῥεὺσεως</span> <span class='ocrx_word' id='word_1_60' title='bbox 541 1073 668 1177; x_wconf 89' lang='grc' dir='ltr'>λόγον·</span> <span class='ocrx_word' id='word_1_61' title='bbox 712 1073 783 1175; x_wconf 77' lang='grc' dir='ltr'>ὅλη</span> <span class='ocrx_word' id='word_1_62' title='bbox 815 1074 888 1178; x_wconf 81' lang='grc' dir='ltr'>γὰρ</span> <span class='ocrx_word' id='word_1_63' title='bbox 919 1077 958 1155; x_wconf 78' lang='grc' dir='ltr'>ἐν</span> <span class='ocrx_word' id='word_1_64' title='bbox 985 1074 1062 1183; x_wconf 80' lang='grc' dir='ltr'>όλιρ</span> <span class='ocrx_word' id='word_1_65' title='bbox 1094 1078 1146 1181; x_wconf 78' lang='grc' dir='ltr'>τῷ</span> <span class='ocrx_word' id='word_1_66' title='bbox 1175 1075 1264 1175; x_wconf 82' lang='grc' dir='ltr'>πυρὶ</span> 
     </span>
     <span class='ocr_line' id='line_1_8' title="bbox 60 1193 1264 1302; baseline 0.007 -30"><span class='ocrx_word' id='word_1_67' title='bbox 60 1193 224 1297; x_wconf 78' lang='grc' dir='ltr'>σώζεται·</span> <span class='ocrx_word' id='word_1_68' title='bbox 274 1198 367 1277; x_wconf 79' lang='grc' dir='ltr'>οὑτω</span> <span class='ocrx_word' id='word_1_69' title='bbox 405 1196 583 1298; x_wconf 92' lang='grc' dir='ltr'>νοήσομεν</span> <span class='ocrx_word' id='word_1_70' title='bbox 620 1202 678 1278; x_wconf 84' lang='grc' dir='ltr'>καὶ</span> <span class='ocrx_word' id='word_1_71' title='bbox 714 1200 772 1279; x_wconf 83' lang='grc' dir='ltr'>ἐπὶ</span> <span class='ocrx_word' id='word_1_72' title='bbox 808 1207 873 1279; x_wconf 89' lang='grc' dir='ltr'>τοῦ</span> <span class='ocrx_word' id='word_1_73' title='bbox 911 1199 1007 1280; x_wconf 89' lang='grc' dir='ltr'>θείου</span> <span class='ocrx_word' id='word_1_74' title='bbox 1043 1197 1264 1302; x_wconf 85' lang='grc' dir='ltr'>γεννήματος</span> 
     </span>
     <span class='ocr_line' id='line_1_9' title="bbox 62 1317 1263 1430; baseline 0 -34"><span class='ocrx_word' id='word_1_75' title='bbox 62 1317 375 1420; x_wconf 84' lang='grc' dir='ltr'>θεοπρεπεστάτην</span> <span class='ocrx_word' id='word_1_76' title='bbox 406 1320 459 1403; x_wconf 83' lang='grc' dir='ltr'>ἐπ’</span> <span class='ocrx_word' id='word_1_77' title='bbox 493 1323 589 1430; x_wconf 79' lang='grc' dir='ltr'>αὐτῷ</span> <span class='ocrx_word' id='word_1_78' title='bbox 625 1321 692 1422; x_wconf 84' lang='grc' dir='ltr'>τήν</span> <span class='ocrx_word' id='word_1_79' title='bbox 722 1323 871 1425; x_wconf 84' lang='grc' dir='ltr'>θεωρίαν</span> <span class='ocrx_word' id='word_1_80' title='bbox 904 1318 1164 1422; x_wconf 79' lang='grc' dir='ltr'>λαμβάνοντες’</span> <span class='ocrx_word' id='word_1_81' title='bbox 1204 1322 1263 1398; x_wconf 85' lang='grc' dir='ltr'>καὶ</span> 
     </span>
     <span class='ocr_line' id='line_1_10' title="bbox 61 1439 1262 1552; baseline 0.006 -33"><span class='ocrx_word' id='word_1_82' title='bbox 61 1439 151 1521; x_wconf 79' lang='grc' dir='ltr'>Υίὸν</span> <span class='ocrx_word' id='word_1_83' title='bbox 167 1440 234 1540; x_wconf 71' lang='grc' dir='ltr'>μὲν</span> <span class='ocrx_word' id='word_1_84' title='bbox 251 1443 346 1526; x_wconf 85' lang='grc' dir='ltr'>ῖδίως</span> <span class='ocrx_word' id='word_1_85' title='bbox 372 1445 570 1551; x_wconf 79' lang='grc' dir='ltr'>ὑφεστάναι</span> <span class='ocrx_word' id='word_1_86' title='bbox 596 1445 836 1543; x_wconf 84' lang='grc' dir='ltr'>πιστεύοντες,</span> <span class='ocrx_word' id='word_1_87' title='bbox 855 1448 897 1527; x_wconf 88' lang='grc' dir='ltr'>οῦ</span> <span class='ocrx_word' id='word_1_88' title='bbox 921 1445 994 1545; x_wconf 82' lang='grc' dir='ltr'>μὴν</span> <span class='ocrx_word' id='word_1_89' title='bbox 1010 1443 1081 1552; x_wconf 76' lang='grc' dir='ltr'>ἔξω</span> <span class='ocrx_word' id='word_1_90' title='bbox 1106 1442 1262 1526; x_wconf 76' lang='grc' dir='ltr'>τιθέντες</span> 
     </span>
     <span class='ocr_line' id='line_1_11' title="bbox 10 1562 1261 1677; baseline 0.006 -36"><span class='ocrx_word' id='word_1_91' title='bbox 10 1591 48 1677; x_wconf 69' lang='lat'>‚¹⁰</span> <span class='ocrx_word' id='word_1_92' title='bbox 61 1562 169 1643; x_wconf 85' lang='grc' dir='ltr'>αὑτὸν</span> <span class='ocrx_word' id='word_1_93' title='bbox 195 1569 259 1663; x_wconf 85' lang='grc' dir='ltr'>τής</span> <span class='ocrx_word' id='word_1_94' title='bbox 286 1573 370 1665; x_wconf 83' lang='grc' dir='ltr'>μιᾶς</span> <span class='ocrx_word' id='word_1_95' title='bbox 397 1571 454 1647; x_wconf 82' lang='grc' dir='ltr'>καῖ</span> <span class='ocrx_word' id='word_1_96' title='bbox 483 1567 676 1674; x_wconf 89' lang='grc' dir='ltr'>ἀφράστου</span> <span class='ocrx_word' id='word_1_97' title='bbox 703 1564 880 1669; x_wconf 75' lang='grc' dir='ltr'>θεότητος,</span> <span class='ocrx_word' id='word_1_98' title='bbox 908 1567 988 1649; x_wconf 74' lang='grc' dir='ltr'>οὐδὲ</span> <span class='ocrx_word' id='word_1_99' title='bbox 1020 1577 1085 1646; x_wconf 93' lang='grc' dir='ltr'>τοῦ</span> <span class='ocrx_word' id='word_1_100' title='bbox 1114 1564 1261 1669; x_wconf 88' lang='grc' dir='ltr'>Πατρὸς</span> 
     </span>
     <span class='ocr_line' id='line_1_12' title="bbox 61 1685 1262 1795; baseline 0.002 -29"><span class='ocrx_word' id='word_1_101' title='bbox 61 1687 284 1791; x_wconf 81' lang='grc' dir='ltr'>ἑτεροοόσιον</span> <span class='ocrx_word' id='word_1_102' title='bbox 305 1685 392 1768; x_wconf 82' lang='grc' dir='ltr'>εἶναι</span> <span class='ocrx_word' id='word_1_103' title='bbox 415 1688 592 1792; x_wconf 82' lang='grc' dir='ltr'>λε’γοντες.</span> <span class='ocrx_word' id='word_1_104' title='bbox 631 1689 655 1791; x_wconf 84' lang='grc' dir='ltr'>ἢ</span> <span class='ocrx_word' id='word_1_105' title='bbox 680 1690 752 1795; x_wconf 80' lang='grc' dir='ltr'>γὰρ</span> <span class='ocrx_word' id='word_1_106' title='bbox 777 1690 824 1771; x_wconf 86' lang='grc' dir='ltr'>ἀν</span> <span class='ocrx_word' id='word_1_107' title='bbox 842 1691 928 1777; x_wconf 82' lang='grc' dir='ltr'>Υἱὸς</span> <span class='ocrx_word' id='word_1_108' title='bbox 952 1691 1062 1771; x_wconf 76' lang='grc' dir='ltr'>οὐκέτ’</span> <span class='ocrx_word' id='word_1_109' title='bbox 1083 1689 1127 1771; x_wconf 86' lang='grc' dir='ltr'>ἀν</span> <span class='ocrx_word' id='word_1_110' title='bbox 1147 1697 1262 1769; x_wconf 88' lang='grc' dir='ltr'>νοοῖτο</span> 
     </span>
     <span class='ocr_line' id='line_1_13' title="bbox 61 1811 1262 1922; baseline 0.002 -33"><span class='ocrx_word' id='word_1_111' title='bbox 61 1811 212 1910; x_wconf 88' lang='grc' dir='ltr'>δικαίως,</span> <span class='ocrx_word' id='word_1_112' title='bbox 240 1814 325 1891; x_wconf 82' lang='grc' dir='ltr'>ἀλλ’</span> <span class='ocrx_word' id='word_1_113' title='bbox 355 1813 474 1915; x_wconf 81' lang='grc' dir='ltr'>ἕτερόν</span> <span class='ocrx_word' id='word_1_114' title='bbox 500 1849 535 1894; x_wconf 96' lang='grc' dir='ltr'>τι</span> <span class='ocrx_word' id='word_1_115' title='bbox 563 1814 663 1919; x_wconf 80' lang='grc' dir='ltr'>παρὰ</span> <span class='ocrx_word' id='word_1_116' title='bbox 694 1823 811 1912; x_wconf 92' lang='grc' dir='ltr'>τοῦτο,</span> <span class='ocrx_word' id='word_1_117' title='bbox 840 1818 897 1895; x_wconf 83' lang='grc' dir='ltr'>καῖ</span> <span class='ocrx_word' id='word_1_118' title='bbox 929 1814 1145 1922; x_wconf 82' lang='grc' dir='ltr'>πρόσφατος</span> <span class='ocrx_word' id='word_1_119' title='bbox 1176 1813 1262 1912; x_wconf 84' lang='grc' dir='ltr'>ἡμῖν</span> 
     </span>
     <span class='ocr_line' id='line_1_14' title="bbox 60 1933 1258 2044; baseline 0.003 -30"><span class='ocrx_word' id='word_1_120' title='bbox 60 1937 227 2016; x_wconf 85' lang='grc' dir='ltr'>ἀνατελεῖ</span> <span class='ocrx_word' id='word_1_121' title='bbox 251 1935 341 2034; x_wconf 90' lang='grc' dir='ltr'>θεὸς,</span> <span class='ocrx_word' id='word_1_122' title='bbox 369 1937 486 2040; x_wconf 81' lang='grc' dir='ltr'>ἕτερος</span> <span class='ocrx_word' id='word_1_123' title='bbox 514 1938 685 2044; x_wconf 81' lang='grc' dir='ltr'>ὑπάρχων</span> <span class='ocrx_word' id='word_1_124' title='bbox 711 1937 811 2040; x_wconf 82' lang='grc' dir='ltr'>παρὰ</span> <span class='ocrx_word' id='word_1_125' title='bbox 838 1939 902 2018; x_wconf 86' lang='grc' dir='ltr'>τὸν</span> <span class='ocrx_word' id='word_1_126' title='bbox 931 1938 1018 2019; x_wconf 84' lang='grc' dir='ltr'>ὄντα</span> <span class='ocrx_word' id='word_1_127' title='bbox 1050 1941 1107 2017; x_wconf 79' lang='grc' dir='ltr'>καὶ</span> <span class='ocrx_word' id='word_1_128' title='bbox 1136 1933 1258 2035; x_wconf 91' lang='grc' dir='ltr'>μόνον.</span> 
     </span>
     <span class='ocr_line' id='line_1_15' title="bbox 60 2054 1261 2170; baseline 0 -32"><span class='ocrx_word' id='word_1_129' title='bbox 60 2058 102 2138; x_wconf 90' lang='grc' dir='ltr'>τὸ</span> <span class='ocrx_word' id='word_1_130' title='bbox 133 2057 206 2163; x_wconf 89' lang='grc' dir='ltr'>γάρ</span> <span class='ocrx_word' id='word_1_131' title='bbox 238 2062 301 2140; x_wconf 88' lang='grc' dir='ltr'>οῦκ</span> <span class='ocrx_word' id='word_1_132' title='bbox 333 2057 376 2141; x_wconf 90' lang='grc' dir='ltr'>ῦν</span> <span class='ocrx_word' id='word_1_133' title='bbox 410 2054 605 2158; x_wconf 80' lang='grc' dir='ltr'>ὸμοοὺσιον</span> <span class='ocrx_word' id='word_1_134' title='bbox 634 2067 686 2170; x_wconf 78' lang='grc' dir='ltr'>τῷ</span> <span class='ocrx_word' id='word_1_135' title='bbox 719 2063 811 2141; x_wconf 81' lang='grc' dir='ltr'>κατὰ</span> <span class='ocrx_word' id='word_1_136' title='bbox 843 2061 957 2168; x_wconf 80' lang='grc' dir='ltr'>φύσιν</span> <span class='ocrx_word' id='word_1_137' title='bbox 987 2066 1081 2169; x_wconf 79' lang='grc' dir='ltr'>Θεῷ,</span> <span class='ocrx_word' id='word_1_138' title='bbox 1110 2067 1187 2144; x_wconf 84' lang='grc' dir='ltr'>πῶς</span> <span class='ocrx_word' id='word_1_139' title='bbox 1218 2061 1261 2139; x_wconf 89' lang='grc' dir='ltr'>οῦ</span> 
     </span>
     <span class='ocr_line' id='line_1_16' title="bbox 10 2182 1290 2287; baseline -0.002 -25"><span class='ocrx_word' id='word_1_140' title='bbox 10 2182 203 2268; x_wconf 75' lang='grc' dir='ltr'>ι5ποίντως</span> <span class='ocrx_word' id='word_1_141' title='bbox 234 2185 466 2265; x_wconf 88' lang='grc' dir='ltr'>ἀποπεσεῖται</span> <span class='ocrx_word' id='word_1_142' title='bbox 498 2193 563 2266; x_wconf 86' lang='grc' dir='ltr'>τοῦ</span> <span class='ocrx_word' id='word_1_143' title='bbox 595 2183 681 2265; x_wconf 80' lang='grc' dir='ltr'>εἶναι</span> <span class='ocrx_word' id='word_1_144' title='bbox 712 2183 805 2271; x_wconf 93' lang='grc' dir='ltr'>Θεὸς</span> <span class='ocrx_word' id='word_1_145' title='bbox 835 2185 1028 2287; x_wconf 83' lang='grc' dir='ltr'>ἀληθινός;</span> <span class='ocrx_word' id='word_1_146' title='bbox 1072 2182 1191 2283; x_wconf 85' lang='grc' dir='ltr'>ε’πειδή</span> <span class='ocrx_word' id='word_1_147' title='bbox 1223 2183 1260 2264; x_wconf 66' lang='grc' dir='ltr'>δι’</span> <span class='ocrx_word' id='word_1_148' title='bbox 1271 2215 1290 2260; x_wconf 91' lang='grc' dir='ltr'>ο</span> 
     </span>
     <span class='ocr_line' id='line_1_17' title="bbox 60 2306 1257 2415; baseline 0.003 -28"><span class='ocrx_word' id='word_1_149' title='bbox 60 2306 254 2414; x_wconf 81' lang='grc' dir='ltr'>ἁξιόχρειός</span> <span class='ocrx_word' id='word_1_150' title='bbox 287 2344 326 2389; x_wconf 88' lang='grc' dir='ltr'>τε</span> <span class='ocrx_word' id='word_1_151' title='bbox 363 2314 421 2390; x_wconf 88' lang='grc' dir='ltr'>καὶ</span> <span class='ocrx_word' id='word_1_152' title='bbox 458 2308 747 2415; x_wconf 80' lang='grc' dir='ltr'>ἀξιολογώτατος</span> <span class='ocrx_word' id='word_1_153' title='bbox 780 2310 800 2389; x_wconf 87' lang='grc' dir='ltr'><em>ὃ</em></span> <span class='ocrx_word' id='word_1_154' title='bbox 832 2307 1005 2413; x_wconf 79' lang='grc' dir='ltr'>μακάριος</span> <span class='ocrx_word' id='word_1_155' title='bbox 1036 2306 1257 2406; x_wconf 83' lang='grc' dir='ltr'>βαπτιστής,</span> 
     </span>
     <span class='ocr_line' id='line_1_18' title="bbox 59 2431 1260 2534; baseline 0.005 -22"><span class='ocrx_word' id='word_1_156' title='bbox 59 2431 284 2534; x_wconf 77' lang='grc' dir='ltr'>μαρτνρεῖδὲ</span> <span class='ocrx_word' id='word_1_157' title='bbox 301 2434 347 2514; x_wconf 77' lang='grc' dir='ltr'>’ότι</span> <span class='ocrx_word' id='word_1_158' title='bbox 368 2431 458 2521; x_wconf 83' lang='grc' dir='ltr'>οὑτίς</span> <span class='ocrx_word' id='word_1_159' title='bbox 476 2436 593 2516; x_wconf 76' lang='grc' dir='ltr'>ἐστινὸ</span> <span class='ocrx_word' id='word_1_160' title='bbox 612 2433 687 2520; x_wconf 71' lang='grc' dir='ltr'>’Υἱὸς</span> <span class='ocrx_word' id='word_1_161' title='bbox 705 2436 761 2515; x_wconf 82' lang='grc' dir='ltr'>τοῦ</span> <span class='ocrx_word' id='word_1_162' title='bbox 778 2436 873 2516; x_wconf 80' lang='grc' dir='ltr'>Θεοῦ·</span> <span class='ocrx_word' id='word_1_163' title='bbox 898 2432 993 2515; x_wconf 83' lang='grc' dir='ltr'>Θεὸν</span> <span class='ocrx_word' id='word_1_164' title='bbox 1011 2431 1098 2514; x_wconf 86' lang='grc' dir='ltr'>εἶναι</span> <span class='ocrx_word' id='word_1_165' title='bbox 1116 2433 1260 2518; x_wconf 82' lang='grc' dir='ltr'>πάντως</span> 
     </span>
     <span class='ocr_line' id='line_1_19' title="bbox 60 2557 1261 2664; baseline 0.005 -29"><span class='ocrx_word' id='word_1_166' title='bbox 60 2557 232 2658; x_wconf 87' lang='grc' dir='ltr'>ἀληθινὸν</span> <span class='ocrx_word' id='word_1_167' title='bbox 258 2561 535 2664; x_wconf 81' lang='grc' dir='ltr'>ὁμολογήσομεν</span> <span class='ocrx_word' id='word_1_168' title='bbox 566 2560 631 2642; x_wconf 86' lang='grc' dir='ltr'>τὸν</span> <span class='ocrx_word' id='word_1_169' title='bbox 657 2559 748 2642; x_wconf 84' lang='grc' dir='ltr'>Υἱὸν</span> <span class='ocrx_word' id='word_1_170' title='bbox 781 2564 839 2641; x_wconf 84' lang='grc' dir='ltr'>καὶ</span> <span class='ocrx_word' id='word_1_171' title='bbox 871 2564 910 2642; x_wconf 85' lang='grc' dir='ltr'>ἐκ</span> <span class='ocrx_word' id='word_1_172' title='bbox 943 2566 1007 2661; x_wconf 86' lang='grc' dir='ltr'>τής</span> <span class='ocrx_word' id='word_1_173' title='bbox 1040 2562 1166 2645; x_wconf 90' lang='grc' dir='ltr'>οῦσίας</span> <span class='ocrx_word' id='word_1_174' title='bbox 1196 2568 1261 2641; x_wconf 93' lang='grc' dir='ltr'>τοῦ</span> 
     </span>
     <span class='ocr_line' id='line_1_20' title="bbox 60 2683 1257 2788; baseline 0.001 -26"><span class='ocrx_word' id='word_1_175' title='bbox 60 2683 218 2785; x_wconf 86' lang='grc' dir='ltr'>Πατρός·</span> <span class='ocrx_word' id='word_1_176' title='bbox 251 2692 356 2765; x_wconf 90' lang='grc' dir='ltr'>τοῦτο</span> <span class='ocrx_word' id='word_1_177' title='bbox 383 2683 455 2788; x_wconf 80' lang='grc' dir='ltr'>γὰρ</span> <span class='ocrx_word' id='word_1_178' title='bbox 482 2686 566 2784; x_wconf 86' lang='grc' dir='ltr'>ἡμῖν</span> <span class='ocrx_word' id='word_1_179' title='bbox 587 2685 754 2784; x_wconf 87' lang='grc' dir='ltr'>σημαίνει</span> <span class='ocrx_word' id='word_1_180' title='bbox 781 2683 912 2785; x_wconf 81' lang='grc' dir='ltr'>τὸτῆς</span> <span class='ocrx_word' id='word_1_181' title='bbox 940 2684 1099 2786; x_wconf 82' lang='grc' dir='ltr'>υίότητος</span> <span class='ocrx_word' id='word_1_182' title='bbox 1128 2683 1257 2784; x_wconf 79' lang='grc' dir='ltr'>ὄνομα,</span> 
     </span>
     <span class='ocr_line' id='line_1_21' title="bbox 10 2806 384 2911; baseline 0.005 -25"><span class='ocrx_word' id='word_1_183' title='bbox 10 2841 46 2880; x_wconf 83' lang='lat'>²0</span> <span class='ocrx_word' id='word_1_184' title='bbox 59 2812 117 2887; x_wconf 83' lang='grc' dir='ltr'>καῖ</span> <span class='ocrx_word' id='word_1_185' title='bbox 135 2806 254 2911; x_wconf 80' lang='grc' dir='ltr'>ἕτερον</span> <span class='ocrx_word' id='word_1_186' title='bbox 272 2807 384 2889; x_wconf 69' lang='grc' dir='ltr'>οὐδέν.</span> 
     </span>
    </p>
   </div>
   <div class='ocr_carea' id='block_1_3' title="bbox 59 3071 1309 3416">
    <p class='ocr_par' dir='ltr' id='par_1_3' title="bbox 59 3071 1309 3416">
     <span class='ocr_line' id='line_1_22' title="bbox 59 3071 1309 3167; baseline 0 -27"><span class='ocrx_word' id='word_1_187' title='bbox 59 3075 109 3167; x_wconf 68' lang='grc' dir='ltr'>Τῇ</span> <span class='ocrx_word' id='word_1_188' title='bbox 138 3076 295 3166; x_wconf 76' lang='grc' dir='ltr'>ἐπαύριον</span> <span class='ocrx_word' id='word_1_189' title='bbox 324 3078 423 3142; x_wconf 81' lang='grc' dir='ltr'>πάλιν</span> <span class='ocrx_word' id='word_1_190' title='bbox 453 3071 595 3143; x_wconf 74' lang='grc' dir='ltr'>εἷοτιῖκει</span> <span class='ocrx_word' id='word_1_191' title='bbox 624 3077 642 3145; x_wconf 85' lang='grc' dir='ltr'><strong>ὁ</strong></span> <span class='ocrx_word' id='word_1_192' title='bbox 668 3076 828 3142; x_wconf 80' lang='grc' dir='ltr'>Ἰωὰννιιο</span> <span class='ocrx_word' id='word_1_193' title='bbox 860 3076 913 3141; x_wconf 86' lang='grc' dir='ltr'>καί</span> <span class='ocrx_word' id='word_1_194' title='bbox 942 3075 979 3141; x_wconf 83' lang='grc' dir='ltr'>ὲκ</span> <span class='ocrx_word' id='word_1_195' title='bbox 1007 3073 1074 3140; x_wconf 80' lang='grc' dir='ltr'>τῶν</span> <span class='ocrx_word' id='word_1_196' title='bbox 1100 3072 1255 3151; x_wconf 84' lang='grc' dir='ltr'>μαθιιτῶν</span> <span class='ocrx_word' id='word_1_197' title='bbox 1270 3085 1309 3147; x_wconf 85' lang='grc'>35</span> 
     </span>
     <span class='ocr_line' id='line_1_23' title="bbox 110 3196 1309 3290; baseline -0.002 -24"><span class='ocrx_word' id='word_1_198' title='bbox 110 3202 209 3267; x_wconf 86' lang='grc' dir='ltr'>αὐτοῦ</span> <span class='ocrx_word' id='word_1_199' title='bbox 238 3200 306 3282; x_wconf 80' lang='grc' dir='ltr'>δύο,</span> <span class='ocrx_word' id='word_1_200' title='bbox 334 3202 386 3266; x_wconf 86' lang='grc' dir='ltr'>καί</span> <span class='ocrx_word' id='word_1_201' title='bbox 416 3201 583 3281; x_wconf 74' lang='grc' dir='ltr'>ἐμβλέψαι</span> <span class='ocrx_word' id='word_1_202' title='bbox 614 3203 662 3286; x_wconf 82' lang='grc' dir='ltr'>τῷ</span> <span class='ocrx_word' id='word_1_203' title='bbox 686 3201 795 3268; x_wconf 84' lang='grc' dir='ltr'>Ἰιιοοῦ</span> <span class='ocrx_word' id='word_1_204' title='bbox 824 3204 1054 3290; x_wconf 82' lang='grc' dir='ltr'>περιπατοῦντι</span> <span class='ocrx_word' id='word_1_205' title='bbox 1083 3202 1168 3274; x_wconf 80' lang='grc' dir='ltr'>λέτει</span> <span class='ocrx_word' id='word_1_206' title='bbox 1190 3199 1256 3265; x_wconf 80' lang='grc' dir='ltr'>Ἴδε</span> <span class='ocrx_word' id='word_1_207' title='bbox 1270 3196 1309 3272; x_wconf 82' lang='grc'>36</span> 
     </span>
     <span class='ocr_line' id='line_1_24' title="bbox 109 3322 1292 3416; baseline -0.002 -25"><span class='ocrx_word' id='word_1_208' title='bbox 109 3326 254 3404; x_wconf 81' lang='grc' dir='ltr'>ὁὰμνόι</span> <span class='ocrx_word' id='word_1_209' title='bbox 277 3330 331 3393; x_wconf 89' lang='grc' dir='ltr'>τοῦ</span> <span class='ocrx_word' id='word_1_210' title='bbox 353 3327 475 3395; x_wconf 72' lang='grc' dir='ltr'>Θεοῦί</span> <span class='ocrx_word' id='word_1_211' title='bbox 505 3322 609 3416; x_wconf 80' lang='grc' dir='ltr'>αι’ρων</span> <span class='ocrx_word' id='word_1_212' title='bbox 632 3326 692 3393; x_wconf 71' lang='grc' dir='ltr'>τάν</span> <span class='ocrx_word' id='word_1_213' title='bbox 715 3325 876 3415; x_wconf 84' lang='grc' dir='ltr'>ἁμαρτίαν</span> <span class='ocrx_word' id='word_1_214' title='bbox 899 3330 957 3392; x_wconf 83' lang='grc' dir='ltr'>τοῦ</span> <span class='ocrx_word' id='word_1_215' title='bbox 983 3326 1112 3402; x_wconf 87' lang='grc' dir='ltr'>κόσμου.</span> <span class='ocrx_word' id='word_1_216' title='bbox 1269 3323 1292 3389; x_wconf 87' lang='lat' dir='ltr'>d</span> 
     </span>
    </p>
   </div>
   <div class='ocr_carea' id='block_1_4' title="bbox 10 3519 1257 4123">
    <p class='ocr_par' dir='ltr' id='par_1_4' title="bbox 115 3519 1254 3632">
     <span class='ocr_line' id='line_1_25' title="bbox 115 3519 1254 3632; baseline 0.004 -29"><span class='ocrx_word' id='word_1_217' title='bbox 115 3519 269 3607; x_wconf 83' lang='grc' dir='ltr'>Φθάσας</span> <span class='ocrx_word' id='word_1_218' title='bbox 300 3523 368 3625; x_wconf 84' lang='grc' dir='ltr'>ἤδη</span> <span class='ocrx_word' id='word_1_219' title='bbox 400 3523 601 3632; x_wconf 77' lang='grc' dir='ltr'>προέδειξεν</span> <span class='ocrx_word' id='word_1_220' title='bbox 634 3523 743 3604; x_wconf 87' lang='grc' dir='ltr'>αὑτὸν</span> <span class='ocrx_word' id='word_1_221' title='bbox 775 3525 795 3604; x_wconf 88' lang='grc' dir='ltr'><strong><em>ὁ</em></strong></span> <span class='ocrx_word' id='word_1_222' title='bbox 829 3521 1000 3626; x_wconf 89' lang='grc' dir='ltr'>μακάριος</span> <span class='ocrx_word' id='word_1_223' title='bbox 1035 3521 1254 3623; x_wconf 82' lang='grc' dir='ltr'>βαπτιστής·</span> 
     </span>
    </p>

    <p class='ocr_par' dir='ltr' id='par_1_5' title="bbox 10 3644 1257 4123">
     <span class='ocr_line' id='line_1_26' title="bbox 10 3644 1253 3748; baseline -0.006 -18"><span class='ocrx_word' id='word_1_224' title='bbox 10 3669 44 3730; x_wconf 72' lang='lat'>25</span> <span class='ocrx_word' id='word_1_225' title='bbox 58 3647 143 3726; x_wconf 87' lang='grc' dir='ltr'>ἀλλ’</span> <span class='ocrx_word' id='word_1_226' title='bbox 177 3644 252 3727; x_wconf 78' lang='grc' dir='ltr'>ἰδοῦ</span> <span class='ocrx_word' id='word_1_227' title='bbox 284 3650 342 3727; x_wconf 79' lang='grc' dir='ltr'>καὶ</span> <span class='ocrx_word' id='word_1_228' title='bbox 375 3648 474 3732; x_wconf 83' lang='grc' dir='ltr'>αὖθις</span> <span class='ocrx_word' id='word_1_229' title='bbox 505 3646 570 3726; x_wconf 89' lang='grc' dir='ltr'>τὸν</span> <span class='ocrx_word' id='word_1_230' title='bbox 601 3645 710 3727; x_wconf 86' lang='grc' dir='ltr'>αὑτὸν</span> <span class='ocrx_word' id='word_1_231' title='bbox 736 3645 992 3748; x_wconf 88' lang='grc' dir='ltr'>ἀνακοκλήσας</span> <span class='ocrx_word' id='word_1_232' title='bbox 1024 3645 1147 3747; x_wconf 89' lang='grc' dir='ltr'>λόγον,</span> <span class='ocrx_word' id='word_1_233' title='bbox 1175 3648 1253 3725; x_wconf 73' lang='grc' dir='ltr'>ἑπι-</span> 
     </span>
     <span class='ocr_line' id='line_1_27' title="bbox 58 3766 1257 3875; baseline -0.003 -23"><span class='ocrx_word' id='word_1_234' title='bbox 58 3772 204 3852; x_wconf 86' lang='grc' dir='ltr'>δεικνὺει</span> <span class='ocrx_word' id='word_1_235' title='bbox 221 3777 294 3854; x_wconf 92' lang='grc' dir='ltr'>τοῖς</span> <span class='ocrx_word' id='word_1_236' title='bbox 313 3774 438 3850; x_wconf 79' lang='grc' dir='ltr'>ἑαυτοῦ</span> <span class='ocrx_word' id='word_1_237' title='bbox 454 3776 629 3870; x_wconf 77' lang='grc' dir='ltr'>μαθηταῖς</span> <span class='ocrx_word' id='word_1_238' title='bbox 648 3770 712 3850; x_wconf 90' lang='grc' dir='ltr'>τὸν</span> <span class='ocrx_word' id='word_1_239' title='bbox 729 3771 883 3872; x_wconf 86' lang='grc' dir='ltr'>Ἰησοῦν,</span> <span class='ocrx_word' id='word_1_240' title='bbox 898 3772 957 3849; x_wconf 83' lang='grc' dir='ltr'>καὶ</span> <span class='ocrx_word' id='word_1_241' title='bbox 975 3768 1077 3875; x_wconf 78' lang='grc' dir='ltr'>ἀμνὸν</span> <span class='ocrx_word' id='word_1_242' title='bbox 1095 3766 1257 3870; x_wconf 83' lang='grc' dir='ltr'>ὀνομάζει</span> 
     </span>
     <span class='ocr_line' id='line_1_28' title="bbox 57 3894 1257 4002; baseline -0.005 -25"><span class='ocrx_word' id='word_1_243' title='bbox 57 3898 143 3977; x_wconf 79' lang='grc' dir='ltr'>Θεοῦ</span> <span class='ocrx_word' id='word_1_244' title='bbox 171 3898 231 3974; x_wconf 85' lang='grc' dir='ltr'>καὶ</span> <span class='ocrx_word' id='word_1_245' title='bbox 260 3894 312 3987; x_wconf 74' lang='grc' dir='ltr'>τήν</span> <span class='ocrx_word' id='word_1_246' title='bbox 340 3897 395 3974; x_wconf 80' lang='grc' dir='ltr'>τοῦ</span> <span class='ocrx_word' id='word_1_247' title='bbox 425 3897 550 4001; x_wconf 79' lang='grc' dir='ltr'>κόσμον</span> <span class='ocrx_word' id='word_1_248' title='bbox 580 3897 696 4001; x_wconf 77' lang='grc' dir='ltr'>φησίν</span> <span class='ocrx_word' id='word_1_249' title='bbox 724 3897 826 4001; x_wconf 79' lang='grc' dir='ltr'>αἴρειν</span> <span class='ocrx_word' id='word_1_250' title='bbox 854 3894 1038 4002; x_wconf 79' lang='grc' dir='ltr'>ιὶμιιρτίαν,</span> <span class='ocrx_word' id='word_1_251' title='bbox 1065 3895 1257 3996; x_wconf 84' lang='grc' dir='ltr'>μονονουχὶ</span> 
     </span>
     <span class='ocr_line' id='line_1_29' title="bbox 55 4014 1256 4123; baseline 0 -24"><span class='ocrx_word' id='word_1_252' title='bbox 55 4019 148 4123; x_wconf 90' lang='grc' dir='ltr'>πρὸς</span> <span class='ocrx_word' id='word_1_253' title='bbox 174 4017 376 4117; x_wconf 89' lang='grc' dir='ltr'>ὑπόμνησιν</span> <span class='ocrx_word' id='word_1_254' title='bbox 396 4018 495 4120; x_wconf 86' lang='grc' dir='ltr'>ἀγων</span> <span class='ocrx_word' id='word_1_255' title='bbox 518 4015 600 4101; x_wconf 89' lang='grc' dir='ltr'>τοῦς</span> <span class='ocrx_word' id='word_1_256' title='bbox 628 4019 871 4120; x_wconf 78' lang='grc' dir='ltr'>ἀκροωμένους</span> <span class='ocrx_word' id='word_1_257' title='bbox 898 4024 963 4096; x_wconf 95' lang='grc' dir='ltr'>τοῦ</span> <span class='ocrx_word' id='word_1_258' title='bbox 989 4018 1028 4095; x_wconf 85' lang='grc' dir='ltr'>ἐν</span> <span class='ocrx_word' id='word_1_259' title='bbox 1051 4014 1256 4119; x_wconf 83' lang='grc' dir='ltr'>προφήταις</span> 
     </span>
    </p>
   </div>
   <div class='ocr_carea' id='block_1_5' title="bbox 55 4137 1412 4272">
    <p class='ocr_par' dir='ltr' id='par_1_6' title="bbox 55 4137 1412 4272">
     <span class='ocr_line' id='line_1_30' title="bbox 55 4137 1412 4272; baseline -0.021 -48"><span class='ocrx_word' id='word_1_260' title='bbox 55 4146 226 4247; x_wconf 77' lang='grc' dir='ltr'>λέγοντος</span> <span class='ocrx_word' id='word_1_261' title='bbox 245 4153 266 4189; x_wconf 69' lang='grc' dir='ltr'>ν</span> <span class='ocrx_word' id='word_1_262' title='bbox 280 4141 380 4243; x_wconf 83' lang='grc' dir='ltr'>Ἐγώ</span> <span class='ocrx_word' id='word_1_263' title='bbox 399 4147 466 4240; x_wconf 80' lang='grc' dir='ltr'>εἶμι</span> <span class='ocrx_word' id='word_1_264' title='bbox 485 4140 557 4242; x_wconf 84' lang='grc' dir='ltr'>ε’γιό</span> <span class='ocrx_word' id='word_1_265' title='bbox 576 4147 645 4242; x_wconf 83' lang='grc' dir='ltr'>εἰμι</span> <span class='ocrx_word' id='word_1_266' title='bbox 665 4143 685 4220; x_wconf 91' lang='grc' dir='ltr'>ὁ</span> <span class='ocrx_word' id='word_1_267' title='bbox 704 4140 906 4247; x_wconf 82' lang='grc' dir='ltr'>ἐξαλείφων</span> <span class='ocrx_word' id='word_1_268' title='bbox 924 4137 988 4224; x_wconf 83' lang='grc' dir='ltr'>τὸς</span> <span class='ocrx_word' id='word_1_269' title='bbox 1007 4140 1155 4239; x_wconf 85' lang='grc' dir='ltr'>ἀνομίας</span> <span class='ocrx_word' id='word_1_270' title='bbox 1173 4171 1254 4235; x_wconf 87' lang='grc' dir='ltr'>σον,</span> <span class='ocrx_word' id='word_1_271' title='bbox 1299 4141 1412 4272; x_wconf 40' lang='grc' dir='ltr'>ξὲῑιιιιι.</span> 
     </span>
    </p>
   </div>
   <div class='ocr_carea' id='block_1_6' title="bbox 54 4373 1254 4589">
    <p class='ocr_par' dir='ltr' id='par_1_7' title="bbox 54 4373 1254 4589">
     <span class='ocr_line' id='line_1_31' title="bbox 91 4373 1254 4459; baseline -0.004 -27"><span class='ocrx_word' id='word_1_272' title='bbox 91 4398 117 4451; x_wconf 90' lang='lat'>9.</span> <span class='ocrx_word' id='word_1_273' title='bbox 136 4380 183 4447; x_wconf 74' lang='grc' dir='ltr'>μὲν</span> <span class='ocrx_word' id='word_1_274' title='bbox 194 4397 248 4434; x_wconf 88' lang='lat' dir='ltr'>om.</span> <span class='ocrx_word' id='word_1_275' title='bbox 262 4378 294 4433; x_wconf 86' lang='lat' dir='ltr'>B.</span> <span class='ocrx_word' id='word_1_276' title='bbox 387 4390 428 4445; x_wconf 80' lang='lat'>15.</span> <span class='ocrx_word' id='word_1_277' title='bbox 447 4381 493 4431; x_wconf 90' lang='grc' dir='ltr'>τοῦ</span> <span class='ocrx_word' id='word_1_278' title='bbox 505 4373 568 4432; x_wconf 78' lang='grc' dir='ltr'>εῖναι</span> <span class='ocrx_word' id='word_1_279' title='bbox 580 4375 706 4459; x_wconf 53' lang='grc' dir='ltr'>ίσαθεῷ,</span> <span class='ocrx_word' id='word_1_280' title='bbox 719 4376 743 4429; x_wconf 82' lang='grc' dir='ltr'>εί</span> <span class='ocrx_word' id='word_1_281' title='bbox 754 4377 819 4431; x_wconf 82' lang='grc' dir='ltr'>Θεὸς</span> <span class='ocrx_word' id='word_1_282' title='bbox 831 4375 952 4457; x_wconf 80' lang='grc' dir='ltr'>ἀληθινὸς</span> <span class='ocrx_word' id='word_1_283' title='bbox 966 4375 998 4431; x_wconf 82' lang='grc' dir='ltr'>Β.</span> <span class='ocrx_word' id='word_1_284' title='bbox 1090 4374 1130 4430; x_wconf 84' lang='lat'>16.</span> <span class='ocrx_word' id='word_1_285' title='bbox 1149 4375 1254 4445; x_wconf 76' lang='grc' dir='ltr'>α’ξιολο·</span> 
     </span>
     <span class='ocr_line' id='line_1_32' title="bbox 54 4443 1254 4589; baseline -0.007 -13"><span class='ocrx_word' id='word_1_286' title='bbox 54 4449 215 4576; x_wconf 45' lang='grc' dir='ltr'>νομί·</span> <span class='ocrx_word' id='word_1_287' title='bbox 288 4443 908 4589; x_wconf 60' lang='grc' dir='ltr'>,,ἱιθιέιςιιμιμξομιαιιν</span> <span class='ocrx_word' id='word_1_288' title='bbox 922 4447 955 4503; x_wconf 80' lang='lat'>¹³·</span> <span class='ocrx_word' id='word_1_289' title='bbox 1118 4443 1254 4516; x_wconf 52' lang='lat' dir='ltr'>„m</span> 
     </span>
    </p>
   </div>
   <div class='ocr_carea' id='block_1_7' title="bbox 0 0 1524 5018">
    <p class='ocr_par' dir='ltr' id='par_1_8' title="bbox 0 0 1524 5018">
     <span class='ocr_line' id='line_1_33' title="bbox 0 0 1524 5018; baseline 0 3"><span class='ocrx_word' id='word_1_290' title='bbox 0 0 1524 5018; x_wconf 95' lang='lat' dir='ltr'> </span> 
     </span>
    </p>
   </div>
  </div>
 </body>
</html>
