3038 5018
87 308 246 376 v.41,42.
279 295 334 360 IN
365 296 398 361 S.
424 297 679 363 JOANNEM.
724 297 910 363 LIB.III.
957 294 1131 360 CARII.
1220 294 1281 355 385

136 457 226 541 'Orc
248 461 286 545 δὲ
311 461 427 547 πολὺς
444 464 482 543 ε”ν
500 499 539 543 τε
558 469 609 573 τῶ
627 463 725 572 νόμῳ
744 469 801 543 καῖ
820 471 893 547 ταῖς
912 465 1025 565 ἁγίοις
1042 457 1243 566 προφήταις
1263 459 1283 535 ό

86 583 199 685 λόγος
217 588 298 688 περὶ
316 591 379 685 τῆς
398 586 490 667 κατά
514 587 629 694 φύσιν
646 585 746 689 ζωῆς,
765 586 929 667 τουτέστι
953 593 1017 667 τοῦ
1037 589 1281 686 Μονογενοῦς,

85 713 201 787 πᾶσιν
217 704 316 808 οἶμαι
334 717 408 795 τοῖς
427 711 671 816 φιλαμαθέσιν
690 710 861 816 ὑπάρχειν
879 709 1092 817 καταφανές.

120 917 227 986 Δόξαν
255 920 344 1009 παρὰ
372 920 549 1008 ἀνθρώπου
576 921 614 984 οὐ
642 921 809 999 λαμβάνω,
836 919 905 984 ἀλλ’
937 918 1064 993 ἔγνωκα
1091 918 1174 994 ὑμᾶς
1201 919 1251 983 ὅτι
1299 942 1334 995 41
1354 940 1390 995 42

54 1068 71 1127 5
265 1046 324 1110 τιῖν
351 1046 480 1120 ἀτάηκν
508 1052 565 1111 τοῦ
594 1044 678 1111 Θεοῦ
707 1046 764 1110 οὐκ
791 1045 881 1131 ἔχετε
908 1046 943 1109 ἐν
970 1040 1109 1110 ἑαυτοῖς.

146 1207 366 1288 Αίσθάνεται
397 1210 520 1308 πάλιν,
554 1217 699 1308 μᾶλλον
730 1207 768 1288 δὲ
801 1211 868 1315 όρηῖ
899 1214 1111 1309 θεοπρεπῶς,
1145 1206 1186 1286 τό
1220 1212 1284 1286 δυ-

88 1329 233 1415 σπειθὲς
251 1335 309 1411 καῖ
328 1333 498 1432 δνσήυιον
510 1341 583 1414 τῶν
594 1334 804 1435 Φαρισαίων
820 1331 1126 1427 καταδακνόμενον
1143 1337 1320 1436 στῖφος,δ

88 1456 149 1532 καὶ
164 1456 207 1534 οό
224 1454 367 1542 πάντως
386 1457 442 1562 ἐφ’
463 1457 514 1541 οἷς
530 1461 653 1562 ιἡτιοῖτα
672 1456 736 1540 τάς
755 1458 850 1540 θείας
873 1461 923 1540 ὡς
947 1458 989 1535 οὐ
1014 1454 1164 1539 δεόντως
1186 1458 1283 1557 ἐρευ-

89 1583 226 1663 νῶντας
257 1579 412 1685 γραφεῖς,
442 1582 526 1661 ἀλλ’
556 1584 613 1661 ἐπὶ
645 1586 697 1688 τῷ
727 1587 871 1679 μᾶλλον
900 1585 1008 1659 εἰπεῖν
1037 1590 1058 1627 “
1077 1581 1136 1659 Οό
1166 1578 1288 1659 θέλετε
1332 1573 1438 1698 {3¹20

38 1722 76 1763 ¹0
90 1710 112 1746 “
131 1703 246 1782 ἐλθεῖν
272 1704 363 1807 πρός
390 1703 470 1803 με’.”
509 1702 632 1808 ἀγάρ
659 1705 758 1785 αὐτοὶ
787 1712 960 1783 νοσοῦσιν
987 1702 1152 1801 εὐκόλως,
1177 1712 1289 1783 ταῦτα

91 1823 269 1905 δύνασθαι
294 1835 434 1930 κρατεῖν
452 1832 510 1908 καὶ
536 1831 592 1909 ε’πῖ
616 1837 680 1909 τοῦ
704 1832 872 1929 Σωτῆρος
897 1826 1143 1907 πιστεύουσιν·
1177 1826 1290 1934 ᾤοντο

92 1947 165 2052 γάρ
183 1947 227 2049 δὴ
245 1949 337 2031 κατά
355 1950 397 2031 τό
416 1951 518 2049 εἰκὸς,
537 1955 575 2030 ἐκ
592 1956 735 2051 πολλῆς
758 1954 815 2031 καὶ
840 1959 946 2030 τοῦτο
971 1948 1145 2034 παθόντες
1170 1953 1290 2034 ἀνοίας

93 2079 285 2180 φιλαρχεῖν
302 2073 371 2174 ἤδη
390 2074 466 2156 κατ’
487 2078 603 2155 αὐτῶν
622 2074 686 2155 τὸν
706 2074 851 2177 Κύριον,
870 2078 929 2154 καὶ
946 2073 1010 2157 τάς
1028 2071 1127 2176 παρά
1145 2074 1290 2154 πάντων

94 2195 199 2296 τιμάς
232 2200 347 2308 ἑαυτῷ
382 2199 699 2303 πραγματεύεσθαι
736 2195 865 2297 θέλειν,
899 2195 956 2277 διά
986 2205 1050 2277 τοῦ
1087 2205 1210 2277 καλεῖν
1241 2205 1289 2282 εἷς

38 2352 76 2412 15
91 2322 286 2420 μαθητείαν
303 2322 442 2406 αὐτούς.
482 2321 647 2423 τοιαότην
665 2321 745 2403 τινά
769 2323 836 2423 τὴν
854 2321 1022 2403 ὑπόνοιαν
1040 2321 1216 2417 λαβόντες
1242 2327 1320 2406 είςο

92 2453 186 2542 ναῦν,
216 2448 446 2527 ἐκπεσεῖσθαι
478 2445 543 2546 μὲν
572 2445 661 2526 ὅσον
692 2445 828 2527 οὐδέπω
858 2451 922 2546 τῆς
954 2446 1045 2527 κατὰ
1073 2454 1138 2526 τοῦ
1169 2447 1291 2528 ἔθνους

92 2568 259 2675 ἐξουσίας
285 2569 518 2672 προσεδόκων
546 2570 656 2649 αὐτοί·
700 2572 898 2674 διεπρίοντο
928 2571 964 2650 δὲ
993 2571 1035 2649 οὐ
1063 2576 1196 2672 μικρῶς
1227 2567 1292 2649 τὸν

93 2694 318 2795 κληρονόμον
343 2694 494 2796 ὁρῶντες
519 2697 678 2774 ἀπαιτεῖν
704 2693 876 2775 ε’θέλοντα
902 2693 965 2773 τὸν
989 2703 1052 2773 τοῦ
1079 2697 1292 2792 ἀμπελῶνος

94 2813 244 2918 καρπόν.
291 2817 346 2897 διὸ
374 2816 419 2916 δὴ
446 2817 569 2916 πόλιν,
595 2817 685 2898 ὅσον
712 2818 795 2918 ἧκεν
822 2823 871 2901 εἰς
898 2815 1010 2918 ὀργὴν
1039 2820 1097 2896 καὶ
1125 2816 1207 2901 τοὺς
1234 2819 1292 2896 ἐπὶ

38 2983 81 3024 20
94 2948 168 3024 ταῖς
193 2939 383 3042 είρημένοις
408 2941 575 3049 φθόνους,
593 2945 783 3046 μονονουχὶ
801 2941 951 3042 λέγουσι
970 2939 1013 3019 τό
1031 2943 1068 3019 ἐν
1086 2948 1162 3025 ταῖς
1181 2942 1286 3043 εὐαγ·

94 3070 255 3164 γελικαῖς
272 3072 499 3167 παραβολαῖς
519 3077 541 3113 “
552 3072 666 3146 Δεῦτε
691 3067 952 3162 ἀποκτείνωμεν
977 3063 1085 3143 αὐτόν
1109 3066 1167 3143 καὶ
1189 3070 1290 3168 σχῶ-
1334 3069 1458 3199 ξξξζῐὲδ·

94 3197 116 3233 “
133 3222 201 3284 μεν
227 3185 293 3286 τὴν
321 3188 562 3291 κληρονομίαν
589 3190 731 3269 αότοῶ.”
770 3191 925 3291 ἀναιρῶν
947 3194 1136 3289 τοιγαροῦν
1159 3186 1225 3286 τὴν
1249 3186 1294 3295 ἐξ
1381 3174 1386 3186 ’
1432 3173 1437 3185 ’

94 3309 308 3412 είκαιότητος
337 3315 375 3391 ἐν
405 3313 522 3394 αὐτοῖς
555 3313 851 3414 κατεσπαρμένου
881 3309 1058 3407 ὑπόνοιαν,
1087 3314 1145 3390 καῖ
1176 3309 1222 3391 τά
1253 3312 1326 3391 ἐκεῖ

95 3432 233 3540 φθόνου
261 3438 319 3514 καὶ
348 3438 550 3531 βασκανίας
578 3435 847 3541 προαπορῤιζῶν
877 3435 1140 3537 βλαστήματα,
1176 3442 1293 3539 γυμνῇ

38 3606 55 3646 2
62 3599 81 3661 5
95 3559 193 3661 λέγει
219 3564 264 3665 τῇ
287 3566 390 3667 φωνῇ
411 3561 520 3668 Δόξαν
548 3559 647 3666 παρά
675 3558 838 3666 ἀιθρῶτου
868 3565 901 3640 οὐ
928 3561 1117 3665 λαμβάνω.
1158 3560 1200 3638 οὐ
1221 3558 1293 3661 γάρ

95 3688 207 3779 καλῶ,
241 3685 367 3788 φησὶν,
399 3689 447 3767 είς
482 3685 677 3784 μαθητείαν
707 3680 773 3781 τὴν
804 3681 889 3786 παρ’
922 3686 998 3781 ε’μοὶ
1035 3680 1116 3766 τοάς
1152 3685 1289 3784 ἀκροω-

93 3804 272 3907 μένους,ἦ
297 3805 362 3891 τάς
385 3805 469 3909 παρ’
491 3809 589 3906 ὑμῶν
611 3805 635 3906 ἢ
659 3806 723 3890 τάς
748 3809 832 3909 παρ’
853 3807 979 3908 ἑτέρων
1000 3806 1115 3904 τιμάς,
1134 3806 1294 3910 καθάπερ

97 3933 203 4029 ὑμεῖς,
236 3930 451 4033 θηρώμενος,
481 3929 562 4010 οὐδὲ
593 3940 720 4011 τοῦτον
752 3936 816 4028 τῆς
845 3932 1081 4015 διδασκαλίας
1114 3931 1293 4029 ἀντικομι·

97 4055 235 4155 σαίμην
266 4053 311 4134 ἀν
340 4053 403 4136 τόν
434 4057 578 4154 μισθὸν,
606 4053 864 4157 πληρεστάτην
894 4055 985 4158 ἔχων
1018 4054 1083 4154 τὴν
1112 4053 1223 4161 δόξαν
1252 4055 1297 4162 ἐξ

136 4259 160 4296 1.
178 4264 206 4295 τε
219 4259 267 4311 pro
280 4242 307 4295 δὲ
322 4242 354 4296 Β.
429 4259 469 4297 12.
488 4242 616 4298 παθόντας
629 4240 665 4295 D.
740 4241 781 4294 16.
800 4241 863 4295 κατὰ
875 4258 929 4294 om.
944 4238 976 4292 B.
1056 4241 1096 4295 18.
1114 4240 1246 4298 ἐθέλοντος
1260 4241 1293 4294 Β.

101 4330 142 4384 19.
161 4310 253 4383 ὀργὴν]
267 4313 354 4382 ὀρινὴν
368 4312 400 4365 Β.
663 4327 705 4366 2ο.
725 4310 752 4364 ίν
763 4314 819 4366 ταῖς
830 4312 993 4381 παραβολαῖς
1005 4313 1059 4365 ταῖς
1071 4312 1247 4381 εὖαγγελικαῖς
1261 4311 1293 4364 Β.

99 4400 142 4437 22.
160 4384 239 4436 αὐτοῦ
251 4392 277 4436 et
289 4391 352 4437 ante
364 4391 390 4435 et
402 4391 463 4452 post
474 4382 521 4452 τὴν
530 4382 699 4452 κληρονομίαν
711 4381 818 4435 exhibet
828 4381 861 4436 B.
874 4382 909 4434 cf.
920 4383 1019 4436 ἑαυτοῖς
1031 4381 1076 4449 τὴν
1085 4381 1254 4449 κληρονομίαν
1265 4383 1294 4435 in

98 4453 146 4507 Es.
157 4452 210 4507 660
222 4452 249 4507 b.
261 4469 277 4506 a
290 4451 381 4507 Tisch.
393 4452 436 4506 cit.
557 4470 599 4523 23.
618 4451 750 4523 ὑπόνοιαν]
766 4459 795 4516 4
811 4453 893 4506 αὖτῶν
906 4450 939 4506 Β.
1089 4450 1133 4506 26.
1152 4451 1187 4508 Et
1199 4452 1255 4520 ε’ροῖ
1267 4461 1294 4508 ot

98 4523 161 4590 ίμοῦ
173 4523 280 4578 exhibet
294 4524 330 4578 D.
344 4530 362 4553 “
371 4525 405 4579 al.
419 4524 504 4592 ε’μαῦ”
517 4524 569 4579 Ed.
582 4542 638 4594 mg.
746 4525 789 4578 28.
807 4523 1012 4593 ἀντεκαρισάμην
1024 4520 1058 4578 Β.

142 4623 211 4670 von.
229 4626 252 4670 1.
670 4627 689 4692 3
707 4627 727 4669 ο
