3038 5018
257 304 320 364 548
561 299 599 363 B.
624 298 832 363 CYRILLI
862 297 1150 363 ALEXANDR.
1280 292 1461 369 vi.60,61.

256 498 324 567 περ
351 465 395 543 ἀν
418 499 470 548 τις
499 464 739 564 ὑπομένοντας
766 464 897 559 βλέποι
924 462 1006 547 τοῦς
1033 470 1106 542 τῶν
1131 459 1289 542 ὀδόντων
1311 462 1462 560 ἐστερη-

228 628 245 670 ο
256 589 391 685 με’νους.
446 591 568 667 ἐκεῖνοι
601 591 666 687 μὲν
695 587 767 692 γὰρ
800 595 873 673 τοῖς
906 585 1184 692 τρυφερωτέροις
1213 584 1462 688 ἐπιτρέχοντες

256 714 394 810 σιτίοις,
413 712 623 814 ἀτιμάζουσι
647 711 826 796 πολλάκις
850 713 897 792 τά
922 719 994 792 τῶν
1011 713 1192 808 ἐδωδίμων
1210 704 1459 814 χρηστότερα,

256 839 314 915 καὶ
339 836 379 916 τὸ
403 845 562 939 κρεῖττον
580 838 661 917 ἔσθ’
683 836 742 916 ότε
768 839 995 934 κακύνουσιν,
1013 838 1081 940 οὐχ
1106 836 1371 936 ὁμολογοῦντες
1396 827 1463 928 τὴν

256 960 378 1058 νόσον,
408 964 467 1066 ὑφ’
494 961 535 1062 ῆς
566 960 652 1041 αῦτδ
680 968 933 1063 παραιτεῖσθαι
960 960 1153 1064 βιάζονται.
1194 964 1227 1038 οἱ
1255 955 1294 1038 δὲ
1322 954 1494 1058 ἀμαθίᾳε

256 1083 466 1192 σύντροφοι,
484 1091 541 1163 καὶ
560 1085 689 1190 φρενδς
708 1088 771 1183 τῆς
792 1087 930 1186 ἀγαθῆς
948 1085 1152 1184 ἡττώμενοι,
1172 1081 1463 1188 καταφρίττουσι

256 1208 322 1306 τῆν
355 1215 505 1309 γνῶσιν,
539 1206 584 1307 ῆν
617 1207 684 1287 ἔδει
717 1210 776 1286 καὶ
814 1207 962 1315 σφόδρα
995 1214 1149 1292 πολλοῖς
1183 1209 1464 1307 καταθηρᾶσθαι

256 1331 389 1428 πόνοις,
417 1336 475 1411 καὶ
504 1332 561 1411 διὰ
588 1333 766 1411 συντόνου
794 1339 939 1429 μᾶλλον
968 1329 1128 1437 ἐξανύειυ
1154 1332 1328 1428 σπουδῆς.
1369 1325 1464 1429 ἀνὴρ

256 1454 320 1552 μὲν
339 1458 400 1534 οῦν
427 1458 446 1536 ὁ
470 1456 707 1555 πνευματικὸς
731 1464 805 1540 τοῖς
829 1464 893 1534 τοῦ
919 1461 1086 1555 Σωτῆρος
1113 1454 1216 1552 ἡμῶν
1240 1451 1463 1557 ἐντρυφῆσει

256 1577 389 1680 λόγοις,
414 1580 611 1678 ἀναβοῆσει
639 1579 677 1659 δὲ
706 1579 750 1659 ἀν
778 1570 925 1679 μᾶλλον
948 1583 1004 1659 καὶ
1033 1581 1175 1664 δικαίως
1194 1579 1295 1661 “Ὠς
1321 1576 1462 1677 γλυκεά
1479 1606 1515 1645 10

89 1718 191 1831 ἔφη
227 1714 278 1827 a“
296 1710 347 1810 τῷ
373 1703 533 1806 λάρυγγί
557 1741 626 1801 μου
652 1704 697 1783 τά
723 1705 832 1805 λόγιά
856 1734 940 1784 σου·
972 1702 1059 1805 ῦπέρ
1081 1701 1167 1803 με’λι
1189 1706 1247 1781 καὶ
1266 1702 1390 1803 κηρίον
1408 1705 1461 1805 τῷ

195 1815 202 1828 ’
256 1836 277 1872 “
295 1826 452 1924 στόματί
469 1831 572 1924 μου.”
610 1831 630 1907 ὁ
658 1828 695 1908 δὲ
721 1828 877 1934 φυχικδς
894 1831 1065 1910 Ἰουδαῖος
1084 1826 1223 1929 μωρίαν
1241 1823 1328 1904 εἶναι
1350 1836 1457 1926 λογι-

255 1947 397 2052 ζόμενος
428 1952 608 2034 ἀσυνέτως
637 1952 678 2030 τδ
705 1951 944 2050 πνευματικὸν
972 1951 1182 2052 μυστήριον,
1212 1952 1270 2030 καὶ
1296 1947 1358 2027 διά
1386 1953 1461 2026 τῶν

254 2083 318 2152 τοῦ
340 2079 507 2176 Σωτῆρος
524 2073 693 2179 ῥημάτων
713 2079 770 2156 ἐπὶ
791 2076 857 2175 τὴν
876 2075 1053 2182 ἀνθρώπῳ
1077 2073 1288 2178 πρέπουσαν
1306 2071 1462 2152 σύνεσιν

254 2198 457 2291 ἀναβαίνειν
485 2201 815 2301 παρακαλούμενος,
844 2202 902 2279 ε’πὶ
929 2198 996 2299 τὴν
1023 2200 1233 2304 σύντροφον
1260 2199 1313 2275 ἀεὶ
1342 2229 1456 2275 κατα·
1479 2226 1514 2287 15

88 1572 128 1621 Pa.

88 1639 171 1686 cxviii.

88 2346 208 2395 Eme.
253 2321 373 2400 πίπτει
402 2322 548 2423 μωρίαν,
574 2323 615 2400 τὸ
644 2322 708 2419 μὲν
733 2321 892 2424 πονηρὸν
917 2319 1030 2401 καλὸν
1052 2321 1181 2422 λέγων,
1205 2319 1247 2401 τὸ
1275 2319 1313 2400 δὲ
1344 2317 1463 2398 καλὸν

253 2443 422 2546 πονηρὸν,
435 2445 526 2524 κατά
544 2445 610 2544 τῆν
626 2455 688 2525 τοῦ
707 2445 897 2551 προφήτου
917 2445 1052 2550 φωνήν.
1084 2443 1259 2548 πατρῶζει
1278 2442 1314 2522 δὲ
1334 2441 1463 2540 πάλιν,

256 2574 313 2646 καὶ
339 2567 403 2651 τάς
428 2575 500 2647 τῶν
525 2569 714 2671 προγόνων
737 2571 889 2665 ἀμαθίας
916 2567 1203 2668 ἀπομιμούμενος
1231 2570 1298 2647 κάν
1318 2568 1464 2649 τούτοις

257 2691 452 2769 ἁλώσεται·
485 2698 517 2770 οἱ
547 2691 612 2790 μὲν
634 2691 706 2793 γάρ
732 2692 774 2772 τὸ
800 2692 917 2789 μάννα
943 2692 1042 2793 παρὰ
1066 2700 1130 2771 τοῦ
1155 2697 1252 2771 Θεοῦ
1275 2689 1461 2795 χορηγού-

223 2829 367 2913 Ιιμενοι,
389 2818 445 2893 καὶ
465 2820 528 2914 τῆς
548 2816 684 2895 ἀνωθεν
702 2815 934 2920 μετίσχοντες
960 2815 1125 2917 εὐλογίας
1150 2817 1206 2894 ἐπὶ
1234 2814 1297 2912 τῆν
1315 2813 1464 2913 συνήθη
1480 2851 1515 2890 20

88 2932 165 2979 Num.
178 2932 212 2982 xi.

89 3011 170 3138 {xpm

89 3144 140 3176 τινι.
155 3142 177 3189 3.

257 2939 473 3041 χυδαιότητα
512 2939 758 3046 κατεφέροντο,
797 2945 854 3019 καὶ
890 2939 955 3023 τάς
991 2942 1028 3018 ἐν
1066 2938 1240 3047 Αίγύπτιρ
1280 2939 1465 3023 δυσωδίας

258 3063 411 3165 ἐζήτουν,
445 3063 609 3166 κρόμμυα
647 3068 705 3142 καὶ
741 3063 869 3166 πράσα
905 3066 964 3142 καὶ
998 3069 1110 3164 κρεῶν
1143 3063 1300 3161 λέβητας
1330 3063 1461 3140 ε’πιθυ·

257 3196 406 3287 μοῦντες
439 3193 535 3267 ἰδεῖν·
581 3193 613 3266 οἱ
645 3186 682 3266 δὲ
717 3187 783 3286 τῆν
813 3185 984 3289 ζωοποιδν
1015 3194 1078 3265 τοῦ
1110 3184 1321 3285 Πνεῦματος
1352 3186 1466 3291 χάριν

259 3310 426 3414 δέχεσθαι
453 3311 777 3414 παρακαλούμενοι,
799 3315 857 3390 καὶ
884 3309 947 3390 τδν
968 3309 1077 3413 ἀρτον
1099 3309 1163 3390 τδν
1186 3307 1375 3410 ἀληθινὸν,
1396 3309 1467 3389 τὸν

258 3437 297 3512 ἐκ
323 3440 419 3512 Θεοῦ
447 3438 503 3512 καὶ
530 3438 674 3539 Πατρὸς
700 3437 832 3535 ἥκοντα
860 3435 1056 3539 τρέφεσθαι
1082 3431 1343 3532 διδασκόμενοι,
1368 3431 1466 3538 πρὸς
1482 3469 1518 3529 ²5

90 3549 213 3675 sm·
259 3557 324 3655 τῆν
350 3558 482 3635 ἑαυτῶν
507 3557 688 3638 ἐκνεύουσι
711 3558 867 3658 πλάνην,
887 3569 909 3605 “
923 3556 1110 3663 φιλήδονοι
1138 3565 1282 3657 μᾶλλον
1307 3555 1412 3641 ὅντες
1441 3554 1466 3656 ἢ

260 3692 281 3726 “
302 3679 500 3785 φιλόθεοι·”
532 3685 589 3760 καὶ
610 3680 735 3785 ὥσπερ
754 3690 786 3762 οἱ
804 3683 940 3762 τούτων
959 3681 1130 3785 πρόγονοι
1149 3685 1206 3760 καὶ
1224 3683 1333 3780 αῦτῆς
1352 3715 1467 3782 κατη-

230 3802 391 3906 ογόρουν
421 3810 484 3904 τῆς
519 3805 576 3885 διά
608 3816 672 3886 τοῦ
702 3805 818 3906 μάννα
853 3811 1000 3912 τροφῆς,
1032 3809 1307 3903 ἀποτολμῶντες
1341 3804 1468 3907 λε’γειν

89 3933 214 4045 gum-³³·
261 3940 280 3976 “
299 3931 348 4007 ‘H
370 3927 406 4008 δέ
433 3929 536 4035 ψυχὴ
565 3931 665 4030 ἡμῶν
689 3928 911 4036 κατάξηρος”
931 3932 969 4008 ἐν
988 3935 1038 4036 τῷ
1063 3928 1180 4036 μάννᾳ
1205 3929 1334 4037 τούτῳ·
1367 3932 1467 4011 οὕτω

296 4199 320 4234 2.
340 4185 393 4236 τοῖς
406 4192 575 4252 assumptum
589 4203 619 4236 ex
636 4183 705 4237 B.D.
814 4201 840 4253 9.
856 4182 968 4238 οὖνοω.
984 4182 1016 4236 Β.
1078 4183 1212 4253 ἐντρυφῶν
1226 4181 1258 4236 Β.
1371 4199 1416 4238 ιο.
1436 4185 1465 4238 δι’

261 4251 293 4304 Β.
308 4252 329 4304 δ’
345 4252 395 4306 Ed.
456 4257 558 4321 μᾶλλον
570 4266 741 4324 assumptum
754 4272 785 4306 ex
801 4255 830 4306 B.
968 4271 1008 4307 11.
1028 4254 1059 4308 τὰ
1072 4256 1149 4324 λόγιά
1162 4276 1212 4308 σου
1224 4262 1285 4306 ante
1296 4255 1334 4323 τῷ
1346 4255 1466 4325 λάρνῃί

260 4333 293 4376 tr.
309 4323 338 4375 Β.
498 4341 537 4376 12.
557 4326 723 4395 λογιζόμενος
737 4325 768 4378 Β.
782 4323 949 4395 λογισάμενος
962 4324 1012 4378 Ed.
1159 4325 1199 4378 16.
1218 4325 1332 4392 πονηρὸν
1344 4327 1466 4378 καλὸν-

260 4397 338 4444 καλὸν
351 4393 473 4463 πονηρὸν]
490 4397 568 4448 καλὸν
580 4397 838 4465 πονηρὸν-πονηρὸν
852 4397 930 4449 καλὸν
944 4394 976 4447 Β.
1087 4395 1127 4449 18.
1147 4394 1201 4467 καὶ]
1214 4396 1276 4448 κατὰ
1290 4393 1323 4449 Β.
1363 4393 1464 4450 Statim

259 4466 305 4516 τὰς
320 4464 388 4517 Βλ).
401 4467 445 4530 τῆς
462 4463 510 4517 Ed.
610 4485 649 4537 ιι).
669 4466 714 4519 οὖν
727 4483 774 4534 pro
787 4467 836 4535 γὰρ
852 4465 883 4518 Β.
933 4469 979 4518 τοῦ
991 4475 1160 4536 assumptum
1172 4484 1204 4520 ex
1219 4466 1250 4519 Β.
1350 4481 1396 4536 23.
1416 4471 1465 4521 τοῦ

258 4531 407 4603 Πνεῦματος
419 4536 509 4606 χάριν]
523 4537 600 4607 χάριν
612 4542 657 4590 τοῦ
672 4541 737 4590 θεοῦ
752 4535 784 4589 Β.
893 4550 935 4606 25.
956 4539 997 4589 καὶ
1010 4542 1180 4607 assumptum
1192 4554 1224 4590 ex
1239 4535 1271 4590 Β.
