3038 5018
109 280 220 371 iii.34
285 285 341 351 IN
373 287 685 354 S.JOANNEM.
732 290 826 355 LIB.
850 289 897 354 11.
943 289 1046 355 CAP.
1070 289 1136 354 111.
1246 289 1310 352 253

347 483 394 550 Οὐ
423 485 483 575 τδρ
510 487 546 552 ὲκ
573 487 691 575 μέτρου
719 486 833 554 δίδωσι
860 489 897 554 τὸ
925 488 1067 564 Πνεῦμα.

164 661 313 769 Ὀζτῖαν
332 664 490 772 ῦπόσχες
514 671 590 747 νυνὶ
616 666 661 767 δή
686 667 850 765 μάλιστα
875 666 942 768 τήν
960 661 1130 766 ἀκοὴν,ὦ
1156 670 1306 767 γενναῖε,
1384 697 1389 706 “

108 786 168 866 ἵνα
186 785 230 887 δή
251 787 365 870 ποίλιν
383 791 468 891 ἡμῖν
485 789 754 892 συνθαυμοίσεις
778 796 850 871 τῶν
868 792 980 894 ἁγίων
998 789 1064 891 τήν
1084 793 1208 893 νήφω·
1239 788 1310 893 ἐφη

109 912 229 992 τοίνυν
247 913 310 993 τὸν
325 912 415 994 Υίῦν
433 918 492 994 καὶ
510 913 739 995 ἀπεστάλθαι
755 914 856 1016 παρὰ
875 921 970 995 θεοῦ
989 916 1048 994 καὶ
1066 912 1111 994 τά
1130 920 1195 993 τοῦ
1214 918 1310 992 θεοῦ

75 1034 253 1136 5ρήμοτα
276 1045 415 1118 λαλεῖν
454 1040 539 1118 ἀλλ’
560 1037 822 1120 ῦπαισθάνεταί
842 1073 930 1136 πως,
950 1039 1040 1119 ὅσον
1062 1036 1147 1138 ήκεν
1171 1042 1219 1120 είς
1245 1034 1311 1136 τὴν

109 1156 301 1264 πρόχειρον
319 1170 384 1242 τοῦ
408 1160 523 1264 λόγον
548 1163 709 1262 δύναμιν,
727 1160 953 1269 προφητικὸν
971 1163 1067 1269 αῦτηῖ
1091 1163 1243 1264 περιθεὶς
1267 1160 1309 1239 τό
1413 1222 1418 1229 .
1509 1181 1514 1190 “

109 1283 251 1386 με’τρον,
287 1283 415 1390 ὥσπερ
451 1288 514 1367 οὖν
551 1288 609 1368 καί
646 1285 915 1386 διελαλήσαμεν
951 1285 1090 1386 ἀρτίως.
1142 1281 1309 1388 ἀναφέρει
1355 1278 1438 1396 ῗξξῖ

109 1408 229 1488 τοίνυν
248 1407 356 1491 αὑτὸν
374 1414 439 1510 τῆς
456 1408 547 1516 πρός
571 1411 722 1496 ἐκείνους
746 1409 912 1511 ἰσότητος
938 1409 996 1490 διά
1023 1408 1170 1505 τούτων,
1188 1410 1246 1487 καὶ
1266 1409 1344 1487 δι’(1

109 1527 186 1616 ἐνὸς
205 1529 249 1631 δὴ
265 1533 393 1614 τούτου
412 1535 563 1633 σημείου
582 1534 707 1615 δίδωσι
727 1541 829 1633 νοεῖν,
848 1536 896 1620 ὡς
917 1531 1042 1632 πολλή
1066 1529 1111 1631 δή
1136 1564 1190 1615 τις
1214 1533 1307 1629 ἐστὶ,

56 1681 97 1723 10
110 1657 311 1754 μᾶλλονδὲ
335 1655 404 1759 ἤδη
428 1660 486 1738 καί
512 1658 731 1761 ἀσύγκριτος
756 1658 778 1759 ἦ
804 1656 972 1766 διαφοραί·
1013 1655 1200 1761 ἀμήχανον
1223 1653 1308 1758 γὰρ,

111 1782 217 1884 φησὶ,
245 1777 328 1866 τοῦς
359 1781 623 1887 μεμετρημένον
654 1778 834 1887 λαχόντας
867 1781 903 1862 τό
934 1783 1084 1886 Πνεῦμα,
1111 1781 1170 1859 καὶ
1202 1778 1310 1888 ε’τέριρ

111 1903 287 1985 δόνασθοιι
312 1914 419 1985 τοῦτο
445 1903 666 2011 χαρίζεσθαι·
698 1907 739 1986 οῦ
758 1904 829 2009 γὰρ
848 1902 950 2008 ἅγιος
968 1907 1059 2013 ἁγίῳ
1081 1902 1169 1984 ποτέ
1189 1903 1306 1983 Πνεῦ-

111 2062 223 2126 ματος
240 2030 367 2131 Ἀγίου
390 2028 512 2132 γε’γονε
531 2029 698 2136 χορηγός·
740 2036 889 2135 χορηγεῖ
912 2027 950 2108 δέ
973 2035 1088 2108 πᾶσιν
1107 2032 1127 2108 ό
1145 2027 1243 2124 Υἱὸς,
1262 2031 1310 2110 ὡς

110 2152 155 2258 ἐξ
185 2153 274 2232 ίδίου
303 2153 557 2257 πληρώματος.
602 2157 729 2235 οὐκοῦν
758 2159 817 2235 οῦν
846 2155 886 2235 εἰι
917 2151 1033 2260 μίτραν
1061 2147 1202 2249 δίδωσιν,
1230 2149 1311 2230 οῦδὲ

58 2293 97 2354 ¹5
111 2274 235 2379 ὥσπερ
264 2277 397 2374 ἐκεῖνοι,
418 2275 548 2377 μικράν
570 2312 649 2357 τινα
674 2284 802 2380 μοῖραν
825 2277 896 2383 ἔχει
920 2283 984 2356 τοῦ
1008 2273 1228 2374 Πνεόματος,
1252 2277 1340 2353 κοῖα

110 2406 217 2479 τοῦτο
242 2407 489 2500 μεταληπτῶς·
523 2402 609 2481 ἀλλ’
632 2402 819 2507 ἐπειδήπερ
846 2402 1031 2505 ἀνεδείχθη
1059 2402 1117 2479 καὶ
1144 2396 1310 2504 χορηγός,

110 2526 220 2621 δῆλος
238 2521 283 2603 ἀν
297 2524 349 2625 ε’ίη
369 2523 545 2625 δήπουθεν
562 2525 651 2607 ὅλον
665 2525 758 2631 ἔχων
772 2527 957 2610 οόσιωδιῦς
974 2527 1013 2604 ε’ν
1027 2525 1151 2632 ἐαυτῷ.
1184 2525 1311 2602 οὐκοῦν
1370 2566 1374 2573 ·

110 2645 331 2746 ότοσαότην
348 2647 441 2754 ἔχων
457 2647 549 2751 πρὸς
566 2649 716 2733 ἐκείνους
736 2648 802 2749 τὴν
821 2644 1009 2754 ὑπεροχὴν,
1029 2648 1095 2752 οὐχ
1121 2649 1170 2731 ὡς
1196 2644 1244 2731 εἷς
1269 2646 1314 2754 ἐξ

110 2770 249 2850 ἐκείνων
274 2769 431 2869 λαλήσει
454 2772 500 2852 τὰ
524 2771 624 2875 παρὰ
650 2779 756 2871 θεοῦ,
776 2773 861 2851 ἀλλ’
881 2775 930 2855 ὡς
954 2768 1047 2855 θεὸς
1074 2769 1246 2876 ῦποῖρχων
1270 2770 1310 2851 ἐκ

59 2915 100 2957 ²0
111 2897 217 2990 θεοῦ,
235 2895 317 2978 τοῦς
333 2899 417 3004 θεῷ
435 2895 636 2998 πρέποντας
654 2894 877 3003 ἆνερεόξεται
897 2892 1040 2995 λόγους.

165 3014 424 3098 Ἀντικείσεται
448 3018 486 3099 δὲ
510 3027 585 3106 τοῖς
609 3019 810 3123 εἰρημένους
836 3019 1008 3114 οὐδαμῶς,
1031 3015 1074 3097 τὸ
1099 3016 1158 3097 διὰ
1183 3024 1310 3122 χειρῶν
1355 3033 1480 3151 ἓξὲξ·

45 3218 50 3228 ,
109 3144 362 3222 ἀποστολικιῦν
380 3143 549 3224 δεδόσθαι
568 3142 610 3225 τὸ
630 3140 778 3242 Πνεῦμό
795 3176 893 3221 τισιν
911 3140 1048 3221 οἴεσθαι
1068 3139 1178 3225 τινάς·
1205 3175 1311 3222 πνευ-
1359 3114 1408 3215 ιῦῖ

109 3264 381 3369 μυτοκλήτορας
399 3265 471 3369 γὰρ
490 3268 580 3371 ἤπερ
598 3266 709 3351 ὅντως
731 3274 795 3347 τοῦ
815 3264 1026 3364 Πνεόματος
1048 3263 1225 3370 χορηγοῦν
1247 3273 1311 3347 τοῦ

110 3387 238 3491 Ἀγίου
256 3385 344 3469 εἶναι
361 3389 621 3494 πιστεύσομεν·
652 3394 726 3472 ἐπεὶ
745 3393 803 3471 καὶ
824 3392 989 3488 Μωυσῆς
1008 3390 1028 3468 ό
1046 3387 1229 3494 μακάριος,
1248 3390 1342 3470 οῦκο
1365 3412 1428 3469 1¹70
1439 3409 1480 3467 Δ.

60 3534 99 3596 25
111 3509 217 3595 αὐτὸς
235 3514 383 3619 ἀφεῖλεν
400 3510 473 3595 ἀπὸ
491 3523 556 3595 τοῦ
574 3513 676 3599 ὄντος
694 3515 747 3595 ἐπ’
767 3513 863 3620 αὐτῷ
880 3512 1082 3610 πνεύματος
1103 3513 1308 3617 προσετάτ·
1358 3524 1482 3654 {zum-¹³·

109 3672 201 3735 πετο,
229 3637 322 3744 μόνη
349 3635 387 3717 δὲ
413 3646 459 3745 τῇ
486 3641 557 3747 ἰδίᾳ
585 3636 773 3742 τετήρηκεν
800 3636 949 3744 ἐξουσίᾳ
979 3638 1037 3716 καὶ
1071 3645 1178 3718 τοῦτο
1206 3637 1312 3737 θεὸς,
1393 3626 1400 3641 ⁰

109 3765 238 3866 χρῆναι
265 3759 331 3860 μέν
355 3759 464 3843 αὐτόν
487 3762 771 3866 προσβαλέσθαι
798 3760 881 3845 τοῦς
909 3757 1155 3859 ἑβδομήκοντα
1182 3759 1334 3868 λε’γων,Ι

110 3887 259 3990 ἀφελεῖν
284 3885 322 3966 δέ
348 3885 421 3967 ἀπὸ
446 3889 511 3967 τοῦ
535 3887 736 3985 πνεύματος
760 3892 825 3964 τοῦ
849 3885 903 3964 ἐπ’
923 3885 1029 3991 αὐτῷ,
1047 3887 1105 3964 καί
1129 3885 1314 3984 ἐπιθήσειν

111 4010 166 4091 ἐπ’
186 4011 302 4095 αὐτοῖς
322 4008 617 4116 ὑπισχνούμενος.
658 4005 733 4114 ᾔδει
758 4006 829 4111 γὰρ
855 4007 953 4116 μόνῳ
978 4006 1125 4110 πρέπειν
1140 4010 1313 4089 ἐπιτελεῖν

59 4176 99 4235 30
111 4140 162 4243 τῷ
183 4138 265 4242 θεῷ
282 4132 328 4213 τά
346 4137 539 4238 θεοπρεπῆ.

149 4351 174 4391 2.
194 4335 282 4391 νῦνΒ.
331 4334 645 4403 aess.1).Migne.6Ed.
772 4353 799 4401 4.
817 4334 903 4388 τοίνυν
914 4343 1084 4406 assumptum
1097 4351 1129 4387 ex
1144 4334 1178 4387 B.
1215 4331 1312 4388 statim

112 4409 158 4463 τὸν
169 4424 223 4461 om.
237 4406 269 4462 B.
317 4403 399 4476 παρὰ]
417 4408 508 4469 «Ι-τοῦ
521 4404 572 4460 Ed.
584 4406 668 4460 invito
681 4406 714 4460 Β.
810 4419 837 4477 5.
855 4405 932 4459 λαλεῖ
945 4404 981 4458 D.
1078 4422 1104 4474 9.
1124 4404 1154 4473 δὴ
1167 4400 1313 4475 utrumque

111 4496 168 4533 om.
182 4476 215 4532 B.
395 4491 436 4529 11.
453 4478 488 4529 λα
507 4474 595 4548 ὄντος]
609 4479 737 4538 λαβόντος
750 4474 783 4530 Β.
965 4473 1005 4530 16.
1025 4472 1175 4546 ἐπειδήπερ]
1190 4472 1263 4546 εἴπερ
1276 4473 1313 4531 Β.

114 4562 157 4619 25.
175 4548 284 4620 ἀφεῖλεν
297 4546 329 4602 Β.
341 4545 451 4617 ἀφιλεῐν
463 4498 515 4602 Εδ.
614 4560 656 4618 27.
674 4545 875 4616 προβάλλεσθαι
889 4544 922 4601 Β.
1024 4561 1068 4617 ²9·
1087 4543 1126 4600 (τ’
1139 4563 1194 4602 om.
1207 4545 1241 4602 B.
1270 4585 1274 4591 -
