3038 5018
86 289 260 381 τιμή,
293 290 351 359 IN
381 292 415 358 s,
439 291 693 359 JOANNEM.
741 290 835 356 ΜΒ.
860 287 920 354 ιν.
966 286 1068 355 ςΑΡ.
1092 284 1119 353 1.
1222 287 1288 354 ιοτ

87 460 258 540 ἐντεῦθεν.
297 458 448 560 μέλλων
465 458 537 562 γάρ
560 457 764 554 ἀναβαίνειν
782 457 836 537 ἐπ’
857 453 976 552 αὐτὸν,
993 452 1058 538 τὰς
1082 451 1174 555 πρός
1192 447 1323 531 Θεδνδ

87 583 236 664 ἐποιεῖτο
254 581 439 690 διαλέξεις,
459 585 508 667 ὡς
525 585 563 663 ἐν
580 584 786 686 προσευχῆς·
805 575 972 680 δηλονότι
989 574 1152 682 σχήματι
1169 575 1287 678 λέγων

88 714 111 750 “
131 704 265 809 Πάτερ,
281 711 310 786 εί
328 704 491 804 δυνατὸν,
508 704 719 810 παρελθέτω
736 701 798 785 ἀπ’
814 704 902 803 ε’μοῦ
919 702 962 783 τὸ
978 697 1151 804 ποτήριον
1168 705 1285 779 τοῦτο·
1330 701 1456 834 ἓξὲξ]

89 837 111 874 “
127 827 228 929 πλὴν
246 831 314 936 οὐχ
339 831 388 915 ὡς
411 827 483 933 ε’γία
507 828 617 927 θέλω,
636 829 720 909 ἀλλ’
741 830 790 913 ὡς
814 826 896 908 σό·”
933 824 988 906 ότι
1012 822 1171 926 μὲνγὰρ
1194 820 1288 906 θεὸς

56 947 134 1050 5ἧν
163 952 183 1030 ὁ
211 952 332 1053 Λόγος
360 950 538 1037 ἀθάνατός
568 984 608 1032 τε
637 954 696 1032 καὶ
725 948 957 1057 ἀδιάφθορος,
986 949 1045 1029 καὶ
1076 945 1164 1027 αὐτὸ
1196 943 1288 1026 κατά

90 1072 204 1178 φῦσιν
221 1073 304 1178 ζωὴ,
324 1073 598 1177 καταπτήσσειν
615 1075 680 1155 οῦκ
697 1072 774 1180 ᾔδει
792 1069 858 1155 τὸν
874 1069 1040 1169 θάνατον,
1058 1076 1174 1151 πᾶσιν
1191 1064 1289 1167 οἶμαι

89 1196 372 1300 προδηλότατον·
410 1200 588 1304 ἐπιτρέπει
612 1196 726 1302 γεμήν
750 1200 799 1283 ὡς
823 1199 861 1279 έν
884 1197 994 1300 σαρκὶ
1018 1191 1177 1297 γεγονὼς
1200 1194 1289 1273 ῦπο·

89 1319 205 1417 μένειν
232 1320 279 1401 τὰ
305 1321 377 1402 ’ίδια
402 1326 448 1427 τῇ
475 1325 600 1426 σαρκὶ,
631 1325 689 1403 καὶ
717 1317 894 1426 γεγονότα
921 1317 1051 1400 λοιπὸν
1077 1318 1135 1397 ἐπὶ
1153 1316 1318 1422 θύραιςο

91 1442 342 1545 ὑποπτήσσειν
376 1445 441 1525 τὸν
478 1445 643 1545 θάνατον,
680 1445 739 1527 ἵνα
778 1446 949 1553 φαίνιγται
985 1441 1078 1523 κατὰ
1117 1439 1290 1541 ἀλήθειαν

38 1594 76 1635 10
90 1567 290 1671 ἅνθρωπος·
330 1568 389 1649 διά
415 1567 521 1649 τοῦτό
550 1574 666 1675 φησιν
689 1580 712 1617 “
727 1575 773 1652 Εἰ
800 1568 962 1665 δυνατὸν,
990 1563 1198 1670 παρελθέτω
1227 1565 1288 1646 ἀπ’

91 1701 112 1738 “
130 1693 216 1789 ε’μοῦ
243 1690 285 1773 τὸ
312 1691 485 1796 ποτήριον
509 1693 645 1774 τοῦτο.”
685 1699 715 1773 εί
741 1684 930 1799 ε’νδέγεται,
951 1692 1083 1800 φησὶν,
1102 1687 1132 1769 ὦ
1151 1688 1288 1792 Πάτερ,

90 1812 141 1912 μὴ
158 1815 321 1895 παθόντα
342 1815 407 1897 τὸν
425 1814 581 1896 θάνατον
599 1822 829 1921 κατορθῶσαι
846 1823 920 1900 τοῖς
939 1821 987 1899 εἰς
1005 1810 1115 1895 αὑτὸν
1131 1819 1290 1895 πεσοῦσι

90 1934 157 2035 τήν
178 1936 279 2040 ζωὴν,
302 1945 331 2019 εί
357 1936 579 2039 ἀποθνήσκει
606 1938 760 2026 θάνατος
786 1937 837 2039 μή
861 1944 1052 2022 τεθνεῶτος
1073 1939 1174 2038 ἐμοῦ,
1199 1933 1291 2016 κατά
1382 1970 1385 1976 ·

90 2059 156 2158 τήν
185 2056 308 2164 σάρκα
339 2061 378 2142 δὲ
410 2058 590 2164 δηλονότι,
618 2062 860 2169 παροιχέσθω,
889 2065 995 2170 φησὶ,
1024 2058 1067 2141 τὸ
1103 2056 1287 2164 ποτήριον·

40 2199 77 2259 ¹5
90 2182 190 2282 πλὴν
211 2185 399 2289 ἐπειδήπερ
421 2188 486 2267 οῦκ
511 2181 557 2268 ἀν
578 2186 728 2291 γένοιτο,
747 2189 874 2293 φησὶν,
892 2186 1029 2290 ἑτέρως,
1048 2185 1116 2290 οὐχ
1143 2187 1191 2268 ὡς
1217 2182 1290 2287 ἐγὼ

90 2303 198 2404 θέλω,
230 2306 316 2387 ἀλλ’
350 2311 398 2392 ὡς
434 2309 495 2391 σό.
553 2312 639 2418 ὁρᾷς
674 2308 771 2397 ὅπως
807 2311 989 2390 ἀτονοῦσα
1025 2305 1091 2408 μέν
1121 2304 1235 2388 πάλιν
1266 2307 1289 2406 ἡ

90 2429 281 2532 ἀνθρώπου
319 2432 430 2537 φύσις
467 2438 527 2513 καὶ
563 2436 601 2515 έν
630 2436 727 2543 αὐτῷ
763 2440 815 2542 τῷ
847 2437 1010 2540 Χριστῷ,
1041 2431 1084 2513 τὸ
1119 2429 1210 2512 ὅσον
1240 2436 1320 2519 είςα
1342 2460 1456 2520 am.

90 2552 228 2653 ἑαυτήν,
246 2556 455 2658 εὑρίσκεται·
483 2555 730 2660 ἀνακομίζεται
755 2555 793 2638 δὲ
818 2555 876 2637 διὰ
898 2564 963 2637 τοῦ
986 2555 1176 2641 ἑνωθέντος
1199 2558 1289 2663 αῦιῇ

90 2674 214 2777 Λόγου
238 2674 329 2782 πρός
353 2680 545 2777 εὐτολμίαν
564 2685 754 2785 θεοπρεπῆ,
778 2683 837 2762 καὶ
862 2684 911 2765 είς
935 2677 1105 2787 φρόνημα
1130 2679 1290 2761 νεανικὸν

37 2829 78 2870 20
90 2801 392 2901 μεταπαιδεόεται,
411 2805 460 2887 ὡς
475 2802 527 2904 μὴ
545 2810 620 2888 τοῖς
639 2804 738 2889 ἰδίοις
760 2802 803 2884 τὸ
828 2807 956 2885 δοκοῦν
973 2803 1163 2912 ἐπιτρέψαι
1181 2802 1290 2904 θελή-

24 2916 25 2919 “
89 2958 215 3024 μασιν,
234 2923 336 3005 ἀλλά
363 2933 492 3033 σκοπῷ
517 2933 664 3027 μᾶλλον
688 2930 898 3009 ἀκολουθεῖν
920 2933 972 3036 τῷ
1000 2928 1093 3036 θείιρ,
1113 2931 1171 3008 καὶ
1197 2924 1291 3033 πρός

90 3049 199 3129 ἐκεῖνο
224 3049 359 3154 τρέχειν
375 3049 589 3151 ἐπείγεσθαι,
607 3049 699 3156 πρὸς
717 3049 805 3155 ὅπερ
824 3049 869 3131 ἀν
887 3051 980 3152 ἡμᾶς
1004 3053 1025 3131 ό
1049 3060 1114 3133 τοῦ
1137 3085 1288 3152 πεποιή-

90 3167 193 3255 κότος
211 3173 375 3275 ἀνακαλῇ
393 3170 512 3271 νόμος.
540 3172 597 3255 ότι
614 3173 654 3254 δὲ
670 3173 717 3255 τὰ
734 3171 881 3255 τοιαῦτά
900 3181 1021 3282 φαμεν
1039 3174 1287 3274 ἀληθεύοντες,

91 3297 149 3373 καὶ
186 3293 231 3402 ἐξ
264 3296 374 3376 αὐτοῦ
410 3294 561 3402 μαθήσῃ
600 3305 666 3378 τοῦ
701 3298 978 3401 συνεζευγμένον
1009 3309 1031 3346 “
1044 3297 1100 3378 Τὸ
1125 3297 1191 3397 μέν
1217 3298 1290 3403 γάρ
1335 3330 1426 3393 Ib.41.

39 3438 78 3499 ²5
91 3428 112 3464 ‘⁴
131 3425 281 3517 πνεῦμα,
309 3421 416 3526 φησὶ,
442 3416 639 3521 πρόθυμον,
666 3421 689 3520 ἡ
717 3419 755 3501 δὲ
782 3419 885 3529 σάρξ
914 3421 1104 3523 ἀσθενής·”
1144 3423 1187 3503 οῦ
1217 3422 1323 3527 γάρι)

90 3540 248 3644 ἠγνόησε
275 3542 448 3646 Χριστὸς,
467 3541 522 3624 ότι
549 3548 613 3643 τῆς
641 3550 860 3650 θεοπρεποῦς
887 3544 991 3653 ἀξίας
1013 3544 1112 3627 πολῦ
1137 3544 1181 3645 δὴ
1206 3548 1291 3627 λίαν

91 3663 370 3766 ἀπελιμπάνετο,
409 3665 452 3748 τὸ
489 3671 605 3748 δοκεῖν
641 3669 821 3767 ἡττᾶσθαι
857 3668 1001 3777 θανάτιρ
1034 3672 1093 3750 καὶ
1130 3673 1193 3769 τῆς
1229 3672 1289 3752 ἀπ’

131 3918 154 3956 1.
172 3900 250 3973 πρὸς]
267 3908 296 3966 -1-
311 3904 357 3958 τὸν
370 3902 402 3957 Β.
510 3921 536 3974 3.
554 3903 598 3958 ἀπ’
613 3904 675 3973 ἐμοῦ
687 3922 741 3960 om.
756 3905 789 3959 B.
801 3904 883 3960 habet
896 3904 999 3961 Concil.
1105 3925 1130 3973 4.
1149 3903 1213 3976 γὰρ]
1230 3901 1290 3970 ÷‘

93 3970 145 4025 Ed.
157 3971 246 4026 invitia
260 3972 344 4027 Cone.
358 3971 391 4027 B.
492 3991 518 4044 9.
537 3973 730 4047 ὑποπτήσσειν]
747 3983 775 4040 ÷
791 3975 820 4045 ἐᾷ
834 3974 886 4030 Ed.
897 3974 1111 4047 repugnantibus
1124 3973 1208 4030 Cone.
1221 3929 1290 4031 Οοθί

93 4041 190 4096 Vienn.
202 4042 235 4096 B.
246 4041 326 4097 habet
338 4040 424 4097 Coleti
436 4043 479 4098 ed.
526 4041 583 4127 ἵνα]
598 4050 627 4108 -1-
642 4045 684 4099 καὶ
697 4045 730 4099 Β.
740 4045 823 4127 ἱιινίιο
837 4044 920 4102 (ἶσαι.
1019 4045 1290 4135 1Q-19qitamretin

93 4110 177 4168 Cone.
191 4111 277 4168 Later.
289 4110 343 4180 649
355 4129 427 4168 anno
437 4111 510 4178 hab„
524 4114 637 4169 Αςιιοιιε
648 4133 675 4170 v.
687 4114 721 4172 Τ.
735 4132 778 4170 vu.
792 4131 854 4185 304.
981 4131 992 4170 ι
996 4133 1022 4186 3.
1035 4115 1192 4184 αποθνήσκα
1206 4113 1289 4172 Cone.

93 4206 126 4261 B.
139 4195 310 4277 ἀποθνήσκέίν
323 4208 359 4264 Ι).
372 4208 544 4279 ἀποθνήσκειν
557 4207 608 4263 Ed.
647 4208 743 4264 Statim
755 4195 864 4266 θάνατόῦ
876 4209 913 4264 Ι).
988 4209 1029 4264 16.
1047 4210 1128 4265 πάλιν
1139 4226 1193 4267 om.
1206 4208 1291 4267 Cone.

92 4276 138 4331 sed
151 4276 232 4332 habet
245 4277 328 4333 Cone.
343 4278 402 4335 Lat.
476 4280 516 4335 ι8.
534 4279 614 4348 αὐτὴν
626 4277 721 4334 Οοιιιι.
735 4277 818 4334 Cone.
904 4297 945 4349 19.
965 4279 1107 4351 θεοπρεπῆ]
1121 4280 1291 4351 πνευματικήν

94 4346 126 4401 B.
139 4348 230 4403 invitis
243 4347 378 4405 conciliis.
486 4366 529 4420 23.
548 4349 670 4406 ἀνακαλεῖ
683 4347 767 4404 Οοαι.
781 4348 850 4404 cod.
863 4350 961 4405 Vienn.
973 4350 1137 4406 ἀνακαλεῖται
1150 4349 1236 4405 Coleti
1248 4349 1291 4409 ed.

93 4458 136 4530 πή.
149 4443 191 4496 καὶ
203 4460 257 4499 om.
272 4442 355 4500 Cone.
419 4458 475 4533 ,²⁷2
484 4430 685 4526 ἀπέλιμπάνετό.ι
696 4444 731 4500 D.
744 4445 803 4499 “al.
816 4445 1044 4536 ἀπυλιμπήνεται”
1055 4445 1106 4500 Ed.
1116 4463 1170 4528 ιαμ.
1183 4445 1293 4518 ἀπελιμ·

92 4535 186 4569 πανετο
197 4513 279 4572 habet
292 4512 376 4572 Cone.
414 4515 540 4584 ήπασθιιι
553 4515 587 4572 Β.
599 4515 713 4573 Conellu
724 4514 766 4572 ed.
780 4515 875 4572 θοίνα.
889 4516 1015 4588 ιγπιγσθιιι
1027 4514 1095 4572 cod.
1108 4516 1203 4574 Vlenn.
1215 4515 1267 4575 Ed.
