3038 5018
90 322 187 390 v.23.
249 303 305 368 IN
336 303 369 368 S.
394 303 649 369 JOANNEM.
696 305 790 370 LIB.
814 304 862 369 11.
907 304 1008 370 CAP.
1025 305 1125 371 VIII.
1222 307 1283 370 341

90 468 295 572 εἰρημένον;
327 466 398 572 ἀρα
420 468 491 572 γὰρ
516 478 589 555 τοῖς
615 470 702 572 ῦπέρ
724 470 839 575 φύσιν
856 469 1075 574 παραλόγως
1093 472 1284 569 ἐπιπηδᾶν,

91 595 149 672 καί
176 599 249 673 τῶν
271 590 454 674 ἀδυνάτων
476 595 640 699 ἐφίεσθαι
664 591 823 674 διδάσκει
847 594 966 697 λε’γων
989 593 1095 677 αὐτὸς
1120 596 1139 673 ό
1164 599 1287 673 Μονο-

90 714 196 819 γενής
224 727 244 763 “
260 718 411 797 Γίνεσθε
439 718 663 819 οἰκτίρμονες,
692 717 810 800 καθὼς
837 723 896 800 καί
929 722 949 799 ό
979 715 1108 820 Πατὴρ
1140 720 1238 815 ῦμῶν
1266 717 1287 796 ό
1331 703 1429 834 {132⁰

91 851 113 887 “
131 837 291 941 οὐράνιος
321 842 510 944 οἰκτίρμων
542 842 625 922 ε’στί
637 843 670 937 ;”
711 851 817 922 τοῦτο
848 841 920 945 γὰρ
955 840 999 942 ἦν
1029 837 1288 925 ἀνενδοιοῖστως

59 991 77 1051 5
92 969 210 1060 εἰπεῖν,
227 968 356 1068 χρῆναι
374 965 417 1064 δὴ
439 961 583 1049 πάντως
607 967 699 1066 ἡμᾶς
723 966 790 1066 τὴν
808 970 845 1046 ἐν
863 969 1050 1066 ταυτότητι
1073 961 1322 1065 θελημάτωνίι

90 1087 359 1188 ἀναλαμβάνειν
377 1089 494 1169 εἰκόνα
511 1098 576 1170 τοῦ
595 1090 753 1192 Πατρός.
792 1089 946 1190 μιμητὴς
965 1089 1078 1171 δὲκαὶ
1098 1092 1118 1169 ό
1138 1095 1288 1173 Παῦλος

91 1211 225 1313 ε’γίνετο
254 1220 318 1291 τοῦ
345 1217 521 1315 Χριστοῦ,
549 1218 623 1313 τῆς,
652 1217 700 1298 ὡς
727 1217 849 1294 ἐκεῖνοι
878 1214 1068 1317 ληροῦντίς
1096 1223 1223 1320 φασιν,
1250 1215 1289 1293 ἐν

91 1334 275 1434 θελήμασι
293 1335 414 1434 μόνοις
432 1338 564 1422 εἰκόνος
582 1345 646 1417 τοῦ
665 1336 822 1440 Πατρός.
863 1335 963 1418 ἀλλά
986 1342 1044 1418 καί
1070 1338 1206 1417 τούτων
1223 1337 1288 1435 μὲν

91 1458 412 1558 ἀπαναστῆσονται
430 1459 522 1540 κατά
539 1458 581 1540 τδ
600 1458 690 1544 εἰκὸς
707 1466 780 1541 τῶν
798 1462 935 1541 ἀθλίων
953 1461 1150 1562 νοημάτων,
1164 1456 1288 1563 ὥσπερ

45 1582 135 1662 τοδί
163 1617 198 1662 τι
234 1584 350 1688 μεῖῷν
383 1588 603 1670 ἐπινοοῦντες
638 1589 696 1665 καί
732 1585 886 1683 ἄμεινον,
919 1587 1028 1665 ἐκεῖνο
1064 1582 1108 1685 δὴ
1145 1583 1289 1668 πάντως

91 1708 235 1807 ε’ροῦσιν
254 1708 371 1789 Εἰκῶν
389 1711 469 1789 ε’στι
485 1717 550 1790 τοῦ
568 1714 664 1789 Θεοῦ
682 1712 741 1789 καί
759 1709 905 1812 Πατρδς
923 1710 944 1789 ό
964 1707 1183 1812 Μονογενὴς,
1198 1707 1288 1789 ὅσον

90 1833 130 1910 ε’ν
158 1831 344 1933 ταυτότητι
374 1830 597 1933 θελημάτων,
626 1832 716 1913 ὅσον
743 1836 800 1914 ε’πί
831 1834 973 1941 ἀξίωμα
1000 1837 1058 1913 καί
1091 1831 1288 1940 δόξανκαὶ

91 1957 241 2055 δύναμιν
259 1957 325 2056 τὴν
343 1961 532 2061 θεοπρεπῆ,
553 1956 643 2037 ὅσον
661 1963 709 2041 εἰς
726 1956 905 2060 ἐνέργειαν
923 1957 989 2056 την
1005 1961 1062 2037 ε’πί
1087 1963 1139 2065 τῷ
1164 1958 1288 2060 κτίζειν

90 2082 150 2160 καί
186 2087 480 2186 θαυματουργεῖν,
515 2080 605 2162 όσον
642 2087 690 2164 εἰς
726 2079 768 2160 τὸ
804 2080 1012 2176 βασιλεύειν
1049 2084 1107 2161 καί
1142 2081 1318 2162 πάντωνο

45 2224 77 2285 ¹5
91 2211 241 2307 κρατεῖν,
272 2204 362 2286 ὅσον
393 2211 442 2291 εἰς
474 2202 517 2286 τδ
550 2206 677 2308 κρίνειν
710 2207 769 2284 καί
804 2210 1087 2307 προσκυνεῖσθαι
1122 2203 1214 2307 πρός
1249 2239 1287 2284 τε

91 2326 259 2430 ἀγγέλων
277 2332 336 2409 καί
354 2329 552 2432 ἀνθρώπων
570 2332 628 2410 καί
646 2328 770 2430 πάσης
789 2328 1016 2436 ἁπαξαπλῶς
1037 2332 1101 2428 τῆς
1123 2330 1285 2413 κτίσεως.

91 2449 151 2532 διὰ
176 2454 314 2533 τούτων
340 2452 509 2534 ἁπάντων
537 2454 621 2553 ἡμῖν
646 2455 684 2533 ἐν
707 2453 820 2561 ἑαυτῷ
848 2453 1015 2533 δεικνύων
1040 2451 1103 2532 τὸν
1124 2453 1285 2556 Πατέρα,

90 2578 155 2657 οῦκ
182 2581 220 2657 ἐκ
247 2583 311 2677 τῆς
339 2576 575 2663 ῦποστάσεώς
602 2585 729 2683 φησιν,
748 2576 850 2658 ἀλλὰ
869 2589 889 2625 “
905 2576 1090 2683 χαρακτήρ
1118 2579 1198 2657 ε’στι
1224 2582 1289 2677 τῆς
1332 2601 1457 2665 Hem

91 2711 113 2749 “
132 2701 368 2786 ὑποστάσεως
396 2702 540 2781 αῦτοῦ.”
580 2704 718 2797 οὐκοῦν,
741 2701 828 2804 όπερ
857 2702 993 2804 ἔφημεν
1021 2703 1159 2804 ἀρτίως,
1188 2701 1289 2782 οὐδέν

45 2826 170 2906 Ιοίστι
201 2832 273 2905 τῶν
301 2825 492 2928 εἰρημένων
521 2824 612 2905 κατά
644 2825 760 2931 φῦσιν
792 2828 811 2905 ὁ
844 2825 940 2922 Υἰδς,
969 2825 1038 2931 ἔξω
1073 2824 1110 2903 δί
1143 2824 1289 2905 πάντων

89 2947 229 3052 ἀθρόως
245 2950 410 3046 κείσεται,
429 2949 520 3029 κατά
537 2984 579 3050 γε
597 2949 661 3030 τὸν
678 2947 763 3050 παρ’
784 2952 883 3048 ῦμῶν
900 2947 1139 3048 ἀνοητότατον
1157 2950 1286 3050 λόγον,

89 3076 171 3153 οὔτε
199 3073 236 3154 δὲ
262 3072 354 3158 Θεὸς
380 3072 560 3174 ἀληθινὸς,
580 3075 658 3153 οὔτε
678 3073 777 3171 Υἱὸς,
801 3075 842 3151 οῦ
865 3071 1051 3169 βασιλεῦς,
1070 3073 1112 3150 οῦ
1137 3072 1322 3175 Κύριος,ι1

90 3198 132 3276 οῦ
160 3197 383 3301 δημιουργὸς,
409 3200 451 3277 οῦ
478 3197 636 3295 δυνατὸς,
662 3199 741 3277 οὔτε
770 3197 841 3296 μὴν
864 3200 901 3275 ἐν
926 3194 1129 3295 θελήμασιν
1152 3194 1289 3297 ἀγαθὸς

90 3319 182 3399 κατὰ
214 3323 328 3426 φύσιν
360 3322 457 3406 ἰδίοις
491 3323 604 3402 ἐστίν·
648 3325 686 3400 ἐν
719 3318 755 3400 δὲ
793 3328 940 3423 γυμνοῖς
971 3324 1030 3401 καὶ
1062 3319 1184 3419 μόνοις
1215 3327 1290 3405 τοῖς

45 3470 77 3531 25
92 3446 326 3547 θεοπρεπίσιν
345 3448 468 3548 ὁρᾶται
488 3445 705 3549 κανχήμασι.
734 3448 792 3525 καὶ
811 3445 899 3548 ὅπερ
917 3449 996 3524 ε’στί
1014 3453 1092 3529 ταῖς
1109 3447 1147 3525 ἐν
1164 3445 1289 3552 πίναξι

90 3578 247 3673 γραφαῖς
274 3572 296 3670 ἡ
320 3577 392 3650 τῶν
415 3568 615 3674 χρωμάτων
631 3569 795 3670 ἐπιβολὴ,
814 3567 939 3668 μόναις
965 3571 1087 3653 αῦταῖς
1113 3577 1191 3653 ταῖς
1216 3576 1289 3649 τῶν

90 3693 277 3794 ὁρωμένων
294 3695 486 3778 ποικιλίαις
504 3692 756 3800 ἐξωραῖζουσα,
776 3702 945 3798 φοροῦσα
963 3693 1001 3773 δὲ
1020 3692 1152 3792 ἀληθὲς
1170 3694 1285 3772 οὐδέν·

89 3824 195 3896 τοῦτο
219 3820 276 3897 καί
302 3820 340 3896 ἐν
357 3823 435 3925 Υἰῷ
460 3823 532 3897 τῶν
550 3825 614 3897 τοῦ
638 3822 733 3898 Θεοῦ
757 3821 816 3897 καὶ
839 3815 984 3920 Πατρός
1008 3816 1222 3923 ἀξιωμάτων
1245 3814 1288 3897 τὸ

89 3941 236 4038 κάλλος,
263 3945 301 4020 ἰν
332 3941 397 4039 μὲν
428 3949 554 4048 ψιλοῖς
587 3945 645 4021 καὶ
676 3939 798 4040 μόνοις
829 3940 984 4039 ὀνόμασι
1015 3940 1285 4042 περιανθίζεται,

45 4097 77 4154 ιο
89 4066 221 4174 ἔξωθεν
263 4066 299 4146 δέ
341 4064 465 4168 ὥσπερ
504 4066 704 4170 χρωμάτων
745 4073 852 4146 τινῶν
895 4065 1125 4173 ἐπαλείφεται
1171 4067 1318 4165 δίκηνο

121 4343 151 4453 3.
170 4330 201 4398 δὴ
216 4329 248 4384 Β.
263 4329 314 4384 Ed.
326 4347 381 4400 mg.
395 4330 434 4383 δεῖ
447 4329 497 4384 Ed.
666 4327 691 4383 6.
711 4330 756 4381 τοῦ
769 4329 873 4397 Πατρός
884 4327 1073 4396 ἀναλαμβάνειν
1085 4326 1169 4380 εἰκόνα
1181 4327 1288 4382 inverso

89 4417 121 4455 οτ
140 4401 183 4454 ine
197 4401 229 4454 B.
362 4417 403 4455 12.
420 4400 457 4456 εἰς
469 4418 518 4471 pro
529 4399 571 4454 ἰπὶ
585 4399 618 4454 Β.
737 4456 741 4464 ,
763 4415 804 4468 19·
822 4398 883 4453 οὐδέ
896 4398 928 4453 Β.
1072 4413 1115 4467 τ3.
1134 4397 1240 4468 ἀγαθοῖς
1254 4398 1287 4452 Β.

91 4487 135 4596 ιι·
152 4469 957 4613 ῑιω.ι;’,ια,.νω;.,
1254 4469 1287 4524 ³·
