3038 5018
60 289 83 353 i.
100 311 198 376 9,10.
249 294 307 358 IN
337 293 373 360 S.
395 293 650 359 JOANNEM.
694 293 792 359 LIB.
816 293 844 358 I.
890 293 992 358 cAP.
1016 293 1078 358 IX.
1197 297 1260 360 125

60 452 163 534 ἀλλά
180 455 251 556 μήν
269 458 369 537 ε’στιν
388 454 534 558 ἀγαθὸς,
553 455 612 537 διά
636 492 690 538 τοι
715 466 820 539 τοῦτο
845 455 992 558 ποιητὴς
1011 460 1169 559 ἀγαθῶν·
1197 458 1262 538 οὐκ

60 578 133 680 ἄρα
150 580 319 684 τιμωρίας
336 579 438 661 ἔσται
456 579 589 682 τρόπος
606 581 629 680 ἡ
649 579 846 685 σάρκωσις.

118 736 174 781 κα.
210 735 311 783 Almo,
344 709 390 784 Ei
420 703 744 804 πλημμελημάτων
771 710 835 804 τῆς
865 708 903 785 ἐν
931 703 1058 813 κόσμῳ
1088 706 1262 806 γενέσεως

62 827 303 929 ἀρχαιοτέρου
321 825 572 930 εἰσπράττεται
597 828 696 909 δίκας
720 827 743 926 ἡ
769 837 833 908 τοῦ
857 825 1049 930 ἀνθρῶπου
1074 827 1177 933 ψυχὴ
1203 825 1295 907 διάἱ)

29 952 126 1046 5τῆς
151 956 198 1033 είς
223 949 344 1051 σάρκα
369 955 594 1049 συμπλοκῆς,
614 953 672 1030 καὶ
699 953 867 1052 τιμωρίας
892 950 1008 1055 ἐπέχει
1033 950 1148 1052 λόγον
1168 951 1260 1056 αὐτῇ

62 1069 105 1151 τὸ
123 1077 243 1169 σῶμα,
262 1071 320 1152 διὰ
337 1073 444 1152 ποίαν
464 1076 587 1170 αἰτίαν,
607 1071 734 1182 κόσμιρ
756 1073 821 1171 μέν
838 1077 985 1170 ἀσεβῶν
1004 1072 1262 1171 κατακλυσμὸς

1197 1196 1214 1225 ”
1306 1191 1370 1243 Gen.
1381 1192 1424 1242 vii.

61 1195 297 1296 ε’πενὴνεκται,
318 1197 473 1296 διεσώθη
498 1195 535 1276 δέ
561 1199 693 1281 δίκαιος
718 1195 769 1277 ῶν
791 1199 811 1278 ὃ
835 1203 929 1295 Νῶε,
948 1201 1007 1277 καὶ
1032 1197 1165 1297 ταύτην
1190 1230 1261 1300 εχει
1309 1270 1331 1308 L

61 1317 160 1422 παρὰ
179 1324 276 1400 θεοῦ
292 1324 356 1420 τῆς
373 1321 530 1404 πίστεως
548 1317 613 1418 τὴν
630 1320 836 1416 ἀντίδοσιυ;
866 1319 888 1421 ἢ
915 1320 986 1423 γὰρ
1012 1322 1091 1426 οὐχί
1117 1326 1262 1419 μᾶλλον

60 1444 169 1546 ἐχρῆν
201 1441 283 1526 τοὺς
315 1441 379 1542 μὲν
411 1440 576 1550 ἀφόρητα
609 1443 925 1544 δυσσεβήσαντας,
952 1444 1192 1549 μακροτέρους
1225 1446 1263 1523 έν

11 1605 49 1646 ιο
61 1567 212 1665 σώμασι
236 1565 461 1669 κατατρίβειν
486 1566 647 1671 χρόνους,
670 1567 729 1647 ἵνα
754 1571 812 1647 καὶ
835 1568 1000 1672 μειζόνως
1026 1566 1260 1670 κολάζωνται,

60 1696 206 1789 δεσμῶν
225 1689 263 1770 δέ
288 1696 361 1770 τῶν
378 1688 451 1771 ἀπὸ
478 1690 613 1795 σαρκὸς
640 1691 802 1771 ἀνίεσθαι
827 1691 909 1778 τοὺς
934 1690 1099 1793 ἀγαθοὺς,
1118 1694 1177 1771 καὶ
1199 1695 1263 1792 τῆς

60 1812 152 1917 πρὸς
175 1810 271 1893 θεὸν
288 1815 470 1909 εὐσεβείας
497 1814 780 1918 ἀντικομίζεσθαι
807 1817 914 1919 γέρας
940 1815 1005 1915 τὴν
1030 1818 1068 1895 ε’κ
1093 1815 1292 1914 σῶματοςο

61 1938 329 2041 ἀποφοίτησιν;
359 1939 441 2016 ἀλλ’
463 1935 560 2035 οἶμαι
589 1940 725 2018 δίκαιον
749 1938 836 2018 ὅντα
862 1938 925 2018 τὸν
949 1936 1118 2019 ἁπάντων
1138 1945 1258 2038 Δημι·

61 2059 202 2163 ουργὸν,
230 2057 295 2160 τὴν
327 2059 468 2169 ἑκάστῳ
502 2062 798 2166 χρεωστουμένην
831 2061 987 2162 τάγματι
1019 2066 1149 2168 ψῆφον
1177 2063 1260 2141 ε’πε-

12 2211 47 2271 15
62 2191 208 2284 νεγκεῖν.
249 2183 367 2282 ἐπειδὴ
397 2184 435 2264 δὲ
465 2186 597 2268 δίκαιος
624 2181 674 2263 ῶν
699 2182 841 2292 θανάτῳ
867 2184 932 2283 μέν
957 2192 1008 2293 τῷ
1035 2188 1099 2284 τῆς
1127 2183 1263 2286 σαρκὸς

61 2306 203 2411 κολάζει
237 2305 300 2387 τὸν
328 2306 548 2411 παράνομον,
577 2307 648 2413 ζωῇ
680 2307 718 2388 δέ
747 2308 860 2388 πάλιν
891 2315 935 2413 τῇ
967 2306 1057 2407 μετά
1072 2398 1074 2402 ⁴
1090 2308 1262 2407 σώματος

61 2432 239 2536 εὐφραίνει
270 2430 332 2510 τὸν
360 2434 505 2513 δίκαιον·
555 2432 597 2512 οὐ
630 2430 784 2515 κόλασις
816 2431 887 2534 ἀρα
919 2430 966 2510 τά
999 2430 1153 2530 σώματα
1186 2439 1263 2516 ταῖς

61 2554 260 2656 ἀνθρώπων
278 2560 424 2661 ψυχαῖς,
442 2557 500 2635 ἵνα
525 2552 575 2654 μὴ
602 2555 722 2638 ἄδικος
748 2556 918 2661 φαίνηται
940 2551 1043 2650 Θεὸς,
1061 2553 1180 2658 χάριτι
1198 2554 1263 2653 μέν

61 2675 222 2780 κολάζων
240 2675 303 2757 τὸν
322 2681 451 2777 ἀσεβῆ,
470 2686 583 2778 τιμῶν
601 2678 639 2758 δὲ
657 2677 770 2758 πάλιν
789 2678 940 2757 κολάσει
958 2676 1023 2757 τὸν
1041 2677 1188 2758 δίκαιον.

10 2829 49 2871 20
119 2809 177 2894 κβ.
197 2831 298 2878 mmo.
318 2807 363 2881 Εἰ
381 2802 673 2905 προγενεστέρων
691 2799 931 2900 πταισμάτων
948 2802 1143 2880 ε’κτίσουσα
1164 2802 1298 2885 δίκαςδ

61 2929 110 3007 είς
128 2924 249 3028 σάρκα
265 2928 323 3004 καὶ
342 2914 451 3022 σῶμα
471 2923 716 3024 καταβέβηκεν
735 2925 757 3022 ἡ
776 2925 891 3030 ψυχὴ,
909 2931 987 3006 πῶς
1005 2935 1026 2971 “
1041 2926 1179 3032 ε’φίλει”
1199 2923 1263 3004 τὸν
1308 2926 1397 3054 ξξῑῖὀ

62 3047 228 3151 Λάζαρον
251 3048 462 3148 ἀναστήσας
491 3048 599 3128 αὐτὸν
622 3049 642 3126 ὁ
667 3047 795 3150 Σωτὴρ
824 3051 880 3127 καὶ
905 3045 969 3125 τὸν
993 3045 1096 3154 ἅπαξ
1118 3051 1263 3146 δεσμῶν

61 3172 230 3251 ἀνεθέντα
247 3177 502 3275 παλινδρομεῖν
522 3177 570 3257 είς
589 3168 715 3254 αὐτοὺς
736 3169 969 3271 ἀναγκάσας,
991 3171 1075 3249 ἀλλ’
1091 3171 1264 3275 ἔτραπεν

62 3297 226 3398 ἀφελῶν,
255 3300 314 3373 καὶ
344 3298 392 3378 ὡς
422 3296 534 3401 φίλον
561 3296 663 3392 ἐτίμα
696 3291 759 3373 τὸν
786 3298 963 3373 τεθνεῶτα
991 3293 1154 3396 Χριστὸς
1187 3297 1263 3374 δια-

10 3451 48 3511 ²5
63 3418 188 3504 νιστάς
219 3420 257 3498 έκ
291 3426 432 3523 νεκρῶν.
489 3425 619 3498 είκαῖον
648 3418 711 3497 οὖν
741 3417 811 3519 ἀρα
842 3424 915 3496 τῶν
948 3418 991 3496 δι’
1022 3418 1189 3498 ἐναντίων
1220 3418 1263 3498 τὸ

61 3541 272 3646 πρόβλημα·

120 3700 178 3767 κγ.
209 3696 310 3743 κακο.
339 3671 395 3762 Ei,
423 3663 582 3768 καθάπερ
613 3669 734 3746 ε’κεῖνοι
769 3663 959 3765 ληροῦντές
993 3671 1121 3770 φασιν,
1150 3668 1199 3749 ὡς
1226 3668 1295 3744 ε’νο

63 3787 162 3896 τάξει
180 3776 349 3894 τιμωρίας
368 3789 507 3868 δέδοται
529 3789 572 3868 τδ
599 3795 708 3890 σῶμα
732 3793 777 3894 τῇ
803 3794 917 3895 ψυχῇ,
937 3787 995 3867 διά
1012 3788 1264 3890 πρεσβυτέραν

64 3915 173 4011 αὐτῆς
205 3914 381 4016 ἁμαρτίαν
413 3911 605 4013 ἐπινοηθὲν,
639 3914 794 4015 ἁμαρτία
829 3910 895 4011 τὴν
927 3918 999 3991 τῶν
1031 3913 1265 4013 ἀνθρωπίνων

10 4077 52 4134 30
65 4033 247 4136 σωμάτων
273 4033 531 4140 παρεισήνεγκε
560 4034 687 4141 φύσιν·
732 4032 833 4114 ἀλλά
861 4037 919 4115 καὶ
947 4033 1059 4114 πάλιν
1082 4046 1104 4081 “
1117 4039 1265 4135 εἰσῆλθε

970 4185 1071 4237 γενέσεως

104 4256 126 4292 1.
145 4237 198 4310 τοι]
212 4259 240 4293 τε
253 4239 325 4294 Ι).Ε.
428 4256 452 4293 2.
471 4239 545 4294 ἔσται
558 4237 659 4325 om3B.
703 4311 715 4325 .
760 4232 1085 4360 ηὲγενέσεωςχουνέξιρς
1096 4235 1130 4291 Β.
1168 4234 1265 4290 Statim

64 4308 234 4380 ἀρχαιότερον
246 4310 279 4364 Ε.
423 4322 449 4377 5.
467 4308 624 4380 λόγονοὶαῃ
637 4310 755 4376 τὸσωμο
787 4324 819 4361 oc
832 4305 924 4361 ordme
961 4309 1010 4361 ,τὸ
1024 4328 1099 4376 σομο
1110 4308 1265 4377 ααῐελόγον

64 4389 99 4435 tr.
113 4378 165 4434 Ed.
241 4396 315 4463 ulo.
334 4383 438 4449 σώμασι
452 4379 485 4433 Β.
498 4381 601 4466 σώμοτη
612 4377 663 4433 Ed.
710 4379 752 4467 καὶ
764 4385 934 4447 assumptum
946 4395 980 4431 ex
992 4375 1025 4431 Β.
1076 4449 1087 4463 .
1134 4389 1175 4468 ιχ.
1194 4374 1263 4501 ruffi]

68 4449 324 4514 ι1-τωνΕᾶΛανιῑο
337 4450 370 4506 Β.
465 4466 508 4520 23.
525 4449 645 4504 ἀνεθεντα
659 4448 691 4503 Β.
704 4469 795 4503 ονεντα
809 4446 860 4503 Ed.
960 4461 1002 4519 25.
1021 4446 1128 4519 εἶκοιον]
1143 4469 1165 4501 ει
1177 4447 1219 4502 καὶ
1257 4484 1267 4504 .

66 4521 161 4575 Statim
175 4519 219 4575 οδν
231 4540 284 4577 om.
301 4520 332 4576 B.

1314 4111 1352 4148 12.

1312 4032 1384 4082 Rom.
1397 4048 1422 4082 v.

1478 715 1492 744 Ι
