3038 5018
116 305 214 374 v.47.
273 295 332 361 IN
362 296 396 360 S.
420 296 676 362 JOANNEM.
723 297 817 362 LIB.
842 296 1057 363 111.‘0AP.
1081 297 1148 363 111.
1252 299 1314 360 395

115 579 247 661 ἐκείνου
273 582 505 691 συγγραφὰς,
532 583 555 685 ἢ
586 587 624 665 ἐν
651 583 704 670 οἷς
735 584 780 664 ἂν
806 580 875 665 εἶεν
903 590 935 664 οἱ
961 586 1045 688 παρ’
1066 587 1175 665 αὑτοῦ
1202 583 1317 686 λόγοι,

117 701 249 784 δίδωσί
267 740 346 791 πως
371 708 513 788 ἐννοεῖν·
543 707 629 788 ἀλλ’
650 708 739 808 αύτῆ
763 716 828 789 τού
849 705 1062 810 πράγματος
1081 709 1102 807 ἡ
1122 708 1234 814 φύσις
1252 711 1317 806 τῆς

116 823 274 930 ἐσχάτης
305 831 462 930 εὐηθείας
494 831 685 913 ἀνάπλεων
715 831 781 932 τῆν
807 833 919 916 ούτως
950 832 1126 913 ἀπίθανον
1153 831 1347 938 ἐπιδείξειν

81 946 286 1032 ὅδιύνοιαν.
327 960 405 1038 πῶς
432 953 505 1058 γὰρ
531 952 577 1034 δν
605 963 721 1037 νοοῖτο
741 954 787 1036 τὰ
808 955 996 1040 Μωυσέως
1024 953 1219 1058 γράμματα
1245 961 1318 1035 τῶν

116 1081 183 1152 τοῦ
201 1077 367 1178 Σωτῆρος
392 1077 617 1180 διενεγκόντα
640 1076 819 1183 ῥημάτων,
838 1080 929 1159 ὅπου
946 1079 1051 1160 τύποι
1076 1079 1141 1175 μέν
1158 1076 1255 1178 ἦσαν
1274 1077 1319 1158 τδ

117 1196 161 1276 δι’
176 1197 307 1278 ἐκείνου
326 1202 385 1280 καῖ
403 1204 513 1298 σκιαὶ,
528 1200 677 1302 ἀλήθεια
695 1202 733 1282 δέ
751 1201 798 1282 τδι
815 1201 874 1282 διὰ
887 1208 1052 1306 Χριστοῦ
1065 1235 1075 1296 ;
1104 1205 1163 1282 καὶ
1180 1199 1319 1304 μακρὸν

116 1319 183 1418 μὲν
199 1317 244 1420 ἦν
262 1320 352 1408 ἴσως
370 1324 412 1404 ού
430 1325 592 1430 χαλεπὸν
610 1327 666 1406 ἐπὶ
690 1324 805 1434 τούτιρ
828 1329 1035 1425 δαπανῆσαι
1057 1325 1182 1426 λόγον·
1214 1323 1318 1404 τὰδὲ

118 1441 203 1522 λίαν
223 1444 356 1549 ἐναργῆ
383 1452 442 1528 καὶ
467 1449 510 1528 ού
535 1449 699 1551 θύραθεν,
720 1448 804 1528 ἀλλ’
823 1449 867 1555 ἐξ
889 1451 1023 1530 ἑαυτῶν
1040 1447 1122 1532 τούς
1147 1447 1319 1552 ἐλέγχους

65 1609 104 1650 ιο
119 1565 365 1668 λαμβάνοντα,
382 1569 549 1673 περιττὸν
566 1569 663 1672 οἶμαι
686 1572 816 1676 λέγειν,
832 1576 880 1657 ὡς
905 1575 969 1652 ούκ
992 1570 1037 1651 ἂν
1055 1572 1130 1677 έχοι
1154 1577 1269 1655 κακῶς
1295 1566 1318 1671 ῆ

119 1696 249 1774 καλῶς.
280 1693 319 1771 τί
333 1691 405 1796 γδρ
419 1695 465 1774 ἄν
476 1730 530 1779 τις
543 1702 616 1780 τοῖς
630 1694 800 1781 τοιούτοις
814 1697 1058 1802 ἐπιδιατρίψαι
1071 1699 1318 1792 λεπτομυθῶν,

119 1815 179 1892 καὶ
200 1812 247 1894 τὰ
268 1815 473 1916 μηδαμόθεν
491 1823 648 1924 δυσχερῆ
667 1821 973 1924 κατακερματίζων
991 1825 1039 1904 είς
1057 1821 1121 1899 ούκ
1139 1819 1350 1921 εύκαίρονςν
1370 1832 1488 1890 ἎΘΒΑ·

118 1938 368 2041 πολυλογίας;

169 2058 274 2167 Ἔχει
291 2065 410 2145 τοίνυν
427 2064 469 2146 τδ
495 2066 553 2146 διὰ
578 2075 642 2146 τοῦ
663 2071 829 2169 Σωτῆρος
848 2065 1043 2169 λεγόμενον
1061 2062 1222 2146 τοιοῦτόν
1241 2099 1320 2144 τινα

67 2218 104 2279 15
120 2193 215 2268 νοῦν.
244 2192 274 2266 εί
293 2186 412 2288 νόμον,
426 2192 531 2296 φησὶ,
545 2189 608 2270 τὸν
622 2189 680 2269 διὰ
701 2192 887 2274 Μωυσέως
905 2188 1045 2294 ἔχοντες
1064 2186 1320 2291 γεγραμμένον,

120 2309 195 2389 ἅνω
214 2345 253 2390 τε
271 2314 328 2391 καῖ
347 2311 444 2392 κάτω
462 2310 508 2393 τὰ
527 2313 645 2394 ἐκείνου
663 2319 882 2411 μελετῶντες
900 2312 1097 2419 γράμματα
1115 2312 1200 2411 παρ’
1221 2308 1322 2389 ούδέν

119 2441 280 2517 ποιεῖσθε
299 2433 365 2535 τὴν
378 2437 430 2516 ἐπ’
447 2438 566 2520 αὐτοῖς
583 2434 807 2539 παράβασιν,
821 2433 959 2544 ἐκτόπιρ
978 2433 1074 2541 λήθῃ
1091 2434 1323 2538 βαπτίζοντες

118 2556 162 2638 τὸ
179 2556 360 2643 πολλάκις
378 2558 661 2660 ἀνεγνωσμένον,
675 2566 753 2643 πῶς
772 2557 817 2638 ἂν
836 2560 1000 2662 γένοισθε
1017 2561 1098 2663 περὶ
1117 2558 1200 2642 τοὺς
1218 2555 1323 2656 ἐμούς

120 2682 443 2785 εὐγνωμονέστεροι
461 2680 606 2784 λόγους,
627 2680 649 2782 ῆ
668 2689 745 2766 πῶς
764 2680 809 2761 ἂν
828 2674 1045 2785 έτοῖμύτεροί
1066 2717 1105 2761 τε
1129 2683 1187 2761 καῖ
1210 2682 1322 2760 εύπει-

68 2852 107 2892 20
120 2807 283 2909 θέστεροι
308 2805 399 2909 πρὸς
426 2804 490 2890 τὰς
520 2804 606 2906 έμιῖς
638 2810 881 2911 ἀναφανεῖσθε
913 2804 1047 2911 φωνεῖς,
1073 2807 1115 2884 ού
1142 2801 1357 2887 πολλάκιςλ)

121 2929 200 3010 ούδὲ
230 2932 284 3009 οῖεὶ
310 2929 617 3034 προσεδρεύοντες,
648 2930 733 3008 ἀλλ’
764 2932 812 3013 ὡς
845 2932 884 3009 ἐκ
915 2932 1149 3032 παραδρομῆς
1180 2928 1318 3030 ἀκροώ-

121 3087 230 3151 μενοι,
258 3055 318 3132 καὶ
343 3050 455 3152 μόνον
483 3050 587 3159 ἅπαξ
612 3051 695 3133 ἐσθ’
716 3050 776 3131 ὅτε
808 3060 885 3134 ταῖς
913 3052 1174 3151 τοῦσώματος
1202 3054 1323 3134 ἀκοαῖς

121 3177 390 3280 εῖσοικίζοντεςς
421 3175 445 3277 ἢ
473 3175 546 3280 γδρ
573 3174 664 3256 κατὰ
695 3173 737 3254 τὸ
767 3179 895 3279 σχῆμα
921 3174 1002 3254 τόδε
1031 3181 1104 3258 τοῖς
1132 3173 1323 3277 εἰρημένοις

120 3306 354 3402 προσβαλεῖς,
373 3295 397 3397 ἢ
415 3298 540 3400 ἑτέρως
564 3296 788 3400 ἐπαθρῆσεις·
817 3296 1075 3402 χρηστυμαθῆς
1101 3296 1172 3400 γὰρ
1197 3296 1323 3396 λίανῆ

70 3426 159 3525 25e'v
176 3423 312 3506 τούτοις
338 3422 519 3525 περιεργία
547 3424 604 3501 καῖ
630 3419 786 3523 ζήτησις.
825 3423 953 3502 ούκοιῖν
976 3420 1022 3500 τδι
1048 3420 1113 3519 μὲν
1132 3417 1322 3504 Μωυσέως

121 3545 328 3651 γράμματα,
354 3543 603 3647 παιδαγωγίαν
635 3543 715 3624 τινὰ
747 3546 806 3624 καὶ
839 3542 903 3625 τὸν
934 3543 993 3624 διὰ
1023 3545 1137 3625 τύπου
1170 3576 1316 3647 σχημα-

121 3669 253 3769 τισμὸν
271 3674 344 3749 τῶν
362 3672 420 3750 ἐπὶ
437 3673 590 3775 Χριστῷ
608 3668 816 3771 μυστηρίων
830 3667 1001 3774 εἰσφέρει,
1015 3670 1073 3747 καὶ
1091 3669 1195 3746 οἱονεὶ
1214 3698 1317 3744 στοι-

121 3790 201 3898 χεῖύ
227 3827 307 3872 τινα
334 3795 397 3891 τῆς
424 3793 505 3893 περὶ
532 3792 641 3871 αὐτοῦ
669 3790 848 3893 γνώσεως,
866 3791 912 3870 τῖι
939 3793 978 3869 ἐν
996 3789 1113 3895 ἐκείνιρ
1140 3821 1351 3891 σκιαγρα·α

121 3914 296 4022 φούμενα,
325 3912 351 3993 ἃ
376 3917 435 3994 καὶ
462 3912 521 3993 διδ
547 3920 620 3993 τιῖιν
647 3914 715 4014 ἤδη
743 3909 1070 4022 προεξητασμένων
1095 3908 1322 4012 πλατύτερον

69 4038 358 4148 ὃοέπεδειξαμεν.
394 4035 500 4122 τέλος
525 4036 563 4116 δέ
587 4035 806 4122 παιδεύσεως
831 4040 975 4136 νομικῆς
1000 4033 1212 4137 ύΧριστδς,
1231 4029 1323 4112 κατὰ

162 4234 339 4319 ς..πιστεύετε
352 4238 394 4304 (ut
407 4236 498 4317 supra)
512 4235 545 4316 B..
557 4234 714 4290 πιστεύσετε
728 4232 778 4288 Ed.
888 4249 913 4302 9.
932 4228 1041 4313 ἐαυτῷν]
1059 4236 1087 4294 4
1103 4229 1150 4283 οὐκ
1162 4228 1260 4310 ἔξωθεν
1270 4226 1321 4281 Ed.

124 4326 201 4380 quam
212 4308 241 4361 'm
253 4306 363 4376 θύραθεν
374 4307 472 4376 glossa,
486 4315 571 4360 1nv1t0
584 4305 616 4360 B.
717 4321 758 4359 10.
777 4305 860 4359 καλῶς
872 4314 899 4356 et
912 4308 992 4358 κακῶς
1004 4313 1072 4355 mter
1085 4318 1113 4354 se
1125 4309 1275 4368 transpomt
1289 4297 1321 4349 B.

127 4395 168 4448 19.
186 4400 213 4432 τε
227 4386 397 4458 assumptum
409 4395 441 4430 ex
456 4376 526 4430 B.D.
599 4391 641 4445 23.
660 4375 690 4428 τὸ
702 4376 792 4444 σχῆμα
803 4371 876 4444 τόδε]
890 4374 948 4427 τόδε
961 4375 991 4426 τὸ
1004 4377 1079 4441 σῶμα
1094 4370 1126 4424 Β.
1205 4385 1247 4434 24.
1267 4366 1322 4420 ἐτέ-

124 4471 179 4519 ροις
193 4448 225 4503 Β.
264 4446 527 4516 Βίαῑιωέποθρῆσεις
541 4445 572 4500 Β.
588 4443 745 4512 ἐπαθλῆσεις
758 4444 809 4498 Ed.
847 4444 928 4512 ῆοιυ.
944 4443 976 4496 Β.
1048 4458 1092 4512 30.
1112 4440 1276 4509 ἐπεδείξαμεν
1289 4435 1321 4491 Β.

125 4519 292 4588 ὑπεδείξαμεν
305 4518 355 4572 Ed.

684 4619 774 4686 μιν
