3038 5018
59 303 157 375 v.35.
237 289 295 355 IN
327 291 359 357 S.
383 292 638 358 JOANNEM.
684 292 780 359 LIB.
804 291 871 358 111.
917 292 1071 358 CARI.
1198 293 1264 358 367

60 453 231 554 ἀνοήτους
257 459 477 560 Φαρισαίους
506 464 611 539 καλεῖ
633 457 724 563 πρὸς
752 456 958 558 ὑπόμνησιν
985 462 1048 557 τῆς
1075 465 1140 539 τοῦ
1167 463 1296 538 θεοῦά

61 580 120 658 καὶ
148 577 295 683 Πατρός
322 585 456 687 Φωνῆς,
475 579 645 684 λέγοντός
672 615 743 662 που
770 583 851 683 περὶ
878 581 988 662 αὐτοῦ
1012 591 1034 629 “
1051 582 1263 681 Ἡτοίμασα
1307 598 1381 677 Ρη,

61 711 84 748 “
101 698 237 805 λύχνον
265 709 316 811 τῷ
343 709 497 811 Χριστῷ
524 706 630 804 μου.”
669 702 819 811 σφόδρα
848 702 886 785 δὲ
913 706 1102 810 χρησίμως
1135 738 1174 784 τε
1204 707 1262 784 καὶ
1306 675 1432 727 οωῌῖ

61 826 260 928 ἀναγκαίως
287 835 361 911 τοῖς
390 827 458 929 ἤδη
489 829 754 932 προειρημένοις
781 826 905 931 ἐπάγει
935 832 1011 909 νυνὶ
1040 827 1087 908 τά
1115 836 1262 908 τοιαῦτα
1286 907 1289 911 ⁴

27 952 235 1052 5Χριστός.
274 949 393 1051 ἐπειδὴ
412 949 484 1055 γάρ
499 959 625 1032 πᾶσαν
643 953 845 1032 ἀποκλείων
863 958 936 1038 τοῖς
953 952 1138 1036 Ἰουδαίοις
1163 953 1262 1031 ἀπει-

62 1075 158 1157 θείας
185 1073 366 1182 ἀφορμὴν,
386 1078 445 1155 καὶ
471 1075 698 1180 πανταχόθεν
727 1074 856 1160 αὐτοὺς
883 1074 1117 1156 συνελαύνων
1143 1081 1191 1160 εῖς
1219 1074 1261 1155 τὸ

60 1203 189 1304 χρῆναι
224 1198 405 1280 πιστεύειν
436 1201 542 1307 αὐτῷ,
579 1208 758 1281 συναινεῖν
795 1199 904 1308 ἔδοξέ
932 1235 1009 1286 πως
1047 1206 1095 1284 είς
1131 1198 1174 1280 τὸ
1211 1198 1262 1299 μὴ

60 1323 229 1429 δέχεσθαι
257 1322 324 1423 τὴν
350 1325 548 1428 μαρτυρίαν
574 1322 641 1424 τὴν
669 1325 754 1429 παρ’
774 1325 893 1423 αὐτοῦ,
918 1323 1027 1405 εῖπῶν
1051 1333 1074 1371 “
1094 1320 1194 1425 Ἐγὼ
1223 1322 1261 1404 δέ
1305 1328 1413 1458 {2334

59 1457 82 1495 “
100 1449 142 1528 οὐ
178 1447 278 1551 παρὰ
314 1448 505 1550 ἀνθρώπου
542 1445 608 1549 τὴν
643 1450 842 1553 μαρτυρίαν
873 1446 1084 1547 λαμβάνω·”
1116 1447 1174 1527 ἵνα
1209 1445 1261 1547 μὴ

10 1606 46 1650 ιο
60 1575 196 1653 δοκοῖεν
227 1571 340 1657 ὅντως
371 1607 409 1652 τε
442 1575 500 1652 καὶ
532 1575 678 1674 ἀληθῶς
714 1574 806 1654 οὕτω
844 1577 1043 1654 διακεῖσθαι
1079 1574 1161 1677 περὶ
1197 1578 1291 1651 τούο

58 1695 265 1801 προδρόμου
282 1694 346 1776 τὸν
366 1697 512 1801 Κύριον,
531 1695 655 1801 ὥσπερ
672 1697 736 1778 οὖν
754 1697 825 1803 ἔχει
844 1705 908 1778 τοῦ
928 1694 1103 1800 λόγουτὸ
1122 1698 1261 1800 σχῆμα,

57 1820 246 1926 χρησίμως
264 1825 313 1905 είς
334 1817 378 1900 τὸ
398 1817 527 1923 παρὸν,
548 1822 616 1926 οὐχ
643 1820 770 1904 ἑαυτόν
792 1856 827 1903 τι
850 1820 1006 1924 λέγοντα
1033 1823 1115 1925 περὶ
1139 1821 1259 1910 αὐτοῦ,

58 1943 118 2024 διά
141 1943 179 2026 δὲ
201 1948 266 2044 τῆς
288 1951 353 2024 τοῦ
373 1939 518 2046 Πατρός
538 1947 660 2050 φωνῆς
676 1945 834 2052 εἰσφέρει
854 1943 1052 2043 βούμενον·
1083 1940 1171 2051 ᾤετο
1189 1941 1261 2046 γὰρ

59 2071 132 2148 δεῖν
153 2070 250 2149 αίδοῖ
271 2066 437 2166 μάλιστα
464 2073 510 2173 τῇ
536 2065 626 2171 πρὸς
651 2067 747 2149 θεὸν
770 2071 829 2148 καὶ
850 2068 1006 2170 Πατέρα,
1025 2065 1089 2146 τόν
1107 2068 1256 2146 ἀντιτεί-

9 2216 44 2276 ¹5
59 2226 167 2273 νοντα
184 2193 374 2288 δυσωπεῖν,
394 2191 505 2294 ἤγουν
529 2191 597 2293 ἤδη
619 2189 838 2298 γυμνότερον
856 2197 1102 2296 θεομαχοῦντα
1126 2187 1260 2270 δεικνύ-

57 2350 120 2414 ειν,
139 2321 187 2400 ὡς
216 2318 274 2396 καὶ
301 2317 420 2398 αὐτοῖς
447 2323 520 2400 τοῖς
548 2324 612 2397 τοῦ
631 2322 727 2397 Θεοῦ
753 2319 810 2396 καὶ
832 2313 979 2418 Πατρός
997 2314 1125 2415 ἀνέδην
1142 2317 1255 2394 ὑπαν-

57 2440 220 2544 τιάᾄιντα
239 2438 374 2541 λόγοις.

107 2565 172 2646 Ἦν
190 2566 253 2645 οὐν
271 2570 388 2669 φησιν
407 2568 523 2649 ἐκεῖνος
552 2573 566 2645 ὁ
593 2562 726 2662 λύχνος,
745 2568 840 2669 ὑμεῖς
868 2557 903 2644 δὲ
926 2562 1109 2658 ἠθελήσατε
1131 2567 1289 2666 ιῖγοιλἐι
1309 2576 1375 2634 24⁰
1388 2577 1427 2632 A·

56 2687 209 2784 λιαθῆναι
228 2689 310 2797 πρὶς
330 2685 413 2794 ἀραν
430 2687 460 2768 ίν
478 2696 524 2796 τῷ
549 2696 636 2795 φωτί
661 2691 770 2769 αὐτιύ.
810 2686 879 2767 ἔδει
905 2688 977 2793 γὰρ
1002 2690 1044 2767 οὐ
1066 2686 1178 2788 μόνον
1196 2696 1260 2769 τοῦ

10 2846 44 2887 ιο
55 2813 254 2915 πρέποντος
281 2816 555 2921 ἀποφοιτῶντας
582 2812 749 2910 εὐκόλως,
768 2814 826 2892 καὶ
855 2812 914 2892 διά
941 2811 1087 2912 πολλὴν
1110 2812 1257 2892 ἀνοσιό-

55 2970 147 3036 τητα
166 2937 310 3038 τρόπων
327 2936 370 3017 τὸ
394 2938 565 3035 ἐθελῆσαι
589 2937 772 3017 πιστεύειν
791 2935 1064 3043 ἐξωθουμεῖιους,
1089 2937 1260 3043 ἐπιδεῖξαι

55 3058 139 3144 τούς
166 3062 401 3162 Φαρισαίους,
422 3058 522 3140 ἀλλὰ
550 3062 608 3139 καὶ
638 3058 836 3166 ἀψικόρους
865 3058 971 3144 ὄντας
1000 3061 1172 3164 ἐλέγχειν,
1200 3063 1259 3139 καὶ

55 3183 307 3288 προσεδρεύειν
327 3183 393 3282 μὲν
418 3189 463 3289 τῇ
492 3183 615 3290 ἐφέσει
642 3189 715 3263 τῶν
739 3185 888 3286 ἀγαθῶν
912 3181 1110 3282 οὐδαμόθεν
1137 3216 1256 3263 κατει-

56 3307 258 3407 θισμένους,
290 3308 570 3411 ἀπογευομένους
605 3306 642 3387 δὲ
674 3304 793 3407 μόλις,
826 3310 883 3386 καὶ
912 3306 1004 3387 ὅσον
1033 3311 1071 3386 ἐν
1099 3305 1259 3414 ῥήμασιν

10 3458 43 3517 25
56 3431 313 3515 ἐπαινέσαντος
349 3432 460 3532 μόνον
492 3429 574 3514 τούς
608 3431 710 3535 οίπερ
746 3430 790 3510 ἀν
822 3430 964 3539 δόξειαν
995 3429 1082 3512 εἶναι
1117 3432 1258 3530 σεπτοὶ,

56 3554 148 3661 ταχύ
169 3554 260 3659 πρὸς
281 3554 347 3655 τὴν
364 3558 527 3637 ε’ναντίαν
545 3555 621 3663 ἕξιν
638 3562 858 3661 μεταχωρεῖν
876 3559 940 3637 οὐκ
962 3556 1293 3663 αῖσχυνομένους·1)

55 3686 162 3760 τοῦτο
191 3677 262 3783 γὰρ
288 3675 386 3779 οἶμαι
414 3679 601 3781 σημαίνειν
619 3677 662 3760 τὸ
679 3677 832 3774 ἐθελῖισαι
859 3680 941 3788 πρὶς
967 3679 1051 3786 ν’ίριιν
1071 3687 1258 3783 ἀγαλλια-

56 3801 144 3897 θῆναι
171 3805 201 3885 ἀν
219 3813 265 3913 τῷ
286 3811 374 3913 φωτὶ
401 3809 512 3884 αὐτοῖν.
552 3802 802 3907 ἀπεθαύμαῷν
820 3802 885 3904 μὲν
904 3801 975 3907 γάρ
991 3806 1031 3883 ε’ν
1049 3806 1175 3908 ἀρχαῖς
1193 3800 1258 3882 τὸν

56 3926 160 4028 ἅγιον
186 3926 404 4026 βαπτιστήν,
429 3929 478 4009 ὡς
503 3925 677 4028 ἀσκητὴν,
705 3930 754 4012 ὡς
782 3926 965 4035 φιλόθεον,
993 3928 1042 4011 ὡς
1069 3927 1258 4022 εὐλαβείας

10 4083 44 4139 30
57 4051 203 4152 ἁπάσης
231 4047 483 4154 ὑπογραμμὸν,
507 4050 591 4129 ἀλλ’
618 4054 651 4131 οὶ
679 4057 847 4151 τιμῶντες
875 4057 927 4158 τῷ
954 4048 1119 4149 θαύματι,
1144 4046 1258 4130 πάλιν
1364 4122 1368 4129 .

93 4255 119 4305 4.
137 4239 182 4292 νῦν
196 4236 227 4291 Β.
265 4237 360 4292 Statim
373 4238 405 4291 τὰ
417 4254 471 4291 om.
487 4236 518 4291 B.
735 4250 761 4306 5.
780 4237 908 4293 ἀπειθείας
920 4236 1043 4307 ἀφορμὴν
1054 4235 1105 4290 hoc
1117 4233 1210 4290 ordine
1224 4235 1256 4291 B.

57 4309 83 4364 8.
102 4308 148 4378 τὴν
159 4309 300 4378 μαρτυρίαν
311 4307 357 4375 την
368 4306 427 4378 παρ’
441 4309 519 4362 αὐτοῦ
533 4307 565 4362 Β.
577 4307 625 4376 τὴν
636 4307 695 4378 παρ’
709 4308 787 4362 αὐτοῦ
798 4308 940 4387 μαρτυρίαν
952 4306 1004 4361 Ed.
1114 4323 1154 4361 10.
1174 4304 1240 4360 οὗτοι

56 4378 190 4435 αὐτωςκαὶ
204 4378 235 4432 Β.
340 4379 381 4433 18.
400 4378 588 4449 ἀγαλλιαθῆναι
601 4378 635 4432 Β.
648 4378 855 4449 ἀγαλλιοσθῖγναι
868 4377 919 4434 Ed.
1023 4393 1066 4432 21.
1084 4305 1257 4445 ε’πιδεῖξαιΒῖ

55 4450 189 4575 &naggae
203 4449 253 4503 Ed.
377 4466 420 4504 22.
438 4449 598 4520 ἀψηκαίρους
612 4448 644 4504 Β.
727 4464 731 4472 ’
770 4465 812 4520 27.
831 4448 1017 4521 ἀγαλλιαθῆναι
1032 4448 1064 4503 Β.
1077 4447 1256 4520 ἀγαλλιοσθῆ·

56 4543 96 4574 ναι
154 4559 160 4572 .
