3038 5018
253 293 317 357 150
554 293 597 357 B.
616 291 828 358 CYRILLI
857 291 1148 358 ALEXANDR.
1300 287 1323 353 i.
1339 288 1388 366 16,
1406 300 1452 368 17.

221 453 382 559 ομέτρον
399 459 451 564 τῷ
470 460 612 560 Σωτῆρι
629 462 792 564 Χριστῷ,
811 454 904 538 κατά
919 491 961 559 γε
979 455 1044 537 τὸν
1061 460 1125 555 τῆς
1143 455 1303 538 εὐκλείας
1321 451 1450 553 λόγον,

254 576 294 664 ὃς
313 583 414 685 ε’ντῆ
436 584 509 659 τῶν
528 580 643 684 ε”ργων
661 587 841 684 θεωρεῖται
867 580 1117 683 λαμπρότητις
1148 577 1265 677 οἱμὲν
1282 577 1344 656 οὖν
1362 573 1454 656 κατὰ

253 699 336 786 τοὺς
362 707 436 802 τῆς
454 705 639 804 ἐπιδημίας
666 702 808 809 καιροὺς
839 701 1027 807 γεγονότες
1058 702 1164 805 ἅγιοι,
1193 700 1260 802 τὴν
1286 698 1455 780 Ἰωάννου

254 835 482 909 πλεονεκτεῖν
503 830 567 909 οὐκ
591 826 799 934 ἀνέχοντες
824 826 963 932 ἀρετὴν,
990 825 1070 908 οὐδὲ
1097 825 1139 907 τὸ
1168 826 1286 933 ε’κείντρ
1312 821 1456 927 προσὸν

255 951 506 1044 ἀναθαίυοντες
521 951 662 1056 μέτρον,
680 952 992 1057 παραχωρήσονσι
1010 949 1081 1032 σὺν
1099 953 1197 1059 αὐτῷ
1218 949 1260 1031 τὸ
1285 954 1386 1029 νικᾶν
1403 954 1455 1056 τῷ
1470 975 1488 1036 5

231 1076 420 1183 Χριστῷ,
448 1075 545 1180 εἴπερ
574 1075 667 1182 ἔχων
695 1079 733 1156 ε’ν
760 1079 908 1179 ἀγαθοῖς
936 1075 979 1156 τὸ
1007 1075 1205 1179 ἀκρότατον
1232 1075 1253 1153 ὃ
1284 1071 1457 1174 μακάριος

254 1197 469 1298 βαπτιστὴς,
489 1202 548 1281 καὶ
563 1200 700 1304 τρόπον
720 1202 923 1302 ὑπερβολῆς
941 1197 1213 1282 καταλελοιπὼς
1237 1196 1371 1294 οὐδένα,
1390 1193 1458 1295 τῆν

254 1322 310 1402 ἔπ’
329 1319 501 1402 ἐλάττοσι
518 1327 650 1431 ψῆφον
668 1325 710 1403 οὐ
729 1322 788 1403 διά
805 1328 869 1423 τῆς
887 1325 1007 1428 ἑτέρου
1026 1320 1205 1422 λαμβάνει
1223 1325 1355 1432 φωνῆς,
1369 1320 1455 1400 ἀλλ’

86 1472 146 1528 101
159 1470 199 1525 A
226 1443 361 1531 καύτὸς
393 1447 518 1526 ἑαυτοῦ
550 1445 822 1554 κατεσφράγισε
855 1445 897 1526 τὸ
927 1453 1090 1550 πρᾶγμα,
1118 1445 1246 1548 λέγων,
1274 1447 1323 1528 ὡς
1355 1443 1459 1545 ἀγιος

256 1572 411 1669 ἀληθῶς.
451 1568 569 1670 ε’πειδῆ
595 1568 633 1650 δὲ
659 1574 718 1651 καὶ
742 1577 814 1651 τῶν
835 1570 1074 1675 ἀρχαιοτέρων
1097 1571 1210 1672 ἁγίων
1234 1572 1342 1673 ἐχρῆν
1364 1572 1455 1647 ἀνα·
1474 1603 1514 1644 10

258 1693 452 1799 φαίνεσθαι
476 1692 659 1797 κρείττονά
683 1729 722 1774 τε
748 1697 807 1773 καὶ
831 1694 973 1798 μείζονα
995 1694 1060 1774 τὸν
1078 1691 1322 1792 Ἐμμανουῆλ,
1343 1695 1456 1794 ἀναγ-

257 1817 365 1901 καίως
395 1819 417 1898 ὃ
449 1816 621 1921 μακάριος
651 1815 927 1920 Εὖαγγελιστῆς
958 1820 1016 1898 ε’πὶ
1047 1824 1192 1922 πρῶτον
1223 1815 1362 1920 ἔρχεται
1395 1815 1459 1894 τὸν

87 1955 177 2072 ffi
258 1939 472 2048 ἱεροφάντην
491 1941 666 2038 Μωυσέα,
684 1940 775 2045 πρὸς
802 1939 844 2023 δν
869 1941 986 2045 εἴρητο
1010 1940 1111 2044 παρά
1138 1946 1234 2021 Θεοῦ
1257 1951 1277 1988 “
1293 1935 1388 2019 Οἶδά
1412 1972 1458 2018 σε

90 2099 129 2137 ¹2·
258 2075 280 2114 ‘⁴
297 2064 399 2167 παρά
415 2062 563 2164 πάντας,
583 2069 639 2146 καὶ
658 2063 765 2171 χάριν
783 2066 878 2168 εὗρες
901 2064 985 2170 παρ’
1006 2066 1115 2162 ε’μοί.”
1155 2063 1210 2144 ότι
1235 2063 1307 2167 γάρ
1330 2061 1453 2165 ε’γινῶ·

256 2224 366 2271 σκετο
395 2187 496 2293 παρά
521 2189 660 2273 πάντας
689 2195 741 2297 τῷ
769 2195 862 2295 Θεῷ,
892 2192 949 2269 καὶ
980 2187 1039 2268 διά
1067 2189 1193 2269 τούτου
1220 2185 1333 2268 πάλιν
1362 2188 1459 2287 ἡμεῖς
1476 2222 1515 2283 15

88 2309 334 2360 Numxii.’‘
429 2311 667 2359 ·“’*‘
881 2317 893 2345 x
1037 2312 1215 2340 ινι-
1350 2312 1440 2338 ις

87 2373 146 2427 6-8.
257 2319 428 2412 εισομεθα
517 2318 595 2392 Εαν
620 2346 775 2414 γενηται,
799 2318 904 2420 φησι,
922 2319 1112 2420 προφητης
1141 2346 1239 2409 υμωυ
1264 2317 1396 2418 Κυριερ,
1422 2345 1459 2389 εν

223 2448 281 2520 b“
300 2434 453 2539 ὁράματι
478 2437 575 2544 αι’πῷ
600 2436 865 2538 γνωσθῆσομαι
892 2440 950 2517 καὶ
977 2440 1014 2517 έν
1036 2439 1136 2545 ὕπνῳ
1161 2433 1320 2535 λαλήσω
1346 2437 1456 2540 αὐτῷ.

258 2574 280 2608 “
299 2563 366 2665 οὐχ
392 2563 504 2645 οὕτως
530 2563 577 2644 ὡς
604 2561 624 2638 ὁ
649 2558 816 2663 θεράπων
837 2597 907 2662 μου
935 2565 1113 2661 Μωυσῆς,
1134 2561 1172 2641 έν
1195 2559 1271 2667 ὅλῳ
1296 2563 1348 2666 τῷ
1374 2558 1461 2665 οἵκιρ

258 2695 280 2731 “
298 2719 367 2785 μου
392 2682 523 2768 πιστός
549 2687 640 2764 ἐστι·
684 2682 808 2784 στόμα
835 2683 928 2764 κατὰ
953 2683 1078 2784 στόμα
1104 2681 1262 2783 λαλήσω
1290 2684 1397 2788 αὐτῷ,
1421 2684 1461 2761 ἐν

259 2821 281 2857 “
299 2809 379 2888 ε’ίδει
397 2811 456 2888 καὶ
475 2809 517 2887 οὐ
536 2811 578 2887 δι’
599 2808 852 2911 αῖνιγμάτων.”
892 2808 1037 2913 ἔχοντος
1054 2809 1173 2888 τοίνυν
1191 2808 1251 2886 καὶ
1274 2813 1338 2885 τοῦ
1362 2840 1458 2886 παν·
1476 2844 1516 2884 ιο

259 2929 381 3040 σόφου
415 2932 603 3017 Μωυσέως
635 2931 727 3013 κατὰ
758 2937 831 3012 τῶν
863 2932 1104 3037 ἀρχαιοτέρων
1134 2932 1247 3033 ἁγίων
1273 2926 1340 3029 τῆν
1367 2931 1462 3010 οὕτω

258 3057 423 3159 μεγάλην
460 3055 649 3161 ὑπεροχὴν,
685 3055 871 3160 κρείττονά
906 3090 944 3136 τε
985 3059 1044 3136 καὶ
1081 3053 1334 3156 εὐκλεέστερον
1370 3052 1463 3133 κατὰ

89 3223 215 3275 cmm,
259 3181 379 3263 πάντα
405 3179 540 3283 τρόπον
563 3179 767 3261 ἐπιδεικνύει
795 3180 860 3259 τὸν
879 3183 1083 3283 Μονογενῆ,
1108 3179 1167 3259 ἵνα
1195 3179 1365 3284 φαίνηται
1390 3187 1411 3224 “
1424 3179 1464 3256 έν

261 3318 283 3352 “
301 3310 415 3385 πᾶσιν
434 3303 539 3388 αὐτὸς
558 3304 779 3407 πρωτεύων,”
793 3307 841 3389 ὡς
860 3305 880 3384 ὁ
899 3300 1050 3389 Παῦλός
1069 3309 1174 3411 φησι·
1202 3304 1260 3381 καὶ
1280 3297 1338 3381 διά
1356 3309 1464 3380 τοῖπο

261 3429 359 3527 λέγει
378 3437 446 3507 Καὶ
473 3424 571 3530 χάριν
589 3434 659 3508 ἀντὶ
687 3427 835 3534 χάριτος,
854 3426 902 3508 ’ότι
928 3437 943 3510 ὁ
970 3431 1066 3534 νόμος
1092 3421 1151 3506 δια
1169 3442 1339 3510 Μωυσιως
1364 3420 1462 3522 ἐδόθη,
1478 3460 1516 3522 25

230 3555 280 3646 οῆ
304 3550 406 3657 χάρις
433 3555 494 3630 καὶ
521 3556 539 3646 ῆ
562 3549 704 3646 ἀλήθεια
729 3547 787 3632 ἀιλ
805 3554 911 3646 Ἰησοῧ
934 3553 1073 3658 Χριστιῧ
1099 3547 1233 3652 ἐγένετο·
1270 3544 1367 3647 οἶμαι
1390 3546 1463 3651 γάρ

261 3673 374 3778 ἔγωγε
399 3673 560 3754 τοιοῦτόν
582 3708 616 3754 τι
641 3675 842 3770 βούλεσθαι
865 3677 1001 3776 δηλοῦν
1019 3671 1084 3755 τὸν
1101 3671 1277 3775 μακάριον
1294 3673 1461 3774 Εὐαγγε·

260 3799 406 3898 λιστῆν.
455 3801 586 3900 ἀληθῆ,
617 3804 723 3906 φησὶ,
752 3797 819 3897 τῆν
848 3799 1046 3901 ὁμολογίαν
1076 3797 1097 3875 ὃ
1125 3794 1238 3898 μέγας
1268 3794 1465 3895 ἐποιήσατο

259 3921 466 4023 βαπτιστὴς
502 3924 584 4024 περὶ
621 3929 686 4003 τοῦ
724 3927 955 4025 Μονογενοῖις
992 3918 1185 4026 διαῤῥῆδην
1217 3919 1465 4022 ἀπαγγέλλων

301 4204 324 4242 1.
342 4186 386 4259 γε]
400 4209 429 4242 τε
443 4185 511 4279 133ss.
546 4261 557 4274 .
601 4202 626 4278 θ’.
644 4186 708 4273 κατὰ
719 4186 765 4239 τὸν
776 4186 821 4253 τῆς
834 4183 968 4253 ἐπιδημίας
979 4146 1120 4275 καιροῦῗΒ.
1205 4202 1231 4273 4c
1249 4181 1281 4236 δν
1292 4186 1465 4320 mmm?

261 4255 573 4401 τλῆμεν]
587 4257 742 4399 κοιλ,
757 4257 791 4379 ς.
803 4250 1379 4408 ικ,,ξ·ι,,,;ἰ.ἳ;μλκεθγ;,
1393 4273 1467 4390 η,

261 4418 316 4456 om.
331 4401 363 4454 B.
544 4399 586 4454 τό.
603 4398 748 4487 προφήτης,
761 4397 847 4483 φησὶν
858 4414 963 4451 ιαςοςοο
975 4393 1069 4451 ordme
1083 4394 1117 4451 Β.
1164 4395 1230 4484 Κυρί
1262 4402 1373 4482 αοοροιιῑ
1384 4411 1418 4483 οξ
1432 4391 1467 4447 Β.

260 4471 487 4599 agmina&
500 4473 586 4541 στόμα
598 4473 707 4539 λσλησιο
719 4469 788 4542 αὕτη)
802 4484 855 4521 om.
873 4468 904 4523 B.
1128 4481 1172 4537 23.
1190 4485 1224 4520 επ
1263 4485 1341 4527 ικνυει
1354 4463 1387 4519 Β.
1399 4482 1467 4519 οπο·
