3038 5018
664 1047 906 1123 ΚΕΦΑΛΗ
952 1050 999 1124 Δ.

227 1329 301 1396 Ὀτι
323 1331 415 1399 τιίπος
437 1330 474 1410 ἣν
499 1335 552 1394 τοῦ
577 1335 710 1413 Χριστοῦ
736 1330 944 1414 προηγουμένη
966 1334 1019 1394 τοῦ
1044 1332 1122 1394 λσοῦ
1149 1329 1223 1392 κατὰ
1246 1325 1305 1406 τὴν
1328 1324 1447 1406 ἔρημον

203 1474 221 1517 ο
319 1453 338 1532 ἡ
360 1454 432 1533 ἁγία
454 1451 559 1532 σκηνή,
578 1452 625 1516 καὶ
647 1452 665 1532 ή
688 1452 816 1532 κιβωτὸς
838 1455 870 1516 δὲ
891 1451 910 1532 ἡ
933 1454 966 1516 ἐν
988 1450 1061 1536 αὐτῇ
1083 1449 1130 1514 καὶ
1151 1449 1171 1529 ή
1192 1447 1309 1530 λυχνία
1331 1446 1384 1508 καὶ
1406 1447 1446 1507 τδ

320 1569 517 1653 θυσιαστήρια
541 1572 585 1650 δὲ,
609 1573 643 1634 τό
669 1597 702 1636 τε
725 1577 778 1634 τοῦ
803 1570 984 1652 θυμιάματος
1006 1569 1110 1635 καὶτὸ
1135 1574 1193 1634 τιῦν
1219 1564 1445 1649 καρπωμάτων,

319 1690 408 1755 αὐτὸν
429 1688 572 1773 ἐσήμαινε
594 1690 647 1759 τόν
669 1693 812 1773 Χριστόν.
1458 1691 1476 1750 5

181 1901 406 1997 68Ἀπεκρίθιι
435 1908 525 1994 αὐτῷ
548 1908 660 1987 Σίμων
681 1910 805 1998 Πέτροα
831 1909 936 1999 Κύριε,
957 1911 1040 2000 πρὸς
1067 1908 1137 1976 τίνα
1162 1906 1423 1982 ἀπελευσόμεθα
1435 1934 1444 1985 ;

571 2052 700 2141 ῥήματα
728 2056 812 2144 <offic
840 2050 974 2119 αἰωνίου
999 2054 1095 2141 ἔχεις.

288 2248 357 2329 Δί’
377 2246 455 2334 ἑνός
482 2255 515 2329 οί
542 2249 672 2334 πάντες
697 2259 859 2330 λαλοῦσι
882 2260 946 2331 τοῦ
968 2252 1199 2355 προῦχοντος,
1224 2243 1293 2345 τὴν
1321 2245 1445 2349 ἁγίοις

233 2373 345 2458 ὅντως
363 2373 670 2476 πρεπωδεστάτην
688 2375 935 2478 ἀποσώζοντες
953 2372 1164 2472 ἐπιστήμην,
1182 2371 1240 2450 ἵνα
1260 2366 1305 2468 δὴ
1324 2369 1444 2452 τάπος

200 2503 307 2580 ότοῖς
330 2497 405 2595 μετ’
425 2495 553 2582 αὐτοὺς
578 2499 644 2576 κάν
663 2498 778 2605 τούτῳ
802 2496 916 2579 πάλιν
934 2498 1154 2601 εὑρίσκοιντο
1178 2492 1379 2599 σώφρονός
1404 2525 1444 2571 τε
1461 2530 1496 2569 ιο

234 2620 293 2698 καὶ
311 2618 537 2726 ἀξιαγάστον
556 2629 753 2722 λογισμοῦ·
784 2626 877 2726 χρῆν
895 2620 968 2724 γάρ
992 2626 1040 2704 εἶς
1066 2616 1288 2699 διδασκάλου
1306 2622 1443 2695 λαλεῖν

233 2740 353 2840 ἀκοάς,
386 2744 466 2847 οὐχί
497 2741 635 2828 πάντας
667 2747 877 2846 ἀδιακρίτως
908 2748 1168 2848 προπηδῶντας
1199 2746 1273 2822 τῶν
1305 2739 1444 2819 ἀλλων

233 2865 513 2969 προαλείντερον,
533 2870 591 2948 καὶ
610 2867 652 2948 τό
672 2868 853 2969 ἀγορεύειν
873 2870 936 2948 οὐκ
955 2869 1073 2951 αὐτοῖς
1090 2861 1299 2971 πρεπόντως
1317 2861 1444 2965 ἀρπά-

234 2986 367 3090 φνντας,
384 2996 612 3095 παραχωρεῖν
632 2989 669 3069 δέ
686 2997 833 3090 μᾶλλον
850 2992 1056 3093 ἐπείγεσθαι
1080 2994 1208 3093 σοφῶς
1233 2991 1307 3069 τοῖς
1334 2987 1444 3088 οἵπερ

234 3110 279 3191 ἀν
298 3109 366 3192 εἶεν
385 3118 442 3192 καὶ
461 3121 581 3218 βουλῇ
599 3116 657 3193 καὶ
675 3113 775 3221 τάξει
793 3114 1082 3217 προτεταγμένοι.
1120 3110 1178 3192 διά
1200 3118 1306 3190 τοῦτο
1333 3112 1396 3189 καὶ
1421 3110 1443 3188 ὃ
1462 3142 1498 3203 ¹5

67 3229 171 3358 {Q
236 3241 386 3319 Παῦλος
405 3248 427 3284 “
443 3241 649 3342 Προφήται,
670 3240 774 3342 φησί,
794 3237 857 3317 δύο
875 3235 898 3338 ἢ
915 3245 1008 3340 τρεῖς
1025 3237 1265 3331 λαλείτωσαν,
1284 3233 1346 3311 καὶ
1369 3232 1444 3312 ἀνά

70 3372 108 3423 ²⁷·
236 3368 257 3406 “
275 3358 413 3461 μέρος.”
438 3361 480 3438 οῦ
507 3361 578 3463 γάρ
606 3359 794 3464 ἐπειδήπερ
821 3367 867 3466 τῇ
894 3365 958 3461 τῆς
984 3360 1203 3464 προφητείας
1230 3355 1445 3454 τετίμηνται

206 3513 223 3556 e
235 3481 364 3587 χάριτι,
384 3481 442 3562 διά
467 3492 572 3563 τοῦτο
594 3488 722 3588 χρῆναι
748 3482 875 3569 αὐτοῦς
900 3488 957 3564 καὶ
983 3481 1142 3567 ἀτάκτως
1167 3486 1349 3562 ποιεῖσθαι
1374 3478 1446 3561 τὸν

236 3605 350 3709 λόγον
368 3605 622 3714 ἐπεψηφίζετο·
653 3609 738 3685 ἀλλ’
758 3610 900 3711 ἐπείπερ
927 3606 1024 3708 ἦσαν
1051 3606 1156 3708 ἀγιοι,
1175 3603 1234 3685 διά
1258 3611 1368 3682 τοῦτο
1393 3602 1444 3702 δή

234 3738 381 3831 μᾶλλον
412 3729 660 3829 ἐπιστημόνως
692 3738 766 3816 τοῖς
797 3731 1033 3834 ἀκροωμένοις
1064 3734 1292 3833 προσλαλεῖν
1324 3731 1443 3807 διεκε-
1461 3765 1499 3804 20

235 3857 371 3939 λεάετο.
420 3860 546 3939 οὐκοῦν
574 3855 774 3956 ἐπιστήμης
801 3856 846 3957 ἦν
874 3857 979 3960 ἐργον
1007 3858 1245 3960 ἀγιοπρεποῦς
1274 3851 1317 3932 τό
1350 3853 1445 3956 ὑπὲρ

234 3980 381 4061 πάντων
400 3984 663 4082 ἀπολογεῖσθαι
682 3978 793 4079 μόνον
809 3983 870 4060 ε’ῖιν
887 3982 950 4060 τὸν
969 3978 1066 4089 ᾧπερ
1089 3982 1225 4083 ὑπῆρχε
1249 3976 1291 4057 τό
1319 3977 1446 4080 μεῖζον

272 4205 297 4244 2.
315 4193 361 4245 τοῦ
379 4194 444 4245 λαοῦ
463 4201 524 4261 poet
542 4192 637 4260 ἔρημον
655 4191 805 4262 transponit
824 4191 857 4246 B.
872 4191 916 4260 (ut
934 4209 1016 4262 supra
1051 4209 1085 4261 ορ
1098 4194 1134 4260 c.)
1189 4190 1285 4245 Statim
1301 4189 1317 4258 ἦ
1336 4208 1392 4246 om.
1409 4191 1445 4245 B.

243 4278 250 4288 ¹
283 4260 311 4296 ⁵¹⁸
323 4270 493 4332 assumptum
505 4280 536 4315 ex
550 4261 583 4317 B.
638 4284 666 4316 τε
678 4278 733 4316 om.
750 4261 782 4316 Β.
880 4263 906 4317 8.
926 4262 1009 4333 ἁγίοις
1024 4209 1055 4317 l?
1068 4262 1144 4334 ἁγίαν
1157 4260 1209 4316 Ed.
1309 4278 1353 4316 11.
1374 4265 1446 4332 χρῆν

359 4331 399 4387 'd.
546 4348 586 4386 12.
604 4333 810 4399 προσπηδῶντας
824 4333 856 4388 Β.
1008 4351 1048 4398 14.
1067 4330 1183 4404 μᾶλλον]
1196 4333 1276 4387 πόλιν
1287 4333 1395 4399 μᾶλλον
1409 4332 1446 4388 Β.

391 4401 594 4470 ίτοῦτο-ἅγιοι
607 4413 745 4471 assumpta
757 4421 789 4456 ex
804 4404 836 4457 B.
930 4421 970 4474 19.
990 4403 1018 4458 δέ
1032 4421 1080 4475 pro
1093 4405 1124 4473 δή
1138 4404 1171 4458 Β.
1265 4419 1309 4458 20.
1330 4403 1446 4473 ἐπιστη-

401 4472 433 4529 B·
542 4491 583 4526 22.
604 4471 660 4542 ἐᾶν]
675 4471 717 4524 ἐντι
734 4473 764 4525 Β.
