3038 5018
72 303 114 369 vi.
127 319 180 390 57.
239 305 296 371 IN
326 305 359 370 S.
384 305 640 373 JOANNRM.
684 305 781 373 LIB.
804 305 865 371 IV.
910 304 1011 371 CAP.
1035 303 1103 371 ΠΙ.
1203 305 1265 367 541

72 465 249 570 δεόμενος,
264 476 324 553 καὶ
342 474 421 580 οὐχὶ
437 481 585 575 μᾶλλον
603 472 775 579 ὑπάρχων
793 470 899 557 αύτδς
916 470 1008 551 κατὰ
1031 468 1146 578 φύσιν
1164 466 1234 572 ζωή
1252 500 1262 564 ;

71 590 95 695 ἢ
113 601 191 680 πῶς
210 593 255 677 ἂν
273 597 417 700 λε’γοιτο
435 598 525 709 ζωῆς
543 597 594 678 ἔτι
611 597 723 701 πηγῆ,
741 603 818 682 ταῖς
836 595 920 702 παρ’
938 595 1060 700 ἑτερου
1081 593 1297 700 χορηγίαιςθ

71 722 121 802 εῖς
136 715 180 799 τό
198 720 376 802 δύνασθαι
394 720 462 825 ζῆν
478 721 744 824 βοῆθούριενος3
923 731 924 734 '

127 842 252 923 Ἀλλά
279 848 347 944 ναὶ,
370 850 487 952 φησὶν
512 847 532 927 ό
557 845 601 926 δι’
620 844 791 944 ἐναντίος,
811 841 903 925 κατὰ
929 849 1036 924 τοῦτο
1062 840 1155 947 ζωὴν
1180 837 1268 921 εἶναι

40 966 238 1067 ὅδεόσομεν
263 966 329 1050 τόν
353 970 454 1070 Υῖδν,
481 968 572 1052 καθὸ
599 974 659 1052 καὶ
686 971 794 1055 αὐτὸς
820 969 967 1051 δύναται
998 968 1189 1073 ζωοποιεῖν,
1218 969 1268 1049 ὡς

72 1090 164 1197 ἔχων
181 1094 220 1172 ἐν
237 1093 351 1200 ἑαυτῷ
369 1091 432 1174 τδν
449 1094 564 1199 ζῶντα
581 1094 741 1200 Πατέρα.

127 1216 236 1296 Ἀλλ’
256 1217 320 1298 ούκ
347 1217 490 1321 ἀρκέσει
516 1226 631 1300 ταῦτα
658 1216 750 1323 πρὸς
776 1216 980 1320 ἀπολογίαν
1005 1211 1145 1316 ύμῖν,ὦ
1172 1213 1264 1310 βίλ-

72 1372 202 1439 τιστοι,
220 1343 284 1441 τῆς
302 1340 395 1422 κατὰ
413 1351 477 1424 τοῦ
498 1348 729 1447 Μονογενοῦς
747 1341 968 1450 δυσφημίας·
999 1341 1211 1422 ἀπαίδευτος
1228 1336 1267 1417 δὲ

73 1466 132 1542 καὶ
149 1469 316 1570 πανταχῆ
335 1467 535 1548 διαπίπτων
553 1468 575 1548 ό
593 1465 705 1570 λόγος
723 1468 806 1567 ύμῖν
823 1469 890 1546 κάν
906 1464 1022 1573 τούτῳ
1038 1460 1152 1544 πόλιν
1169 1462 1268 1540 ἁλώ-

21 1622 61 1666 ιο
72 1620 188 1671 σεται.
225 1587 268 1669 τό
292 1588 364 1694 γὰρ
389 1594 519 1696 χρῆναι
544 1591 663 1693 λέγειν
680 1588 773 1696 ζωὴν
791 1593 1056 1672 ἀποκαλεῖσθαι
1078 1584 1142 1667 τόν
1160 1585 1264 1683 Υῖὸν,

73 1712 214 1815 ε’πείπερ
244 1710 316 1794 οἶδε
350 1712 536 1817 ζωογονεῖν
563 1712 610 1797 τδι
642 1713 732 1818 ζωῆς
763 1711 916 1812 δεκτικὰ,
944 1711 1003 1794 διὰ
1034 1712 1077 1792 τὸ
1109 1710 1202 1817 ἔχειν
1230 1711 1299 1788 ε’νι
1316 1728 1434 1784 36η

74 1837 188 1943 ἑαυτῷ
219 1834 283 1916 τὸν
314 1840 471 1941 Πατέρα,
503 1845 581 1924 πῶς
615 1841 680 1920 ούκ
716 1836 872 1942 όμετρόν
902 1871 984 1917 τινα
1013 1833 1080 1937 τῆν
1111 1834 1268 1933 ἀμαθίαν

74 1957 215 2056 ὠδίνει,
246 1961 288 2040 ού
315 1959 387 2063 γὰρ
414 1961 494 2042 ἰ’στε
521 1961 638 2064 δήπου
665 1961 756 2042 κατὰ
783 1959 826 2042 τὸ
853 1958 956 2058 εῖκός,
976 1959 1015 2040 τί
1035 1959 1102 2059 μέν
1122 1960 1201 2038 ἐστι
1224 1955 1268 2036 τδ

73 2079 166 2160 κατὰ
184 2083 309 2189 φύσιν,
326 2085 364 2163 τί
387 2083 425 2164 δὲ
449 2085 492 2166 τὸ
516 2089 557 2166 ἐκ
580 2093 645 2167 τοῦ
669 2083 762 2164 κατὰ
781 2083 906 2190 φύσιν,
924 2086 974 2167 ὡς
991 2080 1078 2163 αὐτὸ
1096 2080 1263 2161 συντιθέ-

20 2240 60 2301 15
72 2239 191 2305 μενον,
210 2204 297 2309 ὅπερ
321 2210 401 2288 ε’στὶ
426 2208 468 2289 τὸ
493 2207 586 2289 κατὰ
610 2209 724 2289 θέσιν.
765 2205 841 2288 οῖον
859 2206 991 2310 θερμὸν
1007 2203 1134 2312 μῖντῇ
1157 2205 1281 2310 φύσει

72 2330 115 2410 τό
140 2339 223 2432 πῦρ,
242 2331 357 2434 θερμὰ
382 2331 420 2413 δὲ
445 2336 504 2414 καὶ
528 2333 640 2437 ἕτερα,
663 2336 727 2433 τῆς
751 2332 926 2435 ἐνεργείας
949 2330 1181 2435 μετασχόντα
1204 2333 1269 2429 τῆς

72 2456 134 2534 ἀπ’
154 2455 274 2553 αὐτοῦ,
291 2457 439 2561 σίδηρος
462 2455 574 2563 τυχόν
597 2453 621 2559 ῆ
646 2456 772 2565 ξύλον·
803 2454 890 2535 ἀλλ’
909 2455 974 2535 ούκ
998 2455 1140 2558 ε’πείπερ
1164 2457 1264 2558 ἐθερ·

72 2575 203 2679 μαίνθῆ,
222 2577 281 2658 διὰ
304 2589 410 2661 τοῦτο
435 2581 588 2684 λέγοιντ’
607 2577 652 2661 ἂν
668 2577 756 2661 εἶναι
780 2583 839 2660 καὶ
862 2586 948 2683 πῦρ·
978 2581 1178 2682 ἀλλοτρίαν
1195 2578 1268 2683 γάρ

73 2704 132 2780 καὶ
160 2703 202 2781 ού
231 2702 389 2808 φυσικὴν
412 2706 450 2785 ἐν
473 2708 608 2788 ἑαυτοῖς
635 2702 701 2804 τῆν
723 2705 900 2809 ἐνέργειαν
922 2704 1004 2810 ἔχει.
1039 2704 1116 2811 ἥξει
1143 2703 1181 2784 δὲ
1208 2705 1267 2783 καὶ

20 2824 131 2932 πέρ’
150 2826 243 2925 ῆμᾶς
266 2825 393 2912 αύτούς
416 2832 489 2907 τῶν
513 2827 810 2931 παραδειγμάτων
831 2830 852 2907 ὁ
877 2825 1001 2930 λόγος·
1043 2828 1066 2926 ῆ
1092 2846 1301 2929 γραμμαί-1)

74 2948 154 3049 τικῆ
185 2949 296 3056 τυχόν
323 2949 401 3049 ἤτοι
432 2949 662 3056 γεωμετρικὴ,
690 2956 839 3055 λογικῆς
868 2950 934 3049 μὲν
962 2948 1163 3051 ἐπιστήμης
1191 2950 1267 3050 ε’ίδη

73 3074 290 3170 πιστεύεται,
320 3077 405 3154 ἀλλ’
434 3073 520 3156 όταν
546 3110 600 3161 τις
627 3075 716 3179 ’ίδρις
743 3076 886 3177 γένηται
913 3078 1162 3177 γραμματικῆς
1188 3074 1269 3173 ἤτοι

73 3202 137 3296 τῆς
165 3198 296 3301 ἑτέρας,
324 3198 389 3277 οὐκ
416 3199 503 3279 αὐτὸ
530 3199 758 3303 γραμματικὴ
791 3196 1004 3298 ναηθῆσεται
1034 3196 1159 3303 τυχὸν,
1189 3197 1267 3298 ἤτοι

74 3320 302 3424 γεωμετρικὴ,
329 3323 415 3403 ἀλλ’
444 3325 484 3403 ἐκ
510 3327 575 3423 τῆς
601 3326 640 3403 ἐν
667 3325 763 3431 αὐτῷ
791 3322 981 3424 γενομένης
1008 3326 1268 3424 γραμματικῆς,

21 3479 61 3542 ιι5
75 3446 321 3547 γραμματικὸς
343 3445 559 3549 ὀνομάζεται,
578 3449 636 3526 καὶ
659 3446 773 3527 πόλιν
790 3446 920 3543 ὁμοίως
943 3442 986 3525 τὸ
1011 3445 1143 3549 ἕτερον·
1174 3447 1268 3526 οὕτω

73 3573 131 3648 καὶ
157 3570 179 3668 ἡ
204 3569 294 3650 κατὰ
321 3569 436 3678 φύσιν
453 3568 535 3675 ζωῆ,
554 3568 673 3673 ἕτερόν
694 3604 730 3650 τι
752 3569 896 3655 πάντως
923 3570 1003 3650 ἐστὶ
1030 3568 1130 3673 παρὰ
1158 3568 1204 3649 τὰ
1229 3572 1268 3650 ἐν

74 3690 127 3776 οἷς
163 3696 309 3793 γίνεται,
345 3692 661 3799 μετασκευάζουσα
696 3691 788 3800 πρὸς
826 3692 955 3794 ἑαυτὴν
992 3691 1034 3774 τδ
1070 3694 1121 3792 μὴ
1158 3692 1269 3800 φύσει

74 3824 246 3898 τοιοῦτον.
300 3818 429 3898 οὐκοῦν
457 3817 543 3898 όταν
570 3821 608 3899 ἐν
632 3820 710 3927 Υῖῷ
737 3818 865 3921 λε’γητε
893 3816 957 3897 τὸν
981 3816 1127 3918 Πατέρα
1155 3815 1299 3918 ύπάρο

74 3973 161 4043 χειν,
175 3940 300 4044 ὥσπερ
319 3943 357 4021 ἐν
376 3945 448 4048 ὕλῃ
466 3942 587 4047 τυχὸν,
606 3944 674 4040 ἵνα,
689 3944 829 4044 ἐπείπερ
847 3943 926 4021 ἐστὶ
946 3938 1015 4041 ζωὴ
1033 3937 1124 4019 κατὰ
1143 3938 1269 4045 φύσιν,

114 4185 137 4222 ῐ.
157 4169 233 4226 αύτδς
243 4171 308 4224 κατδ
318 4168 402 4240 φύσιν
414 4168 477 4242 [κνῆ]
491 4171 559 4242 αὐτῷ
572 4170 622 4240 (τοι)
649 4169 863 4242 οωίαύτοζωὴ]
878 4165 1037 4239 κατὰφύσιν
1051 4167 1082 4223 Β.
1138 4181 1162 4239 7.
1174 4168 1267 4242 ταῦτα]

75 4243 152 4294 τοῦτο
166 4240 198 4295 Β.
292 4258 318 4311 9.
336 4241 406 4309 ὑμῶν
420 4240 452 4296 Β.
547 4259 587 4296 11.
606 4243 637 4295 τὰ
664 4243 704 4294 καί
717 4241 749 4295 τὰ
762 4240 795 4295 Β.
887 4255 928 4294 12.
947 4237 1072 4362 remrfiss]
1086 4240 1131 4310 τῆν
1143 4240 1221 4309 αύτὴν
1235 4240 1268 4296 Β.

79 4310 120 4364 16.
139 4311 304 4380 μετασχόντα
318 4310 350 4366 Β.
362 4311 421 4380 μετί
459 4333 520 4365 οντα
533 4311 641 4381 Ι).μετε
661 4333 722 4365 οντα
735 4309 786 4365 Ed.
872 4311 913 4364 18.
933 4308 1030 4380 λέγοιτ’
1072 4348 1078 4363 .
1162 4326 1205 4365 20.
1224 4310 1268 4382 ἐφ’

75 4379 146 4447 ἡμῶν
157 4381 240 4434 αὐτῶν
253 4379 286 4435 Β.
360 4397 402 4438 21.
420 4333 474 4451 ε’ίῆη
488 4381 615 4453 B.Dmg.
627 4336 725 4449 είδησις
737 4381 773 4435 D.
788 4379 839 4435 Ed.
912 4378 1269 4450 ν3.αύτδΒ.Β.αύτδςΕά.

77 4466 120 4592 ἔς.
138 4450 281 4593 γῐρχμέῑρὲι
294 4451 327 4507 Β.
451 4465 495 4520 25.
512 4452 672 4525 γραμματικὴ
686 4451 722 4508 D.
840 4464 891 4523 37.
909 4452 975 4522 πρός
987 4448 1092 4523 ἔαυτὴν]
1105 4450 1220 4521 &vlam-15
1234 4451 1268 4509 Β.
