3038 5018
86 285 194 370 ειη.
272 289 328 353 IN
361 290 673 371 S.J0ANNEM.
720 290 814 352 υιο.
840 289 886 351 11.
933 289 1092 353 σιντ.
1221 290 1284 352 τοι

85 449 150 530 τὸν
174 454 274 532 οὕτω
301 454 576 558 κατηχούμενον,
603 452 694 556 πρὸς
721 453 901 555 μεγάλους
929 457 966 533 ἐν
994 455 1107 560 ἡμέρᾳ
1134 455 1286 556 κρίσεως

85 575 416 680 εὐτρεπιζέσθωσαν
444 578 586 680 λόγους.
638 582 740 682 ἀρκεῖ
766 579 837 681 γάρ
864 613 926 675 μοι
953 586 1059 658 τοῦτο
1088 580 1146 656 καὶ
1174 577 1285 676 μόνον

85 702 204 778 εἰπεῖν.
1295 743 1314 783 ο
1337 727 1452 783 193Δ.

308 841 364 906 Καὶ
392 843 445 906 ἐπὶ
472 844 577 927 τούτῳ
604 838 705 907 ἦλθον
733 839 763 906 οἰ
790 842 931 918 μαθηταὶ
958 842 1064 907 αὐτοῦ.
1298 850 1334 912 ²7

51 1007 72 1066 5
142 992 260 1076 Τέλος
291 1003 363 1074 τῶν
392 997 483 1100 πρὸς
515 997 580 1096 τὴν
611 1005 761 1098 γυναῖκα
794 996 926 1099 λόγων,
956 998 978 1095 ἡ
1012 1003 1084 1076 τῶν
1113 1002 1284 1095 μαθητῶν

84 1119 280 1219 παρουσία.
326 1129 450 1226 σιωπᾷ
477 1119 559 1221 γὰρ,
589 1126 694 1225 φησὶ,
723 1120 852 1201 λοιπὸν
881 1122 901 1197 ὁ
931 1119 1104 1222 Χριστὸς,
1134 1123 1191 1198 καὶ
1220 1119 1284 1198 τὸν

85 1241 218 1344 θερμὸν
236 1247 299 1342 τῆς
323 1245 480 1328 πίστεως
502 1248 686 1341 σπινθῆρα
706 1245 943 1346 Σαμαρείταις
962 1247 1086 1341 ἐνθεὶς,
1107 1242 1283 1346 ἐπιτρέπει

85 1372 162 1448 ταῖς
181 1365 367 1447 ε’νδόσεσιν
383 1374 431 1452 εἷς
449 1367 613 1470 μεγάλην
627 1367 847 1474 ἐξάπτεσθαι
866 1368 1001 1474 φλόγα.
1031 1370 1124 1447 οὕτω
1142 1367 1283 1465 νοήσεις

85 1487 128 1569 τὸ
153 1493 236 1593 παρ’
257 1494 365 1572 αὐτοῦ
389 1489 585 1593 λεγόμενον
604 1502 626 1537 “
644 1497 725 1594 Πῦρ
750 1488 865 1590 ἦλθον
883 1499 1011 1585 βαλεῖν
1030 1494 1087 1570 ε’πὶ
1112 1490 1177 1590 τὴν
1194 1494 1279 1594 γῆν,
1327 1484 1424 1614 {1¹1⁴ss

34 1644 73 1684 10
85 1624 108 1660 “
126 1617 184 1694 καὶ
203 1616 242 1694 τί
255 1615 350 1695 θέλω
370 1622 398 1696 εῖ
416 1616 484 1715 ἤδη
504 1614 649 1720 ἀνήφθη
662 1614 697 1711 ;”

302 1832 358 1895 Καὶ
385 1832 563 1919 ἐθαύμαζον
590 1835 639 1898 ὅτι
666 1835 746 1907 μετὰ
775 1832 923 1907 τυνοικὸι
950 1833 1072 1897 ἐλάλει.
1294 1828 1315 1892 b

143 1985 469 2085 Καταπλήττονται
506 1986 618 2066 πάλιν
651 1992 683 2065 οὶ
720 1992 876 2086 μαθηταὶ
912 1996 976 2065 τοῦ
1014 1991 1181 2089 Σωτῆρος
1218 1984 1283 2084 τὴν

85 2110 295 2212 ἡμερότητα,
324 2113 381 2189 καῖ
408 2107 472 2189 τὸν
500 2110 687 2212 ὑφειμένον
715 2110 1009 2212 ἀποθαυμάζουσι
1042 2111 1187 2212 τρόπον.
1241 2112 1284 2188 οὐ

85 2232 157 2336 γὰρ
176 2232 221 2333 δὴ
240 2231 331 2313 κατά
349 2268 448 2317 τινας
465 2240 538 2311 τῶν
557 2235 610 2312 ε’π’
630 2232 797 2336 ἀκράτοις
815 2234 1016 2328 εὐλαβείαις
1040 2232 1280 2336 ἠγριωμένων,

35 2385 71 2443 15
85 2357 151 2457 τὴν
168 2355 258 2461 πρὸς
277 2365 426 2458 γυναῖκα
444 2355 604 2464 διάλεξιν
623 2359 855 2463 άποφρίττειν
874 2358 977 2464 ἀξιοῖ,
996 2359 1153 2464 ε’ξαπλοῖ
1175 2356 1212 2436 δὲ
1234 2363 1284 2442 εῖς

85 2479 246 2566 ἅπαντας
282 2479 348 2581 τὴν
385 2481 675 2586 φιλανθρωπίαν,
716 2484 774 2560 καὶ
812 2483 854 2560 δι’
892 2483 1001 2561 αὐτοῦ
1039 2479 1182 2560 δεικνύει
1219 2489 1283 2560 τοῦ

85 2604 307 2707 πράγματος,
340 2605 395 2686 ὅτι
430 2604 474 2701 δὴ
507 2603 650 2687 πάντως
682 2603 730 2687 εἷς
769 2603 941 2708 ὑπάρχων
970 2602 1208 2707 Δημιουργδς,
1241 2606 1283 2684 οὐ

86 2728 207 2827 μόνοις
235 2727 388 2833 ἀνδράσι
415 2728 481 2825 τὴν
504 2726 563 2806 διά
590 2729 748 2811 πίστεως
775 2731 942 2827 ἀπονέμει
970 2727 1071 2830 ζωὴν,
1097 2727 1198 2807 ἀλλὰ
1225 2730 1283 2807 καὶ

85 2851 129 2932 τὸ
147 2856 241 2951 θῆλυ
258 2851 348 2956 πρὸς
371 2851 481 2950 αὐτὴν
500 2850 686 2951 σαγηνεόει
706 2853 819 2952 γε’νος.
1294 2886 1312 2926 c

32 3013 72 3052 ιο
144 2975 365 3077 Κερδαινέτω
392 2975 505 3055 πάλιν
530 2976 588 3052 καὶ
616 2983 721 3053 τοῦτο
748 2975 838 3076 πρὸς
867 2973 1105 3077 ὑπογραμμὸν
1132 2976 1152 3052 ὁ
1180 2972 1279 3052 διδά-

86 3133 187 3178 σκων
210 3104 247 3178 ἐν
269 3100 485 3199 ἐκκλησίαις,
504 3101 561 3177 καὶ
583 3096 633 3197 μὴ
657 3097 900 3200 ποραιτείσθω
925 3104 1093 3199 γυναῖκας
1117 3101 1281 3201 ὠφελεῖν.

85 3221 217 3324 οὐγὰρ
236 3221 417 3321 θελήμασι
436 3228 510 3304 τοῖς
529 3223 638 3318 ἰδίοις,
657 3218 756 3301 ἀλλὰ
778 3226 824 3326 τῇ
849 3228 913 3300 τοῦ
937 3221 1163 3323 κηρύγματος
1182 3220 1282 3326 χρείᾳ

86 3352 142 3426 δεῖ
155 3346 297 3428 πάντως
315 3349 537 3424 ἀκολουθεῖν.

147 3562 263 3628 Οὐδεὶς
291 3564 401 3637 μέντοι
428 3555 499 3626 εἶπε
526 3560 565 3624 Τί
593 3557 724 3642 λαλεῖς,
763 3561 782 3626 εἳ
810 3561 849 3625 Τί
876 3558 977 3650 <uteie
1005 3563 1069 3638 μετ’
1101 3563 1220 3644 αὐτῆς,

32 3738 71 3796 ²5
145 3724 329 3817 Μαθητῶν
350 3714 395 3815 ἧν
418 3717 522 3818 ἔργον
544 3717 802 3815 ἐπιστημόνων,
828 3722 886 3797 καὶ
913 3715 978 3816 τὴν
1000 3717 1210 3818 πρέπουσαν
1232 3720 1283 3819 τῷ

86 3841 296 3949 διδασκάλῳ
321 3839 427 3939 τιμὴν
448 3839 655 3942 περισώζειν
679 3840 833 3937 εἰδότων,
851 3839 901 3939 μὴ
926 3840 1120 3944 περιέργοις
1145 3837 1315 3941 ε’ρωτή·ι1

85 4003 193 4047 σεσιν
213 3973 260 4048 εἰς
285 3965 454 4046 ἐκτόπους
479 3964 777 4046 δοκεῖνὺπονοιάς
802 3967 1007 4064 ἀποδημεῖν,
1026 3963 1080 4043 ότι
1104 3961 1194 4062 μετὰ
1218 3996 1282 4062 γυ-

86 4091 204 4174 ναικὸς
231 4089 363 4186 ἐλάλει,
383 4092 478 4166 αῖδοῖ
501 4087 538 4166 δὲ
562 4093 708 4184 μᾶλλον
727 4091 785 4164 καὶ
811 4089 918 4193 φόβῳ
942 4085 1008 4185 τὴν
1026 4084 1091 4183 μὲν
1111 4091 1283 4187 γλῶτταν

84 4216 212 4317 εἴργειν
239 4211 394 4292 ὀδόντων
419 4209 527 4307 ε’ντδς,
551 4209 748 4312 περιμένειν
776 4208 813 4288 δὲ
840 4217 985 4304 μᾶλλον
1013 4210 1282 4306 αὐτομολοῦντα

121 4451 147 4504 6.
167 4453 236 4520 φησι
249 4458 417 4573 οςευιοΒῑυια
429 4466 460 4502 ex
477 4448 508 4502 B.
681 4455 684 4463 '
724 4463 767 4511 24.
784 4444 811 4498 τί
821 4393 912 4500 λζοηλῖῖς
923 4442 937 4512 ἢ
950 4445 976 4498 τί
986 4446 1076 4498 λαλεῖς
1087 4441 1142 4512 μετ’
1154 4442 1232 4513 αὐτῆς
1246 4442 1281 4498 D.

86 4538 129 4592 25.
149 4522 328 4588 ἐπιστημόνων
367 4518 413 4572 .D.
426 4518 529 4587 Migne.
543 4516 717 4588 ἐπιστημόνων
730 4514 802 4570 Aub.
908 4529 952 4584 27.
971 4513 1082 4568 ε’πινοίος
1096 4514 1128 4566 Β.
