3038 5018
240 285 284 347 84
541 282 581 346 B.
605 282 813 347 cmm
843 280 1130 348 ALEXANDR.
1371 271 1392 335 i·
1404 292 1436 354 4·

207 442 345 528 ὸΘεός·
376 441 476 523 ἀλλὰ
494 453 599 526 τοῦτο
618 446 765 527 ἄτοπον·
796 447 859 527 οῦκ
877 445 949 549 ἄρα
967 443 1113 548 γενητὸς
1132 445 1152 522 5
1171 439 1268 536 Υἱὸς,
1287 435 1380 521 Θεὸς
1399 434 1438 514 δὲ

241 574 398 668 μᾶλλον,
416 570 475 647 καὶ
494 566 552 648 διὰ
570 577 676 649 τοῦτο
694 576 773 676 φῦς
791 567 883 650 κατὰ
901 568 1027 676 φύσιν,
1046 569 1094 650 ὡς
1112 567 1133 646 5
1154 562 1296 665 Πατήρ.

298 721 389 769 mo
419 722 465 769 κκ
493 723 558 769 τον
587 724 705 772 mor.
762 699 808 773 Εἰ
844 698 923 799 φῦς
963 698 1028 772 τοῦ
1064 695 1160 770 Θεοῦ
1197 690 1256 766 καὶ
1295 680 1439 786 Πατρός

74 791 116 840 Pu.
252 814 262 838 ι
306 810 318 836 ν
440 816 449 839 ι
506 812 529 841 ες
659 815 669 840 ε
725 814 734 840 ν
788 818 797 842 ‚
906 821 922 838 Α
1030 815 1039 841 ι
1150 812 1159 838 ς
1208 808 1217 833 ι
1369 813 1385 829 a
1417 806 1437 832 n

74 868 195 906 xxxmo.
243 846 415 916 υπαρχων
433 820 565 913 οΥιος,
583 849 675 895 κατα
691 850 735 895 το
754 826 775 864 “
801 821 855 895 Εν
872 848 924 923 τερ
941 819 1036 921 φατι
1054 846 1124 892 σου
1143 815 1310 918 οψομεθα
1328 819 1417 914 φως,

75 953 118 1003 1²³·
131 953 184 1003 xlii·
242 937 302 1015 καὶ
328 946 351 983 “
365 935 655 1043 Ἐξαπόστειλον
680 937 723 1018 τὸ
750 944 830 1044 φῶς
857 971 928 1018 σου
958 939 1017 1017 καὶ
1046 932 1112 1035 τὴν
1139 932 1310 1034 ἀλήθειάν
1336 931 1471 1028 σου,”5

76 1031 99 1080 ³⁶
243 1055 390 1159 γενητός
417 1061 582 1141 ἐστικαὶ
609 1067 657 1146 είς
685 1059 890 1142 ὑπόστασιν
917 1063 1079 1165 ἐνεχθεὶς,
1107 1056 1207 1137 οῦδὲν
1234 1056 1285 1135 ε”τι
1313 1060 1440 1133 διακω-

214 1179 359 1279 θλῦσει,
371 1181 463 1261 κατὰ
480 1181 547 1283 τὴν
564 1184 650 1284 ἰ’σην
664 1185 872 1287 ἀναλογίαν,
882 1190 963 1291 φῶς
980 1187 1171 1263 καλεῖσθαι
1189 1186 1253 1259 τοῦ
1268 1183 1364 1257 Θεοῦ
1381 1178 1441 1256 καὶ

245 1303 391 1407 Πατρός
417 1303 537 1387 πάντα
563 1306 609 1387 τὸ
636 1306 779 1411 γενητά.
832 1313 863 1388 εἰ
890 1305 961 1412 γάρ
990 1306 1085 1389 ὅλως
1111 1302 1307 1407 ἐπιδέχεται
1335 1308 1441 1380 τοῦτο

242 1433 315 1507 τῶν
332 1429 621 1530 πεποιημεῦωνὴ
646 1430 769 1537 φάσις,
787 1430 890 1511 ἔσται
916 1437 989 1515 τοῖς
1012 1436 1107 1511 πᾶσι
1134 1424 1279 1523 δυνάμει
1305 1421 1437 1519 κοινὸν,

243 1553 302 1630 καὶ
320 1551 387 1657 οῦχ
405 1550 482 1635 ἑνὸς
499 1552 590 1633 ’ίδιον
607 1562 671 1633 τοῦ
689 1559 789 1635 Υὶοῦ·
817 1553 919 1633 ἀλλὰ
940 1561 1045 1634 τοῦτο
1068 1552 1216 1631 ἄτοπον·
1246 1546 1344 1655 μόνιρ
1370 1544 1440 1649 γὰρ
1457 1579 1493 1618 ιο

243 1674 397 1780 ἁρμόσει
422 1680 473 1783 τῷ
495 1682 573 1784 Υίῷ
600 1676 642 1757 τὸ
670 1679 864 1760 καλεῖσθαί
888 1712 925 1758 τε
954 1679 1013 1757 καὶ
1041 1672 1128 1756 εἶναι
1154 1679 1233 1781 φῶς
1256 1679 1320 1751 τοῦ
1345 1676 1441 1748 Θεοῦ

243 1803 302 1881 καὶ
321 1800 477 1903 Πατρός.
521 1801 585 1881 οῦκ
610 1802 680 1907 ἅρα
703 1806 782 1884 ἐστὶ
808 1800 966 1905 γενητὸς,
985 1797 1085 1880 ἀλλά
1110 1803 1198 1905 φῶς,
1218 1800 1266 1879 ὡς
1285 1790 1378 1876 Θεὸς
1403 1794 1442 1871 εἰς

244 1929 341 2004 Θεοῦ
359 1923 574 2030 φωτίᾷνντος
592 1927 635 2006 δι’
655 1928 764 2007 αῦτοῦ
782 1924 828 2006 τὸ
846 1923 967 2032 φωτὸς
985 1922 1145 2021 δεόμενα.

300 2077 401 2124 Almo.
431 2053 476 2127 Εί
505 2053 583 2155 φῶς
611 2048 703 2130 κατὰ
730 2050 844 2159 φύσιν
867 2047 1038 2153 ὑπάρχων
1060 2048 1081 2127 5
1105 2044 1194 2128 Υἱὸς
1221 2044 1284 2123 οῦκ
1312 2045 1351 2122 ἐκ
1378 2045 1443 2140 τῆς

210 2170 370 2254 (Ιοῦσίας
402 2172 481 2252 ἐστὶ
513 2181 577 2252 τοῦ
609 2173 767 2276 Πατρὸς,
796 2174 881 2252 ἀλλ’
916 2171 1049 2280 ἔξωθεν
1081 2168 1219 2267 ῦττέστη
1256 2164 1347 2246 κατὰ
1379 2163 1443 2244 τὸν
1459 2197 1495 2257 15

244 2293 456 2374 ἀπαίδευτον
482 2302 555 2374 τῶν
583 2296 771 2402 θεομάχων
798 2296 926 2399 λόγον·
967 2292 1130 2400 ὃμοφυῆς
1160 2292 1230 2394 ἅμα
1259 2290 1337 2368 ἐστὶ
1369 2295 1443 2370 τοῖς

244 2414 495 2517 πεποιημένοις
514 2419 573 2497 καὶ
591 2419 761 2527 ἀδελφὸς,
775 2417 837 2500 ἅτε
855 2416 899 2520 δὴ
917 2423 981 2520 τῆς
999 2420 1095 2501 θείας
1112 2416 1293 2496 ἐκπίπτων
1308 2412 1442 2495 οὐσίας·

244 2545 322 2622 πῶς
340 2539 403 2618 οῦν
421 2540 492 2643 ἄρα
510 2547 590 2647 φῶς
613 2541 678 2640 μὲν
696 2542 802 2628 αὐτὸς
826 2550 985 2623 καλεῖται
1008 2543 1067 2621 καὶ
1091 2540 1182 2619 ἔστι·
1212 2541 1292 2640 περὶ
1319 2533 1356 2616 δὲ
1381 2544 1446 2615 τοῦ

79 2661 168 2777 {ss
245 2661 349 2763 ἁγίου
367 2663 510 2764 λε’γεται
528 2670 736 2756 βαπτιστοῦ
755 2677 777 2713 “
793 2668 873 2747 Οὐκ
898 2664 943 2766 ἦν
964 2668 1093 2749 ἐκεῖνος
1117 2662 1159 2743 τὸ
1186 2668 1265 2769 φῶς
1280 2661 1312 2757 ;”
1332 2658 1446 2739 καίτοι

247 2781 393 2884 δυνάμει
422 2793 502 2891 φῶς
530 2787 550 2866 5
580 2786 752 2893 μακάριος
780 2787 998 2888 βαπτιστὴς,
1027 2787 1086 2869 καὶ
1115 2788 1156 2868 οῦ
1185 2783 1293 2885 μόνος
1322 2781 1442 2881 αὐτὸς,
1460 2820 1500 2860 20

246 2909 344 3013 εἴπερ
381 2908 477 2994 ὅλως
513 2912 674 3016 ἐνεχώρει
711 2911 862 3015 γενητὸν
898 2913 986 2993 ὅντα
1022 2912 1085 2993 τὸν
1117 2908 1206 2989 Υίὸν
1243 2914 1322 3014 φῶς
1358 2903 1446 2985 εἶναι

246 3031 424 3114 δύνασθαι
449 3033 542 3114 κατὰ
567 3036 693 3140 φύσιν.
733 3035 871 3140 τὸγὰρ
896 3039 997 3142 ε’ντῇ
1022 3033 1132 3141 φύσει
1154 3032 1313 3132 κείμενον
1331 3026 1444 3135 ἅπαξ,

247 3154 365 3236 κοινὸν
391 3154 507 3258 δήπου
534 3160 647 3239 παντί
667 3194 720 3268 τερ
744 3160 871 3264 γένοιτ’
896 3157 941 3240 ἂν
962 3165 1015 3269 τῷ
1040 3156 1171 3257 ταύτης
1194 3151 1445 3259 μετεσχηκότι,

218 3277 339 3360 οκοιτά
365 3312 408 3381 γε
433 3280 497 3361 τὸν
514 3285 579 3380 τῆς
603 3283 816 3366 ἀκολουθίας
843 3281 968 3384 λόγον.
1009 3280 1109 3361 ἀλλὰ
1127 3279 1199 3380 μὴν
1215 3276 1383 3377 Ἰωάννης
1405 3277 1447 3355 οῦ

248 3408 339 3508 φῶς,
359 3408 438 3509 φῶς
465 3400 503 3481 δέ
530 3403 668 3488 ῦΥίός·
704 3408 753 3490 ὡς
780 3406 898 3510 ἕτερος
925 3407 996 3510 ἄρα
1020 3402 1112 3486 κατὰ
1140 3402 1264 3509 φύσιν,
1284 3403 1343 3480 καὶ
1367 3399 1447 3504 οῦχὶ
1462 3431 1501 3492 ²5

247 3531 322 3608 τοῖς
340 3524 533 3628 γεγονόσιν
551 3526 727 3633 ὁμοφυής.

303 3679 396 3727 κκκο
415 3681 461 3728 τις
477 3681 543 3728 τον
561 3681 681 3729 mom
718 3658 764 3732 Εἰ
787 3659 867 3760 φῶς
889 3649 980 3732 κατὰ
999 3650 1113 3757 φύσιν
1132 3646 1303 3754 ὑπάρχων
1322 3651 1342 3728 5
1361 3646 1449 3733 Υἱὸς

249 3771 398 3876 γενητός
418 3776 499 3854 ε’στι
524 3778 583 3855 καὶ
607 3774 853 3878 πεποιημένος,
873 3773 936 3857 ἅτε
954 3773 998 3875 δη
1017 3773 1060 3854 τὸ
1078 3777 1117 3855 ἐκ
1135 3778 1199 3873 τῆς
1218 3774 1343 3856 οὐσίας
1362 3768 1449 3851 εἶναι

247 3905 312 3977 τοῦ
337 3903 434 3978 Θεοῦ
461 3902 520 3979 καὶ
544 3897 691 4003 Πατρὸς
718 3900 783 3980 οῦκ
808 3899 911 4005 ἔχων,
929 3897 1021 3980 κατὰ
1047 3897 1115 3999 τὴν
1135 3903 1243 3978 τινῶν
1265 3895 1447 3993 ὑπόνοιαν,

248 4020 445 4129 ε’πιδέξεται
470 4028 544 4103 τιῦν
561 4029 720 4126 γειητῶν
742 4023 766 4124 ἦ
791 4022 905 4130 φάσις
928 4021 971 4104 τὸ
996 4019 1086 4104 εἶναί
1109 4057 1146 4102 τε
1172 4024 1232 4102 καὶ
1259 4025 1450 4102 καλεῖσθαι
1463 4049 1503 4105 30

290 4302 313 4337 1.
331 4289 423 4341 τοῦτον
435 4287 497 4357 (sic)
510 4287 543 4342 Ε.
676 4301 701 4358 7.
719 4288 766 4357 τὴν
777 4304 831 4343 om.
844 4286 878 4341 B.
1018 4306 1059 4343 11.
1078 4285 1215 4341 καλεῖσθαι
1227 4294 1253 4339 et
1265 4280 1328 4339 εἶναι
1341 4283 1409 4337 inter
1421 4300 1450 4337 se

251 4361 353 4423 trannp.
367 4356 400 4411 B.
539 4375 581 4424 14.
599 4356 680 4450 ἄλλο]
697 4364 726 4422 4
741 4359 768 4412 ἐκ
781 4363 827 4413 τοῦ
838 4359 918 4413 αῦτοῦ
930 4359 962 4414 Ε.
1101 4372 1142 4429 15.
1160 4358 1271 4428 ῦπόρχιι
1282 4372 1331 4427 pro
1343 4353 1448 4440 ‘’⁶¹²ss

255 4421 361 4563 ἶξέχξχ
372 4443 425 4553 (χω.
440 4427 472 4481 Β.
551 4428 857 4571 αὸηοχαχηχοχίδγὴχόχον
869 4429 921 4486 Ed.
1028 4445 1071 4485 αι.
1089 4429 1183 4499 ε’χύρτι
1195 4427 1229 4482 Β.
1329 4441 1372 4493 24.
1389 4423 1448 4495 της]
