3038 5018
100 305 208 387 vi.40.
285 305 342 370 IN
372 306 684 372 S.JOANNEM.
729 307 824 372 LIB.
849 306 909 373 IV.
955 307 1111 374 CARI.
1233 310 1299 373 499

101 470 225 569 ἑτέρως
254 470 515 577 φιλάνθρωπον
535 471 622 554 εἶναι
648 472 953 570 διαβεβαιούμενοι
976 471 1040 552 τόν
1058 470 1170 566 Υἱόν;
1199 507 1293 552 που·

99 590 195 672 έσθω
221 595 340 676 τοίνυν
359 596 379 674 ό
402 596 656 702 χριστομοῖχος,
675 595 901 700 πανταχόθεν
919 598 1014 704 αὐτῷ
1039 595 1129 699 πρὸς
1154 598 1298 700 δυσφη-

99 717 185 815 μίαν
216 719 521 821 κατηγορουμένου
552 730 616 800 τοῦ
647 720 919 825 προβλήματος,
948 724 1006 800 καὶ
1034 726 1172 822 πικροῖς
1205 720 1297 818 ἡμᾶς

99 843 179 941 περὶ
201 841 338 921 τούτων
354 840 404 942 μή
424 844 688 925 καθυλακτείτω
706 843 839 946 λόγοις.

66 1055 208 1124 5Τοῡτο
235 1061 295 1148 stip
322 1061 390 1127 ἐστι
414 1063 452 1129 τό
480 1064 606 1140 θὲλιιμα
631 1067 688 1129 τοῦ
706 1063 836 1150 Πατρός
861 1084 932 1142 μου,
952 1061 1005 1126 ἵνα
1029 1067 1094 1126 πᾶα
1115 1061 1133 1128 ό
1158 1061 1294 1149 θεωρῶν
1310 1079 1350 1134 4ο

151 1184 206 1251 τόν
237 1181 313 1251 Υίόν
349 1186 401 1251 καὶ
437 1190 599 1255 πιστεύων
635 1184 681 1252 εἰσ
717 1186 815 1254 αὐτόν
851 1187 908 1278 ἔχη
943 1187 1026 1277 ζωόν
1063 1183 1207 1267 αἰώνιον,
1242 1180 1330 1252 «nib

152 1308 327 1377 ἀναστήσω
353 1312 452 1379 αὐτόν
479 1314 545 1390 ὲτώ
572 1319 611 1406 τῷ
638 1314 758 1405 ἐσχάτη
786 1314 903 1405 ιἰμὲρᾳ.

156 1475 395 1579 Ὀρισοίμενος
413 1481 480 1579 ήδη
499 1477 541 1560 τὸ
559 1478 698 1582 ἀγαθόν
715 1478 855 1583 θέλημα
877 1486 941 1558 τοῦ
960 1474 1117 1581 Πατρός,
1136 1477 1293 1556 ἀπολευ-

100 1598 208 1677 καίνει
227 1598 340 1679 πόλιν
358 1601 455 1701 αὐτὸ,
476 1608 534 1683 καὶ
552 1603 776 1706 πλατύτερον
795 1609 842 1686 είς
860 1604 1053 1708 ἐπίσκεψιν
1069 1607 1144 1685 τοῖς
1161 1603 1297 1703 ἀκροω-

49 1766 87 1807 ιο
99 1721 216 1821 μένοις
241 1726 444 1826 προτίθησι,
467 1725 527 1805 διά
553 1735 616 1807 τοῦ
646 1734 702 1807 καὶ
730 1730 874 1810 ἐσαῦθις
902 1729 1107 1820 ἀναλαβεῖν.
1146 1724 1199 1809 τίς
1223 1722 1296 1828 γάρ

98 1845 145 1925 ἀν
174 1847 312 1948 γένοιτο
344 1853 407 1948 τῆς
436 1855 680 1953 προσαγωγῆς
710 1853 731 1929 ό
759 1849 902 1952 τρόπος,
933 1851 992 1928 καὶ
1023 1849 1060 1928 τί
1088 1847 1130 1927 τὸ
1162 1850 1200 1927 ἐκ
1232 1855 1296 1927 τοῦ

99 1975 307 2074 προσῆχθαι
344 1975 559 2074 κερδανοῦσί
587 2007 687 2072 τινες,
721 1973 898 2081 ἐξηγεῖται
930 1979 1117 2075 λαμπρῶς.
1170 1972 1296 2050 δίδωσι

98 2093 218 2173 τοίνυν
237 2096 257 2173 ό
277 2096 407 2198 Πατήρ
426 2104 477 2206 τῷ
494 2102 572 2205 Υίῷ
590 2096 770 2201 ζωοποιεῖν
788 2095 950 2203 ἰσχύοντι
975 2095 1021 2176 τό
1045 2096 1134 2200 ζωῆς
1160 2098 1292 2175 ἐπιδεᾶ·

100 2217 226 2297 δίδωσι
252 2218 289 2298 δέ
316 2224 437 2320 οὕτως,
458 2226 506 2306 ὡς
531 2221 589 2301 διά
612 2222 781 2325 γνώσεως
806 2224 949 2306 ἐντιθεὶς
968 2216 1109 2327 ἑκάστῳ
1128 2219 1325 2318 δηλονότιο

50 2379 86 2440 15
99 2339 165 2439 τήν
192 2345 249 2448 ἐφ’
278 2350 356 2452 mg>
383 2330 592 2453 κατάληψιν
619 2349 749 2447 ἀληθῆ,
778 2351 836 2426 καὶ
863 2345 906 2425 τὸ
933 2343 1110 2427 δύνασθαι
1137 2347 1295 2425 συνιέναι

99 2472 263 2569 καθαρῶς
294 2466 416 2572 ὅτιπερ
446 2471 500 2569 εἴη
534 2468 626 2557 Θεῦς
657 2473 695 2551 ἐκ
730 2477 827 2552 Θεοῦ
861 2467 1006 2572 Πατρός
1035 2458 1220 2569 ἀληθινοῦ,
1250 2469 1293 2550 ἵν’

99 2592 210 2674 οὕτως
229 2595 407 2690 διατεθεὶς,
427 2598 484 2674 καὶ
504 2602 580 2679 ταῖς
597 2596 650 2674 ἐπ’
671 2597 767 2703 αι’πῷ
785 2596 944 2697 θεωρίαις
967 2594 1292 2696 κατηγλαῖσμένος,

99 2716 156 2794 ἐπὶ
191 2714 233 2794 τὸ
269 2719 308 2797 ἐκ
343 2722 408 2817 τῆς
443 2717 600 2801 πίστεως
637 2716 848 2824 ἀναφέροιτο
883 2719 1000 2820 γέρας,
1034 2717 1197 2797 τουτέστι
1228 2717 1295 2817 τὴν

99 2842 307 2944 μακραίωνα
339 2840 440 2944 ζωήν,
472 2843 530 2920 καὶ
561 2840 625 2920 τὸν
652 2839 833 2943 ἀμήρυτον
866 2845 903 2920 ἐν
933 2839 1165 2944 μακαριότητι
1197 2843 1291 2934 βίον.

46 3003 86 3043 20
98 2962 277 3067 προσάγει
308 2963 373 3063 μέν
402 2965 465 3044 οὖν
492 2967 512 3044 ό
542 2963 670 3066 Πατήρ
701 2964 759 3044 διά
791 2965 959 3068 γνιόσεως
989 2968 1048 3044 καὶ
1077 2970 1295 3067 θεοπρεποῦς

99 3089 247 3189 θεωρίας
266 3095 318 3196 τῷ
336 3093 424 3196 Υῖῲ,
442 3086 525 3172 τοῦς
550 3086 602 3171 οἷς
625 3087 670 3167 ἀν
689 3087 754 3188 τὴν
772 3089 869 3168 θείαν
888 3089 1153 3195 ἐπιψηφίσωτο
1171 3087 1288 3190 χάριν.

98 3207 262 3310 ζωοποιεῖ
290 3210 328 3290 δέ
360 3211 487 3306 λαβὼν
517 3214 537 3291 ὁ
569 3210 667 3308 Υῖῦς,
698 3214 755 3290 καὶ
790 3210 831 3290 τό
862 3212 950 3291 ἴδιον
982 3209 1120 3314 ἀγαθόν
1148 3217 1221 3295 τοῖς
1251 3210 1327 3318 ἐξά

97 3337 224 3419 οἰκείας
249 3335 395 3441 φύσεως
420 3337 723 3440 καταφθείρεσθαι
747 3333 949 3440 πεφυκόσιν
967 3337 1122 3432 ἐντιθεὶς,
1141 3337 1199 3414 καὶ
1224 3369 1290 3415 κα·

98 3458 212 3561 θοίπερ
241 3464 425 3562 σπινθῆρα
452 3457 565 3561 πυρὸς
594 3459 851 3562 ἐγκαταχῶσας
880 3459 999 3541 αὐτοῖς
1028 3458 1095 3559 τὴν
1122 3457 1294 3563 ζωοποιόν

45 3619 84 3680 ι5
98 3590 161 3662 τοῦ
194 3583 403 3683 Πνεύματος
441 3583 601 3681 δύναμιν,
635 3581 743 3666 όλονς
773 3583 815 3662 δι’
849 3581 939 3663 όλου
971 3581 1213 3680 μεταπλοῖττει
1245 3592 1293 3668 είς

97 3709 309 3788 ἀθανασίαν.
348 3705 487 3789 ἀκούων
505 3707 543 3788 δὲ
559 3705 681 3806 πάλιν,
700 3705 754 3786 ότι
771 3706 1002 3811 προσκομίζει
1023 3704 1087 3803 μέν
1106 3707 1126 3784 ό
1145 3708 1290 3810 Πατὴρ,

96 3829 138 3909 τὸ
157 3830 195 3909 δέ
213 3834 384 3924 ἀναβιοῦν
402 3833 578 3911 δύνασθαι
595 3837 748 3936 χορηγεῖ
761 3837 835 3912 τοῖς
852 3829 1141 3934 προστρέχουσιν
1160 3828 1291 3928 όΥῖάς,

95 3952 145 4053 μὴ
163 3953 255 4056 πρὸς
272 3952 442 4039 ε’κτόπους
460 3954 705 4054 ἀποδημήσεις
726 3954 871 4050 ἐννοίας,
891 3956 939 4037 ὡς
965 3955 1036 4059 ἰδίᾳ
1061 3955 1119 4032 καὶ
1144 3987 1288 4057 μεμερι-

134 4213 157 4250 1.
176 4194 364 4265 φιλάνθρωπον
375 4191 467 4260 ἐτέρας
479 4195 585 4248 inverso
596 4192 688 4247 ordine
703 4194 736 4249 B.
872 4207 898 4261 5.
918 4194 1021 4261 Πατρός
1032 4213 1082 4261 μου
1096 4191 1128 4245 Β.
1139 4191 1292 4262 πέμψαντός

94 4289 127 4336 με
139 4268 236 4335 πατρός
250 4264 300 4318 Ed.
411 4281 451 4331 14.
469 4264 575 4319 ἐντιθείς
586 4282 677 4318 assum
697 4275 755 4317 tum
768 4282 800 4317 ex
816 4264 847 4318 Β.
862 4263 933 4317 catt.
1055 4260 1095 4315 16.
1115 4259 1156 4332 ε’κ]
1170 4264 1185 4314 δ
1198 4263 1225 4315 ἐκ
1239 4262 1290 4317 Εό.

94 4337 186 4390 invitis
201 4336 232 4388 B.
248 4334 319 4388 catt.
430 4349 470 4405 17.
489 4335 614 4389 διατεθείς
627 4335 660 4389 Β.
715 4332 756 4387 rd.
769 4333 889 4389 διατιθεὶς
903 4332 954 4387 Εό.
1073 4348 1116 4386 20.
1135 4330 1193 4402 οὖν]
1208 4331 1291 4387 Addit

95 4408 173 4460 αὐτόν
186 4404 277 4467 Cord„
289 4406 380 4459 ε’συτόν
391 4404 418 4459 b.
500 4421 543 4459 21.
562 4405 638 4475 χάριν
650 4404 844 4474 ἐπιψηφίσωτο
856 4403 962 4460 inverso
974 4402 1066 4456 ordine
1078 4419 1101 4456 a.
1184 4417 1227 4456 22.
1246 4404 1291 4471 τῆς

94 4495 144 4601 Ero
156 4479 209 4532 τοῖς
222 4476 251 4544 ἐξ
264 4475 346 4529 Cord.
507 4491 550 4541 24.
569 4475 698 4544 σπινθῆρα
712 4474 744 4529 Β.
757 4474 831 4526 Can:
842 4474 984 4543 σπινθῆρας
996 4472 1048 4527 Εό.
1108 4473 1291 4543 ἐγκαταχόσιις

122 4547 168 4603 .Ι).
183 4547 253 4602 Catt.
267 4543 447 4618 ε’γκοταχύσος
459 4545 511 4601 Εό.
584 4560 626 4616 25.
646 4545 681 4602 εἷς
695 4543 765 4598 catt.
777 4545 843 4613 πρός
856 4543 909 4598 Ed.
974 4544 1018 4598 28.
1037 4543 1205 4614 ἀποδημήσης
1216 4544 1255 4598 D.

647 4647 733 4713 γοα
