3038 5018
667 1009 908 1086 ΚΕΦΑΛΗ
954 1011 1000 1087 Θ.

254 1311 327 1379 Ὀτι
343 1314 404 1380 κατ’
420 1317 507 1382 οὐδὸν
522 1317 655 1383 ἐλάττων
670 1326 721 1383 τοῦ
737 1323 819 1385 Θεοῦ
838 1321 885 1383 καὶ
901 1319 1019 1401 Πατρὸς
1034 1320 1050 1381 ὁ
1064 1319 1146 1392 Υἱὸς,
1163 1315 1232 1381 ἀλλ’
1250 1315 1408 1396 ίσοσθενῗγς

387 1426 448 1491 κατ’
464 1429 620 1511 ἐνέργειαν
633 1430 686 1510 τὴν
700 1430 747 1512 ἐφ’
763 1429 878 1495 ἅπασίν
893 1431 977 1494 ἐστιν
992 1432 1031 1498 ὡς
1047 1429 1126 1497 Θεὸς
1140 1432 1172 1493 ἐκ
1189 1433 1279 1494 Θεοῦ.

185 1623 284 1700 30οἀ
326 1625 464 1702 δύναμαι
506 1629 572 1704 ὲτὼ
608 1626 713 1696 ποιεῖν
747 1630 798 1696 ἀπ’
839 1631 980 1707 ἐμαυτοῦ
1013 1629 1117 1696 οὐδὲν.
1172 1629 1280 1694 καθὼς
1319 1628 1436 1692 ἀκούω

234 1742 236 1747 ’
287 1750 397 1839 κρίνω,
430 1753 482 1818 καί
515 1756 533 1820 εἱ
573 1755 675 1844 κρίσις
706 1758 724 1822 εἱ
758 1756 819 1834 ὲμιί
856 1757 964 1822 δικαία
1000 1757 1097 1837 ἐστίν,
1129 1759 1179 1824 ὅτι
1210 1757 1247 1821 οὐ
1278 1755 1362 1844 ςιιτῶ
1394 1754 1470 1824 τὸ5

260 1876 411 1965 ‚Omna
447 1880 484 1946 τὸ
519 1880 598 1956 ἐμὸν
630 1881 715 1947 ἀλλά
751 1883 789 1951 τὸ
821 1885 944 1959 θὲλιιμα
981 1887 1037 1948 τοῦ
1066 1883 1256 1960 πέμψαντός
1290 1903 1331 1955 με
1365 1881 1435 1944 Πα-

285 2002 371 2089 τρόο.

199 2094 222 2159 b

289 2191 609 2274 ἘΠΙΣΤΗΣΟΝ
627 2196 741 2276 ποίλιν
763 2204 838 2281 τοῖς
865 2197 1071 2297 λεγομένοις
1090 2195 1354 2296 ἀκριβέστερον,
1373 2196 1436 2273 καὶ

233 2316 338 2421 δέχου
371 2326 435 2397 τοῦ
467 2318 695 2422 θεωρήματος
727 2326 775 2406 ὡς
807 2324 845 2401 ἐν
876 2322 1035 2427 περινοίᾳ
1059 2317 1125 2419 τὴν
1157 2317 1315 2417 δύναμιν.
1368 2316 1436 2395 οὐκ

232 2437 361 2523 είὸότες
377 2442 540 2522 Ἰουδαῖοι
559 2441 600 2522 τὸ
623 2441 719 2539 βαθὸ
736 2447 800 2543 τῆς
818 2442 907 2541 μετὰ
918 2436 1059 2546 σαρκὸς
1077 2441 1275 2539 οἰκονομίας
1293 2437 1436 2538 μυστή-
1453 2471 1493 2510 10

232 2595 320 2663 ριον,
348 2561 432 2642 ἀλλ’
460 2564 540 2645 οὐδὲ
567 2563 630 2645 τὸν
654 2568 855 2647 ἐνοικοῦντα
881 2572 934 2675 τῷ
961 2568 1000 2646 ἐκ
1027 2564 1204 2668 παρθένου
1237 2564 1310 2670 ναῷ
1335 2564 1437 2641 Θεὸν

235 2680 357 2787 Λόγον
392 2687 696 2789 ἐπιγινώσκοντες,
729 2687 825 2798 ζήλιρ
856 2689 1035 2773 πολλάκις
1068 2687 1340 2793 πεπλανημένῳ,
1374 2688 1436 2765 καὶ

66 2817 140 2868 Rom.
154 2831 179 2867 ¹·
236 2819 258 2856 “
276 2810 318 2888 οὐ
340 2816 390 2917 τῷ
413 2813 489 2891 κατ’
507 2813 732 2914 ἐπίγνωσιν,”
753 2818 801 2898 ὡς
820 2816 840 2893 ὸ
859 2812 1006 2897 Ποῦλός
1026 2819 1152 2917 φησιν,
1171 2816 1220 2895 είς
1238 2808 1436 2912 ἀγριότητα

68 2895 92 2932 ²⁰
205 2930 379 3037 οτρόπων
401 2937 459 3014 καὶ
487 2936 681 3038 ἀνημέρους
704 2934 813 3040 ὀργάς
837 2937 1050 3044 ἐξεκαίοντο·
1080 2939 1138 3016 καὶ
1164 2933 1208 3033 δὴ
1237 2936 1294 3012 καὶ
1323 2967 1435 3011 κατα-

67 3070 173 3124 1nfiu.
235 3059 352 3138 λεύειν
388 3061 590 3164 ἐπεχείρουν
627 3058 745 3158 αὑτὸν,
784 3061 906 3163 ὅτιπερ
945 3072 967 3109 “
985 3060 1173 3161 ἅνθρωπος
1210 3056 1269 3155 ὧν,
1307 3053 1435 3135 ἑαυτὸν
1453 3088 1492 3145 15

66 3151 158 3316 gibus
236 3193 258 3229 “
276 3182 382 3262 ἐποίει
415 3181 538 3279 Θεὸν,”
573 3186 631 3263 καί
663 3185 787 3281 πάλιν,
819 3183 873 3263 ὅτι
901 3196 922 3232 “
938 3184 1084 3284 Πατέρα
1115 3182 1202 3262 ’ίὸιον
1234 3178 1336 3282 ἐλεγε
1369 3178 1435 3259 τὸν

66 3280 166 3317 ω’
236 3316 258 3352 “
277 3305 384 3404 Θεὸν,
406 3305 488 3386 ’ίσον
505 3306 630 3389 ἑαυτὸν
647 3314 760 3388 ποιῶν
781 3313 832 3415 τῷ
858 3308 976 3414 Θεῷ.”
1013 3306 1130 3405 ἐπειδὴ
1155 3304 1191 3384 δέ
1220 3302 1316 3404 ἦσαν
1339 3305 1434 3382 οὕτω

235 3433 439 3527 δυσμαθεῖς,
459 3433 517 3510 καὶ
540 3435 747 3531 θεοπρεπῶν
772 3432 838 3529 μὲν
861 3429 956 3513 ὅλως
980 3430 1045 3508 οὐκ
1072 3425 1274 3532 ἀνεχόμενοι
1299 3426 1434 3527 λόγων,

235 3551 345 3655 μικρά
374 3551 412 3632 δέ
440 3555 521 3656 περὶ
551 3554 660 3632 αὐτοῦ
685 3557 743 3633 καὶ
768 3559 983 3660 φρονοῦντες
1007 3554 1065 3630 καὶ
1091 3551 1265 3653 λέγοντες,
1293 3555 1427 3628 οἰκονο-

233 3682 345 3775 μικῶς
372 3677 392 3754 ὸ
422 3674 549 3778 Σωτὴρ
576 3677 804 3779 συννηπιοίζει
830 3675 895 3775 μὲν
922 3678 1051 3773 αὐτοῖς,
1075 3674 1289 3776 κεκραμένην
1316 3674 1346 3750 ὸ
1369 3673 1435 3751 οὖν
1450 3701 1495 3739 20

235 3799 331 3898 ὅμως
355 3801 503 3880 ἐποιεῖτο
529 3799 595 3899 τὴν
617 3799 802 3906 ἐξήγησιν,
821 3802 900 3878 οὔτε
925 3797 1008 3882 τοὸς
1027 3803 1110 3905 θεῷ
1135 3795 1334 3899 πρέποντας
1361 3794 1432 3875 λό-

235 3955 321 4024 γους
346 3925 526 4007 ὸλοτελῶς
546 3923 833 4025 παραιτούμενος,
853 3925 931 4003 οὔτε
959 3921 1030 4020 μὴν
1054 3929 1102 4004 είς
1130 3920 1331 4022 ὁλόκληρον
1360 3927 1435 3999 τῶν

202 4047 468 4148 ᾶάνθρωπίνων
495 4045 666 4151 ῥημάτων
692 4051 911 4154 ἀποφυσῶν·
952 4046 1060 4126 εἰπὸν
1089 4044 1131 4124 δέ
1157 4079 1192 4123 τι
1222 4047 1285 4142 τῆς
1316 4047 1435 4142 θεῖκῆς

273 4263 314 4302 10.
333 4249 363 4301 τὸ
384 4248 453 4311 βαθὺ
474 4250 518 4316 τῆς
538 4251 602 4317 μετά
623 4251 720 4318 σαρκὸς
738 4249 881 4318 οἰκονομίας
895 4247 927 4301 Β.
948 4249 978 4301 τὸ
999 4247 1069 4312 βοθὸ
1091 4256 1151 4317 post
1172 4245 1314 4313 οἷκονομίος
1333 4255 1365 4299 tr.
1380 4245 1435 4301 Ed.

238 4333 279 4388 13.
298 4319 378 4372 dom.
394 4318 425 4371 Β.
588 4336 628 4385 14.
647 4320 688 4372 καὶ
700 4316 859 4400 καταλεύειν]
874 4322 1056 4373 κατακέλευσιν
1069 4318 1102 4372 Β.
1259 4316 1300 4370 16.
1318 4319 1388 4369 ποιεῖ
1402 4316 1436 4370 Β.

238 4402 279 4457 19.
297 4389 338 4441 καὶ
356 4388 431 4459 prius
449 4405 502 4442 om.
518 4388 549 4442 B.
597 4391 717 4460 λέγοντες
736 4389 769 4444 B.
788 4398 814 4442 ει
832 4406 870 4443 εις
888 4390 998 4461 conjecit
1018 4389 1119 4458 Migne.
1137 4387 1227 4459 λέγετε
1247 4386 1299 4441 Ed.
1336 4387 1435 4440 Ambi-

234 4473 319 4528 guum
333 4457 368 4512 D.
476 4473 517 4510 21.
537 4456 705 4531 τοὺςΗτῷ
719 4458 769 4514 Εὸ.
782 4459 866 4515 invito
879 4458 911 4512 B.
1021 4457 1219 4527 23.nom.B.
