3038 5018
247 284 313 346 ιοο
552 289 589 351 ο.
614 287 822 353 cmm
853 287 1142 353 ALEXANDR.
1271 286 1452 375 v÷.3ss‚39.

248 457 271 495 “
288 454 363 532 τοῖς
391 451 597 550 εῦρίσκονσι
624 452 793 554 γνῶσιν,”
817 453 980 532 τουτέστι
1008 459 1081 537 τοῖς
1109 455 1266 547 εὐσεβῶς
1294 449 1451 551 μελετή·

190 641 192 644 ι
248 605 342 653 σασι
369 576 606 676 διερμηνεύειν
634 610 672 656 τε
706 576 765 656 καὶ
794 583 885 657 νοεῖν
913 576 959 657 τά
986 580 1024 655 ἐν
1051 583 1128 660 ταῖς
1155 576 1261 660 θείαις
1289 580 1454 680 γραφαῖς

247 696 441 800 μυστήρια.
491 697 673 807 ἀπόδειξιν
700 701 820 780 τοίνυν
848 699 975 800 ὥσπερ
1003 699 1083 780 τινὰ
1110 703 1168 779 καὶ
1195 698 1454 803 πληροφορίαν

81 843 191 900 881A.
219 823 380 924 ιε’ναργῆ
416 831 481 902 τοῦ
517 822 568 923 μὴ
604 823 901 924 ἐκβληθήσεσθαι
937 823 1009 931 ἔξω
1040 820 1105 904 τὸν
1136 821 1326 927 ἐρχόμενον
1356 821 1454 922 πρὸς

249 941 369 1041 αὐτὸν,
386 947 425 1026 ἐν
443 946 581 1031 τούτοις
598 948 682 1047 ἡμῖν
699 953 774 1032 τοῖς
796 945 920 1047 λόγοις
941 954 1090 1028 ποιεῖται
1108 944 1279 1050 Χριστός.
1316 944 1487 1045 ταύτης5

248 1065 320 1171 γάρ
352 1067 396 1167 δή
427 1103 492 1167 τοι,
522 1073 648 1178 φησὶν,
678 1069 779 1151 ἕνεκα
811 1074 875 1169 τῆς
906 1071 1020 1154 αίτίας
1052 1069 1207 1170 κατέβην
1236 1070 1280 1176 ἐξ
1309 1070 1454 1172 οὐρανοῦ,

247 1190 443 1291 τουτέστιν,
472 1193 659 1297 ἅνθρωπος
691 1193 825 1298 γέγονα
857 1193 949 1274 κατά
982 1193 1048 1293 τὴν
1074 1193 1234 1275 εὐδοκίαν
1260 1201 1324 1273 τοῦ
1351 1198 1454 1272 θεοῦ

248 1317 307 1394 καὶ
336 1315 492 1420 Πατρός,
517 1315 628 1417 μόνον
652 1315 691 1396 δὲ
719 1318 798 1422 οὐχὶ
825 1321 884 1398 καὶ
912 1315 1127 1417 ἀβουλήτοις
1154 1318 1328 1415 ὁμιλῆσαι
1354 1315 1454 1418 προί-

247 1471 387 1541 γμασιν
409 1440 452 1519 οὐ
478 1440 755 1546 παρῃτησάμην,
779 1441 882 1546 ἀχρις
905 1439 951 1520 ἂν
971 1439 1185 1546 ἐξανύσαιμι
1211 1446 1285 1523 τοῖς
1312 1443 1362 1521 είς
1390 1436 1454 1538 ε’μὲ

247 1562 461 1644 πιστεύουσι
485 1562 552 1664 τὴν
575 1563 716 1644 αἰώνιον
735 1561 826 1666 ζωὴν
845 1567 904 1644 καὶ
927 1562 994 1663 τὴν
1017 1565 1056 1642 ε’κ
1083 1569 1216 1667 νεκρῶν
1230 1564 1450 1661 ἀναβίωσιν,
1470 1593 1508 1634 10

249 1686 481 1791 καταργήσας
499 1696 563 1769 τοῦ
581 1684 738 1768 θανάτου
756 1687 798 1768 τὸ
817 1686 955 1793 κράτος.
997 1689 1035 1766 τί
1055 1685 1093 1767 δὲ
1110 1684 1155 1786 ἦν
1173 1687 1244 1790 ἀρα
1260 1682 1303 1767 τδ
1321 1687 1448 1768 ἀνεθέ-

214 1810 362 1910 δλητόν
386 1845 424 1891 τε
451 1813 510 1891 καὶ
537 1810 691 1912 θελητδν
714 1817 766 1919 τῷ
789 1815 965 1919 Χριστῷ;
1001 1811 1023 1910 ἡ
1051 1809 1150 1913 παρὰ
1177 1816 1250 1890 τῶν
1266 1809 1454 1892 Ἰουδαιῦνν

247 1932 379 2033 ἀτιμία,
410 1936 584 2039 λοιδορίαι
616 1939 675 2016 καὶ
709 1937 828 2040 ὕβρεις
860 1938 919 2014 καὶ
951 1936 1060 2014 αίκίαι
1092 1936 1151 2014 καὶ
1182 1931 1358 2036 μάστιγες
1392 1938 1454 2015 καὶ

246 2057 499 2158 ε’μπτύσματα,
538 2062 597 2140 καὶ
631 2057 722 2161 πρὸς
759 2058 898 2142 τούτοις
936 2058 987 2138 έτι
1023 2059 1273 2165 συκοφαντίαι,
1310 2061 1370 2137 καὶ
1408 2057 1454 2138 τὸ

246 2189 450 2263 τελευταῖον
475 2184 531 2290 ἐφ’
559 2181 707 2281 ἅπασιν,
734 2183 754 2262 ὁ
781 2187 845 2283 τῆς
873 2179 1012 2286 σαρκὸς
1038 2180 1202 2265 θάνατος.
1242 2188 1356 2260 ταῦτα
1384 2179 1455 2280 μὲν
1472 2213 1509 2275 15

246 2302 318 2408 γὰρ
345 2307 388 2386 δι’
415 2306 507 2406 ἡμᾶς
535 2304 625 2386 ἑκὼν
648 2304 830 2407 ὑπέμεινεν
854 2308 875 2386 ὁ
903 2304 1079 2409 Χριστὸς,
1103 2303 1188 2384 ἀλλ’
1214 2302 1310 2408 εἴπερ
1336 2303 1455 2384 ἐνεδέ-

246 2460 332 2532 χετο
348 2426 400 2528 μὴ
412 2429 582 2509 ’παθόντα
601 2436 798 2534 κατορθοῦν
815 2427 857 2509 τὸ
882 2430 938 2534 ἐφ’
958 2428 1045 2528 ἡμῖν
1062 2425 1366 2530 σπουδαζομενον,
1386 2430 1455 2509 οὐκ

184 2545 187 2551 ’
245 2547 293 2628 ἂν
315 2549 474 2652 ἠθέλησε
498 2557 637 2633 παθεῖν·
669 2551 789 2652 ἐπειδὴ
816 2552 855 2633 δέ
881 2549 1024 2636 πάντως
1049 2587 1089 2632 τε
1112 2556 1170 2632 καὶ
1197 2550 1459 2656 ἀπαραιτήτως

246 2673 403 2770 ἔμελλον
419 2677 584 2756 Ἰουδαῖοι
606 2683 838 2777 κατατολμᾶν
859 2675 906 2757 τά
929 2677 982 2756 ἐπ’
1007 2676 1103 2782 αὐτῷ
1127 2674 1313 2778 γεγονότα,
1332 2710 1454 2756 κατα·

215 2795 386 2902 αδέχεται
402 2795 445 2879 τὸ
463 2804 601 2898 παθεῖν,
618 2807 769 2880 ποιεῖται
788 2798 825 2879 δέ
844 2799 999 2900 θελητὸν
1016 2797 1059 2879 τῦ
1078 2797 1306 2899 ἀνεθέλητον,
1324 2797 1387 2879 διὰ
1405 2799 1459 2880 τά
1473 2835 1511 2878 ιο

245 2921 284 3001 ἐκ
307 2930 373 3003 τοῦ
396 2920 534 3009 πόθους
560 2922 734 3029 χρήσιμα,
753 2928 1051 3009 συνευδοκοῦντος
1073 2925 1169 3031 αὐτῷ
1190 2930 1255 3002 τοῦ
1274 2928 1373 3003 Θεοῦ
1392 2928 1460 3005 καὶ

246 3040 405 3150 Πατρός,
430 3052 489 3127 καὶ
516 3051 645 3153 χρῆναι
671 3045 789 3128 πάντα
816 3047 1009 3151 προθύμως
1037 3049 1241 3150 ὑπενεγκεῖν
1267 3044 1358 3148 ὑπὲρ
1386 3052 1459 3147 τῆς

243 3166 415 3251 ἁπάντων
449 3172 630 3274 σωτηρίας
668 3169 1010 3274 συγκατανεύοντος.
1065 3173 1105 3250 ἐν
1141 3170 1213 3275 γάρ
1250 3168 1295 3270 δὴ
1332 3170 1458 3282 τούτῳ

242 3290 408 3390 μάλιστα
435 3292 501 3392 τὴν
528 3294 683 3396 ἀμετρον
709 3298 774 3394 τῆς
803 3296 900 3379 θείας
930 3292 1076 3400 φύσεως
1105 3291 1313 3397 ἀγαθότητα
1343 3329 1458 3378 κατο-

242 3415 401 3522 ψόμεθα,
432 3421 480 3502 ὡς
508 3420 566 3498 καὶ
594 3417 682 3497 αὐτὸ
713 3417 755 3496 δι’
785 3418 878 3517 ἡμᾶς
908 3415 1048 3521 αἱρετόν
1073 3422 1255 3499 ποιεῖσθαι
1284 3417 1328 3498 τὸ
1359 3420 1456 3500 ἀπό-
1472 3448 1508 3509 ι5

242 3546 383 3641 βλητον
407 3541 450 3620 οὐ
474 3540 767 3652 παραιτουμένης.
808 3540 863 3621 ὅτι
891 3542 929 3622 δὲ
956 3545 1015 3622 καὶ
1042 3539 1258 3642 ἀνεθέλητον
1280 3541 1347 3640 μέν
1370 3577 1457 3630 πως

242 3667 322 3746 έστι
340 3668 392 3770 τῷ
411 3668 552 3767 Σωτῆρι
572 3669 725 3771 Χριστῷ
749 3661 791 3745 τό
817 3666 875 3744 ἐπὶ
897 3671 949 3773 τῷ
973 3671 1122 3773 σταυρῷ
1148 3663 1274 3763 πόθος,
1291 3667 1455 3766 θελητὸν

242 3788 281 3869 δὲ
299 3788 343 3869 δι’
362 3788 455 3889 ἡμᾶς
481 3790 538 3867 καὶ
558 3785 624 3887 τὴν
642 3787 803 3868 εὐδοκίαν
820 3796 886 3869 τοῦ
904 3795 1000 3870 Θεοῦ
1019 3792 1078 3869 καὶ
1098 3788 1255 3894 Πατρός,
1272 3787 1455 3890 συνησεις

276 3947 303 4005 6.
321 3947 353 4018 δι’)
365 3965 420 4004 om.
434 3948 467 4003 B.
479 3946 581 4003 habent
593 3947 665 4005 (λιιι.
829 3966 855 4021 9.
873 3951 1071 4021 πορσιτησάμην
1084 3951 1120 4007 D.
1134 3949 1216 4006 Cord.
1229 3951 1297 4020 a.(?)
1349 3952 1453 4009 Statim

241 4018 333 4089 μέχρις
344 4037 369 4074 a.
382 4019 458 4091 ἄχρις
469 4017 551 4074 habet
563 4018 646 4075 cord.
777 4036 818 4075 10.
836 4020 878 4074 καλ
890 4023 936 4091 τὴν
948 4020 976 4075 έκ
988 4026 1084 4092 νεκρῶν
1095 4020 1239 4082 ἀναβίωσιν
1265 4026 1296 4092 τῇ
1309 4022 1338 4076 εἰι
1351 4030 1454 4093 νεκρόν

240 4089 419 4152 ἀναβιώσεια.
552 4104 592 4157 15.
611 4093 689 4144 τοῦτο
703 4089 736 4143 Β.
747 4089 838 4145 invitis
851 4089 923 4146 Catt.
1060 4105 1101 4163 17.
1122 4091 1164 4162 ἐφ’
1178 4091 1237 4162 ἡμῖν
1265 4094 1348 4164 σφίσι
1363 4093 1452 4150 Cord.

240 4159 377 4216 Neutrum
389 4159 507 4215 habeta.
615 4162 723 4215 ι.τολ
747 4162 758 4177 ”
787 4179 811 4216 a.
915 4178 958 4219 20.
976 4163 1018 4216 καὶ
1030 4180 1079 4233 pro
1091 4164 1121 4217 τὸ
1133 4163 1179 4217 alt.
1193 4164 1297 4235 Migne.
1348 4163 1453 4223 Statim

137 4288 140 4295 ,
239 4229 607 4299 ἀνεθίλητονΒ.α.ἀθέλητον
619 4179 701 4286 gurd.
740 4230 767 4286 d.
864 4247 906 4286 22.
924 4233 1025 4289 πάντας
1038 4232 1120 4287 Cord.
1134 4233 1219 4288 invito
1231 4252 1255 4288 a.
1354 4250 1401 4307 25.
1421 4239 1453 4292 τό

239 4319 294 4357 om.
308 4302 410 4371 Migne.
536 4301 634 4373 26-p.
648 4302 710 4368 488,
723 4319 749 4372 9.
770 4301 844 4357 Haec
857 4302 973 4358 citantur
984 4304 1013 4357 in
1026 4302 1149 4358 Concilio
1161 4304 1239 4358 tertio
1252 4303 1454 4363 Constantino·

240 4374 358 4442 politano
371 4373 425 4427 680
436 4388 507 4425 anno
519 4371 592 4436 hab.
606 4373 718 4426 Actione
731 4390 780 4437 x,e
792 4372 881 4428 libello
896 4373 996 4428 Romae
1008 4374 1152 4444 compilato
1164 4392 1279 4446 quorum
1292 4377 1454 4434 testimonia

239 4441 600 4569 ffiffipffl
614 4441 1091 4587 ffissffihaff‘zzfssfflssmffasffffiss
1105 4443 1308 4588 W*
1322 4447 1369 4503 θ’
1384 4449 1451 4518 ⁸⁴¹·
