3038 5018
60 275 125 340 i.1.
248 276 305 343 IN
336 276 369 342 S.
393 276 645 343 JOANNEM.
691 278 787 343 LIB.
811 277 839 344 1.
884 278 1078 347 cAP.111.
1215 281 1258 344 3⁷

60 447 262 527 παντελῶς·
294 443 421 522 οὐκοῦν
439 442 506 548 οὐχ
524 440 622 539 Υἱὸς,
637 444 722 522 ἀλλ’
743 442 823 524 οὐδὲ
841 441 937 529 όλως
951 441 1054 528 Θεός.
1091 448 1169 527 πῶς
1186 440 1259 547 γὰρ

59 561 107 644 ἂν
125 566 185 646 καὶ
202 573 350 646 καλοῖτο
368 565 456 649 Υἱὸς
479 568 499 645 5
521 564 572 666 μὴ
590 569 629 646 ἐκ
649 562 849 671 Πατρός,ἢ
875 573 951 651 πῶς
977 565 1028 647 ἔτι
1047 555 1150 665 Θεδς,
1168 568 1189 646 5
1206 566 1257 666 μὴ

60 688 98 767 ἐκ
119 694 216 769 θεοῦ
239 689 332 770 κατὰ
355 687 496 796 φύσιν;
527 687 647 789 ἐπειδὴ
665 688 703 770 δὲ
721 696 768 774 είς
786 689 876 771 Υῖδν
894 690 916 790 ἡ
937 691 1071 788 πίστις,
1090 690 1139 771 ἔτι
1165 689 1257 771 κατὰ

58 809 103 891 τό
131 810 222 897 εἰκός
247 813 483 913 πλανώμεθα,
502 811 566 894 τὸν
593 813 764 914 ἀληθινόν
791 815 855 895 οὐκ
881 813 1118 915 ἐπεγνωκότες
1146 813 1287 894 Θεόν.θ

28 934 162 1018 sam
187 945 294 1016 τοῦτο
322 936 470 1017 ἄτοπον·
510 936 737 1022 πιστεύοντες
765 941 800 1017 δ’
830 943 877 1022 εῖς
904 938 1004 1036 Υὶὸν,
1033 942 1091 1018 καῖ
1119 944 1167 1023 είς
1193 937 1258 1018 τὸν

61 1060 211 1163 Πατέρα
226 1060 454 1159 πιστεύομεν,
474 1064 532 1141 καὶ
550 1068 599 1146 εἰς
623 1059 665 1140 τό
683 1057 816 1161 Ἀγιον
836 1067 985 1161 Πνεῦμα
1004 1061 1155 1162 δηλαδή.
1195 1064 1259 1142 οὐκ

59 1184 131 1288 ἄρα
158 1187 238 1264 ἐστὶ
264 1193 328 1264 τοῦ
352 1189 448 1264 Θεοῦ
475 1187 533 1264 καὶ
563 1182 719 1288 Πατρός,
745 1184 793 1269 ὦς
820 1183 990 1284 ἐλάττων,
1018 1184 1211 1290 ἀλλότριος
1237 1186 1258 1264 5

58 1305 159 1404 Υῖύς,
177 1309 261 1386 ἀλλ’
282 1306 321 1386 ἓν
338 1310 385 1391 ὡς
409 1307 501 1410 πρὸς
526 1307 645 1408 αὐτὸν,
663 1307 722 1388 διὰ
746 1307 788 1389 τό
806 1309 878 1417 Ἐξ
894 1310 1002 1390 αὐτοῦ
1021 1308 1113 1390 κατὰ
1131 1308 1258 1415 φύσιν,

58 1427 140 1514 ἴσος
157 1463 197 1510 τε
213 1430 272 1510 διὰ
290 1439 396 1511 τοῦτο
415 1435 473 1512 καὶ
490 1429 638 1516 τέλειος.

10 1592 47 1632 ιο
115 1582 216 1631 κιλο.
264 1561 309 1635 Εἰ
349 1552 414 1652 μὲν
449 1553 537 1638 Υἱός
578 1558 658 1635 ε’στι
695 1555 787 1636 κατὰ
823 1554 994 1656 ἀλήθειαν
1032 1558 1052 1636 5
1089 1557 1128 1636 ἐκ
1162 1562 1258 1637 Θεοῦ

60 1677 207 1779 Πατρός
238 1676 461 1782 ἀναλάμψας
493 1675 587 1762 Θεὸς
616 1675 747 1780 Λόγος,
780 1677 919 1780 ἀνάγκη
956 1685 1062 1759 παῖσα
1095 1683 1155 1759 καὶ
1191 1680 1258 1784 οὐχ

58 1798 204 1882 ἑκόντας
236 1797 319 1883 τούς
348 1799 392 1877 δι’
421 1799 579 1885 ἐναντίας
611 1801 801 1903 ὁμολογεῖν
829 1804 867 1881 ἐκ
900 1806 964 1900 τῆς
995 1804 1120 1886 οὐσίας
1149 1801 1287 1882 αὐτῦνο
1328 1822 1372 1876 24
1385 1821 1425 1876 Δ.

59 1921 230 2028 ὑπάρχειν
260 1928 325 2022 τῆς
357 1931 422 2002 τοῦ
456 1922 612 2026 Πατρός.
669 1934 775 2006 τοῦτο
806 1925 878 2029 γὰρ
910 1927 932 2024 ἡ
963 1923 1055 2005 κατὰ
1087 1925 1258 2025 ἀλήθειαν

58 2045 177 2146 υἱόιης
209 2048 385 2146 σημαίνει.
433 2044 508 2126 εἶτα
538 2055 616 2132 πῶς
649 2050 669 2128 ό
703 2057 861 2132 τοιοῦτος
893 2047 1053 2129 ε’λόττων
1085 2051 1163 2127 ἐστὶ
1196 2058 1260 2129 τοῦ

11 2196 45 2255 ¹5
60 2169 217 2273 Πατρός,
239 2169 335 2274 εἴπερ
364 2172 464 2251 ἐστὶν
489 2171 613 2255 οὐσίας
641 2172 788 2275 καρπὸς,
815 2172 1013 2272 οὐδαμόθεν
1037 2170 1079 2252 τὸ
1108 2169 1260 2250 ’ἔλαττον

56 2295 113 2398 ἐφ’
133 2293 239 2397 ἑαυτῇ
258 2294 471 2398 δεχομένης,
501 2295 620 2375 πάντα
645 2296 717 2399 γὰρ
745 2297 886 2380 τελείως
910 2298 949 2376 ἐν
967 2303 1018 2404 τῷ
1037 2300 1131 2403 Θεῷ.
1172 2293 1260 2375 εῖδὶ

57 2417 123 2493 οὐκ
147 2414 247 2495 ε”στιν
263 2417 301 2495 ἐκ
327 2421 390 2518 τῆς
417 2418 542 2502 οὐσίας
567 2427 631 2498 τοῦ
651 2419 808 2521 Πατρός,
827 2419 906 2498 οὐδὲ
924 2417 1012 2503 Υῖῦς
1037 2419 1120 2523 ἄρα·
1157 2415 1260 2503 νόθος

58 2538 96 2617 δὲ
124 2534 250 2641 ὥσπερ
277 2574 331 2623 τις
358 2543 416 2619 καῖ
445 2540 689 2645 ψευδώνυμος.
730 2544 814 2620 ἀλλ’
835 2539 916 2621 οὐδὲ
942 2541 1047 2626 αὐτὸς
1073 2544 1093 2621 5
1118 2540 1259 2645 Πατὴρ,

57 2660 177 2765 πατὴρ
210 2659 256 2740 όν
283 2670 431 2742 καλοῖτο
459 2665 601 2747 δικαίως
627 2699 665 2743 τε
693 2667 752 2744 καὶ
779 2668 935 2764 ἀληθῶς·
974 2670 1065 2744 Υῖοῦ
1092 2663 1164 2768 γὰρ
1195 2668 1260 2747 οὐκ

10 2832 46 2872 20
56 2785 161 2869 ὄντος
187 2794 252 2865 τοῦ
280 2784 372 2865 κατὰ
400 2785 524 2892 φύσιν,
552 2788 594 2866 δι’
624 2785 666 2865 όν
692 2790 771 2867 ἐστι
798 2786 928 2889 πατὴρ,
957 2793 1034 2870 πῶς
1068 2784 1114 2866 οῖν
1143 2793 1259 2867 νοοῖτο

56 2907 176 3010 πατήρ
188 2941 200 3005 ;
241 2907 342 2987 ἀλλὰ
370 2916 476 2988 τοῦτο
506 2908 654 2988 ἄτοπον·
695 2909 775 2989 ἔστι
806 2909 843 2990 δὲ
874 2908 1003 3013 Πατὴρ
1036 2909 1205 3011 ἀληθινὸς
1238 2913 1291 2993 5b

57 3029 163 3115 Θεός·
199 3039 305 3110 τοῦτο
325 3029 396 3132 γὰρ
417 3030 461 3130 δὴ
479 3035 537 3110 καὶ
556 3031 641 3110 όλαι
659 3039 799 3127 βοῶσιν
818 3037 853 3112 αἱ
872 3039 962 3113 θεῖαι
984 3034 1136 3137 γραφαί·
1170 3031 1258 3117 Υἱός

57 3154 128 3257 ἄρα
145 3152 289 3238 πάντως
311 3155 331 3233 5
355 3153 398 3261 ἐξ
421 3154 530 3233 αὐτοῦ
549 3160 723 3260 φυσικῶς.
761 3161 791 3235 εῖ
810 3154 848 3234 δὲ
866 3163 981 3254 τοῦτο,
1002 3158 1065 3235 οὐκ
1084 3155 1255 3237 ἐλάττων·

56 3278 249 3376 όμοούσιος
266 3275 340 3380 γὰρ
359 3279 407 3361 ὡς
425 3275 524 3359 Υἱός.

10 3437 44 3498 ²5
113 3431 213 3480 κακο.
247 3400 302 3481 Τὸ
334 3404 399 3499 τῆς
431 3408 582 3504 πατριᾶς
612 3402 692 3503 ἤτοι
723 3399 945 3504 πατρόιητος
975 3401 1089 3499 ὄνομα
1121 3403 1184 3482 οὐκ
1217 3403 1262 3509 ἐξ

54 3524 159 3622 ἡμῶν
171 3524 297 3627 κυρίως
314 3521 386 3627 ἔχει
397 3520 501 3619 Θεὸς,
515 3525 600 3602 ἀλλ’
617 3525 715 3623 ἡμεῖς
734 3532 879 3622 μᾶλλον
893 3526 937 3632 ἐξ
954 3527 1063 3605 αὐτοῦ
1081 3524 1259 3621 λαβόντες

55 3647 232 3747 όριόμεθα.
271 3645 403 3729 πιστὸς
428 3646 465 3725 δὲ
488 3648 508 3725 5
532 3645 642 3746 λόγος
663 3649 815 3727 Παύλου
832 3655 991 3742 βοῶντος
1010 3651 1077 3729 ὡδί
1093 3659 1115 3694 “
1128 3647 1200 3754 Ἐξ
1217 3648 1258 3727 οῦ
1302 3671 1368 3736 Εριι
1382 3673 1417 3725 iii.

55 3775 161 3849 πᾶσα
184 3766 317 3873 πατριδι
338 3768 377 3850 ἕν
394 3803 433 3849 τε
458 3771 597 3878 οὐρανῲ
615 3772 673 3849 καὶ
692 3773 747 3850 ἐπὶ
768 3774 838 3873 γῆς
859 3768 1099 3872 όνομόζεται.”
1138 3769 1257 3871 ἐπειδὴ
1305 3750 1342 3801 ¹⁵'

94 4031 118 4071 ι.
135 4017 186 4087 γὰρ
198 4033 253 4071 om.
266 4015 300 4070 B.
448 4030 473 4071 τ.
491 4015 533 4070 καί
545 4033 598 4070 om.
613 4015 646 4069 B.
694 4014 746 4086 ἔτι]
760 4015 818 4070 τ’στι
831 4015 865 4070 Β.
1013 4032 1040 4088 3.
1057 4014 1170 4088 φύσιας]
1189 4023 1217 4080 ÷
1232 4016 1259 4070 τί

54 4084 142 4153 ’φασιν
157 4085 275 4150 ἐνταῦθα,
287 4087 312 4139 οί
329 4085 389 4142 τοῦς
400 4086 436 4155 μὴ
453 4088 500 4155 τὴν
516 4086 553 4143 είς
568 4088 613 4140 τδν
627 4087 682 4140 υίδν
692 4085 917 4154 παραδεξαμένους
931 4085 1029 4150 πίστιν,
1042 4086 1212 4143 ἀπεκτονότος
1228 4087 1257 4140 δι’

55 4158 158 4225 μᾶλλον
168 4160 262 4212 τοῦτον
273 4157 310 4213 είς
321 4158 366 4211 τὸν
376 4156 474 4225 πατέρα
485 4155 617 4210 πιστεύειν
629 4155 836 4226 ἰσχυριζόμενοι,
851 4154 903 4209 Ed.
940 4154 1048 4210 Desunt
1059 4156 1123 4211 haec
1136 4157 1217 4212 verba
1228 4156 1257 4211 in

58 4225 91 4280 Β.
103 4225 202 4280 habent
214 4228 243 4281 in
256 4244 311 4296 mg.
324 4225 414 4280 addita
426 4226 470 4289 Ε,
482 4227 509 4280 in
522 4243 576 4297 mg.
590 4236 718 4298 tanquam
730 4225 850 4280 scholion
864 4225 900 4278 D.
945 4222 1019 4295 Υἱὸν]
1032 4232 1060 4289 ÷
1071 4226 1143 4281 ἐστιν
1152 4229 1255 4299 Migno.

59 4310 100 4363 15.
119 4295 230 4367 πατρὸς]
244 4303 273 4360 -Ι-
284 4298 337 4357 υἱὸς
349 4296 386 4349 D.
401 4295 452 4350 Ed.
465 4297 548 4350 invito
562 4295 594 4349 Β.
671 4295 711 4350 16.
729 4299 765 4367 τῷ
778 4296 805 4350 ἐν
818 4296 924 4348 inverso
936 4292 1029 4348 ordine
1043 4294 1075 4348 B.
1148 4314 1190 4352 22.
1207 4300 1256 4361 βο-

55 4371 121 4421 ῶσιν
132 4368 174 4420 καὶ
186 4366 246 4419 ὅλοι
259 4366 364 4420 inverso
376 4365 468 4420 ordine
481 4366 515 4419 B.
605 4379 648 4437 25.
668 4365 748 4434 ὄνομα
760 4369 815 4434 ἤτοι
827 4367 987 4436 τοτρόπμος
995 4364 1105 4421 inverso
1117 4365 1209 4421 ordine
1223 4368 1256 4422 B.

55 4436 99 4491 26.
118 4435 211 4506 κυρίως
228 4445 397 4527 asumptum
415 4453 448 4490 ex
467 4435 499 4488 B.
519 4435 565 4506 qui
584 4435 630 4490 dat
647 4459 676 4493 κς
695 4438 736 4505 (=
753 4435 859 4507 κύριος).
909 4434 1007 4492 Statim
1026 4437 1042 4490 5
1064 4437 1130 4494 Θεδς
1149 4437 1203 4508 ἔχει
1221 4437 1255 4492 Β.

54 4507 97 4561 28.
115 4507 212 4575 πατριὰ
223 4505 252 4561 ἕν
263 4527 291 4560 τε
302 4503 415 4579 ουρανῷ]
429 4505 537 4575 πατριᾶς
548 4505 577 4561 ἰν
588 4508 705 4578 οὐρονοῖς
718 4506 751 4561 Β.
