3038 5018
89 285 156 374 i.9.
275 289 332 355 IN
363 290 397 356 S.
420 222 676 356 ίΟΑῖῦΝΕΜ.
723 289 818 356 LIB.
842 290 871 354 Ι.
917 289 1019 356 CAP.
1043 289 1104 354 IX.
1228 291 1288 354 lll

89 451 150 530 καὶ
175 450 329 557 ἀῤῥητον
352 455 481 536 οὐσίαν
503 454 773 557 ἀναβησόμεθα,
792 457 851 535 καί
876 450 941 535 τόν
962 462 1026 535 τοῦ
1051 460 1146 534 Θεοῦ
1170 448 1323 555 Λόγονθ

89 577 154 673 τῆς
187 578 262 656 κατ’
295 575 468 678 ἀλήθειαν
500 577 743 675 ἐκβάλλοντες
775 576 945 679 υίότιγτος,
975 579 1048 657 ἀντ’
1080 576 1211 657 ε’κείνου
1241 581 1293 682 τῷ

92 701 213 803 Πατρὶ
239 703 536 804 σννεδρεύσομεν,
563 705 623 783 καὶ
652 702 825 783 ὑπόθεσιν
852 702 1021 797 ἀσεβείας
1048 700 1114 801 τὴν
1140 708 1205 781 τοῦ
1234 732 1291 779 τι·

90 828 232 920 μῶντος
255 824 483 924 ποιησόμεθα
507 825 637 931 χάριν;
669 823 720 925 μὴ
745 825 896 927 γε’νοιτο·
936 826 1021 905 ἀλλ’
1041 824 1145 904 ἔσται
1168 820 1234 922 μὲν
1255 824 1294 901 ἐν

59 942 221 1051 5οίσπέρ
257 949 358 1028 ε’στιν
390 949 667 1054 ἀπαραποιήτως
704 953 724 1031 ὁ
756 949 855 1034 Υἱός·
906 953 999 1030 θετοῖ
1037 947 1075 1029 δὲ
1110 949 1209 1048 ἡμεῖς
1245 953 1294 1032 είς

92 1069 248 1170 υίότητα,
274 1074 333 1153 καὶ
360 1076 434 1154 θεοὶ
462 1071 554 1154 κατά
580 1072 696 1180 χάριν,
723 1076 787 1155 ούκ
813 1077 1026 1176 ἀγνοοῦντες
1054 1072 1142 1177 ὅπερ
1170 1070 1291 1172 ε’σμέν·

91 1196 185 1273 οῦτω
212 1193 250 1275 δὲ
275 1192 447 1277 εἶναικαὶ
472 1204 551 1306 φῶς
574 1195 657 1282 τοῦς
682 1196 806 1299 ἁγίους
829 1195 1056 1296 πιστεύομεν.
1101 1200 1230 1301 χρῆναι
1255 1194 1293 1275 δὲ

91 1313 190 1414 οἶμαι
219 1320 359 1399 κάκεῖνο
388 1320 711 1419 διασκεπτομίνονς
741 1323 840 1425 ὁρῦν.
889 1318 936 1400 τά
964 1319 1031 1420 μὲν
1060 1319 1131 1424 γάρ
1161 1317 1293 1421 λογικά

91 1444 165 1519 τῶν
183 1442 391 1540 κτισμάτων
413 1443 636 1552 φωτιῷμενα
655 1441 808 1551 φωτίζει,
827 1442 919 1524 κατά
943 1442 1138 1544 μετάδοσιν
1156 1450 1289 1548 θεωρη-
1305 1476 1324 1515 υ
1364 1462 1405 1518 ’15
1422 1461 1463 1517 A·

45 1594 79 1634 ιο
92 1561 216 1661 μάτων
242 1574 315 1647 τῶν
343 1569 382 1647 ἐκ
412 1578 475 1648 νοῦ
503 1566 595 1671 πρὸς
624 1569 746 1673 ἑτέραν
777 1568 1012 1674 είσχεομένων
1039 1567 1204 1665 διάνοιαν,
1234 1571 1292 1648 καὶ

93 1688 487 1790 διδασκαλάιμάλλον,
506 1691 585 1791 ἤτοι
603 1691 847 1798 ἀποκάλυψις,
866 1694 886 1772 ὁ
904 1701 1063 1778 τοιοῦτος
1086 1691 1132 1771 ἀν
1151 1691 1293 1777 δικαίως

93 1819 240 1891 καλοῖτο
271 1813 470 1921 φωτισμός·
519 1817 539 1896 ό
569 1814 607 1896 δὲ
637 1824 701 1896 τοῦ
730 1822 826 1896 Θεοῦ
858 1815 979 1919 Λόγος
1008 1817 1144 1926 φωτίζει
1174 1813 1294 1897 πάντα

92 1933 254 2042 ἀνθρωττοι
278 1939 444 2045 ἐρχόμενον
469 1947 515 2026 είς
542 1939 594 2020 τὶν
619 1939 742 2044 κόσμοι
764 1940 806 2018 οὐ
834 1942 1108 2039 διδασκαλικῶς,
1132 1937 1293 2041 καθάπερ

93 2059 245 2160 ἄγγελοι
280 2061 400 2165 τυχὸν,
432 2060 456 2163 ἢ
493 2065 551 2142 καί
584 2062 777 2164 ἅνθρωποι,
810 2060 910 2142 ἀλλά
942 2070 1087 2161 μᾶλλον
1118 2067 1167 2147 ὡς
1199 2061 1294 2148 Θεὸς

45 2203 80 2265 ¹5
94 2186 352 2287 δημιουργικῶς
378 2185 519 2294 ἑκάστῳ
544 2192 617 2266 τῶν
640 2190 689 2270 είς
713 2183 755 2265 τὸ
780 2182 867 2265 εἶναι
894 2186 1123 2284 καλουμεῦων
1145 2187 1293 2289 σπέρμα

92 2307 239 2415 σοφίας,
253 2307 332 2407 ἤτοι
350 2311 579 2411 θεογνωσίας,
594 2311 765 2409 ἐντίθησι,
784 2313 842 2389 καὶ
860 2309 960 2414 ῥίζαν
977 2308 1163 2414 ε’μφυτεύει
1180 2343 1289 2388 συνε·

91 2463 196 2528 σεως,
211 2431 358 2533 λογικόν
376 2467 415 2512 τε
434 2434 546 2516 οὕτως
564 2436 735 2513 ἀποτελεῖ
749 2432 791 2513 τὸ
810 2433 900 2540 ζῷον
917 2438 982 2532 τῆς
999 2432 1128 2517 οἰκείας
1146 2430 1292 2539 φύσεως

90 2550 244 2658 με’τοχον
261 2555 509 2652 ἀποδεικνύων,
527 2559 585 2635 καὶ
602 2560 666 2655 τῆς
684 2554 877 2661 ἀφράστου
895 2553 1150 2660 λαμπρότητος
1167 2553 1326 2661 οῖοτιερί)

91 2674 192 2760 τίνάις
218 2674 351 2775 ἀτμούς
379 2682 582 2783 φωτοειδεῖς
609 2681 707 2763 ἐνιεὶς
734 2685 785 2786 τῷ
814 2685 874 2786 νῷ,
902 2682 984 2761 καθ’
1015 2678 1056 2761 δν
1083 2680 1190 2765 αὐτὸς
1220 2677 1292 2762 οἶδε

45 2830 79 2870 ιο
90 2797 228 2902 τρόπον
251 2835 290 2880 τε
318 2805 375 2880 καὶ
406 2799 530 2904 λόγον’
565 2806 620 2882 δεῖ
643 2801 726 2904 γάρ,
749 2799 857 2901 οἶμαι,
880 2803 1000 2905 λέγειν
1025 2805 1063 2882 ἐν
1088 2803 1225 2887 τούτοις
1250 2805 1292 2883 ού

90 2922 250 3024 περιττά.
280 2923 339 3003 διά
356 2959 412 3004 τοι
429 2934 535 3005 τοῦτο
554 2927 612 3004 καὶ
632 2926 652 3003 ό
669 2925 866 3028 προπάτωρ
879 2923 1010 3025 Ἀδὰμ,
1025 2926 1088 3004 οὐκ
1106 2927 1144 3003 ἐν
1162 2924 1290 3033 χρόνῳ,

90 3043 253 3151 καθάπερ
271 3048 381 3147 ἡμεῖς,
401 3046 443 3128 τὸ
468 3046 555 3128 εῖναι
580 3046 701 3154 σοφὸς
724 3045 967 3151 ἀποκερδάνας
988 3051 1126 3152 ἀρᾶται,
1148 3049 1232 3128 ἀλλ’
1253 3052 1291 3128 ἐκ

90 3169 245 3272 πρώτων
263 3170 365 3255 εῦθῦς
390 3178 462 3252 τῶν
484 3178 548 3271 τῆς
571 3173 746 3276 γενέσεως
769 3170 910 3278 χρόνων
931 3168 1063 3255 τέλειος
1088 3173 1125 3249 ἐν
1147 3169 1291 3251 συνέσει

91 3294 267 3396 φαίνεται,
285 3292 348 3374 τὸν
367 3296 516 3374 δοθέντα
543 3301 588 3398 τῇ
616 3295 726 3399 φύσει
750 3293 850 3399 παρά
869 3300 964 3375 Θεοῦ
990 3294 1181 3403 φωτισμὸν
1199 3295 1288 3375 ἀθό-

45 3440 77 3501 ³5
92 3425 212 3495 λωτον
230 3416 280 3497 ἔτι
303 3420 361 3496 καί
387 3417 545 3520 καθαρὸν
562 3417 747 3521 διασώζων
765 3421 802 3497 ε’ν
820 3420 944 3525 ἑαυτῷ,
961 3421 1019 3498 καὶ
1044 3417 1291 3518 ἀκαπήλευτον

90 3537 185 3645 ἔχων
209 3545 273 3638 τῆς
300 3541 445 3647 φύσεως
471 3541 514 3621 τὸ
542 3542 693 3648 ἀξίωμα.
734 3541 876 3647 φωτίζει
900 3550 1090 3645 τοιγαροῦν
1116 3545 1319 3645 δημιουρ-ο

90 3669 202 3764 γικιῦς
238 3663 304 3762 μὲν
337 3666 357 3742 ὁ
391 3663 488 3761 Υἱὸς,
522 3662 584 3743 ἀτε
619 3662 663 3763 δὴ
700 3661 742 3744 τὸ
780 3671 859 3770 φῶς
896 3663 1068 3768 ὑπάρχων
1105 3662 1211 3749 αὐτὸς
1246 3663 1289 3744 τὸ

90 3785 273 3884 ἀληθινὸν,
306 3785 397 3867 κατά
431 3786 588 3892 μετοχὴν
619 3786 657 3867 δὲ
694 3788 717 3887 ἡ
754 3790 870 3872 κτίσις
906 3786 973 3888 τὴν
1003 3785 1095 3892 πρὸς
1130 3785 1172 3866 τὸ
1210 3793 1289 3893 φῶς

90 3910 385 4014 ἐκλαμπρύνεται,
406 3912 465 3990 καί
492 3918 652 3990 καλεῖται
676 3910 735 3991 διὰ
758 3920 863 3991 τοῦτο
889 3911 1105 4012 καὶγίνεται
1131 3915 1221 4014 φῶς,
1240 3915 1289 3993 είς

45 4032 138 4120 50τά
161 4033 248 4138 ῦπέρ
271 4035 385 4141 φύσιν
404 4035 651 4129 ἀναβαίνουσα
676 4032 734 4113 διά
757 4031 823 4132 τὴν
840 4043 904 4114 τοῦ
925 4033 1150 4139 δοξάσαντος
1172 4031 1288 4136 χάριν,

91 4160 150 4238 καὶ
176 4158 358 4264 διαφόροις
383 4156 494 4256 αὐτὴν
512 4164 780 4264 στεφανοῦντος
798 4163 924 4255 τιμαῖς,
944 4160 992 4240 ὡς
1016 4157 1111 4256 7ίκειν
1129 4153 1288 4256 εὐλόγως

128 4339 154 4377 2.
173 4322 325 4382 ε’κβόλοντες
339 4319 401 4393 (εἰς)
416 4321 451 4374 D.
465 4320 636 4385 ἔκβαλλόντες
650 4319 711 4390 (sic)
725 4319 758 4374 Ε.
848 4332 874 4387 5.
892 4316 999 4390 οίσπόρ]
1014 4317 1053 4376 οἶς
1065 4319 1098 4373 B.
1189 4332 1214 4388 7.
1233 4317 1288 4390 καί]

91 4392 155 4446 κατὰ
169 4392 202 4446 Β.
359 4405 399 4461 17.
418 4393 448 4445 τὸ
460 4409 514 4444 om.
529 4392 561 4446 B.
573 4391 708 4461 habenta.
722 4389 804 4445 Cord.
818 4389 862 4444 Cr.
1017 4407 1032 4445 ο
1053 4431 1060 4444 .
1078 4388 1176 4445 τέλειος
1187 4406 1241 4444 om.
1257 4389 1289 4444 B.

92 4477 136 4533 ογ.
155 4463 231 4520 οῦτδς
245 4462 277 4516 Β.
292 4462 374 4517 Οοτά.
388 4462 434 4516 Cr.
447 4463 510 4516 αὐτὸ
522 4461 575 4516 Ed.
764 4477 808 4531 31.
827 4461 1020 4532 στεφανοῦντος
1033 4407 1066 4516 ίί.
1080 4461 1225 4532 στίφοντος
1237 4459 1289 4515 Ed.

91 4535 207 4604 εὐλόγως
219 4533 254 4589 είς
265 4533 347 4600 μέσον
358 4531 410 4586 hoc
422 4530 515 4586 ordine
527 4532 561 4586 B.
