3038 5018
104 294 193 376 iv.4,
205 311 236 380 5.
282 294 339 359 IN
369 294 680 359 S.JOANNEM.
727 295 893 361 LIB.II.
939 295 1125 362 CARIV.
1242 297 1306 359 263

101 510 194 577 Ἔδει
220 512 257 578 δὲ
284 512 384 580 αὐτὸν
411 513 593 602 διέρχεσθαι
621 514 673 581 διὰ
701 519 760 581 τιίο
786 515 983 605 Σαμαρείας·
1019 517 1148 602 ἔρχεται
1176 511 1232 581 οὖν
1260 511 1375 581 είς45

156 641 253 709 πόλιν
279 644 339 706 τιίο
366 641 555 732 Σαμαρείαο
582 645 758 721 λετομὲνιιν
785 644 905 733 Συχὰρ,
932 645 1070 711 ηλιιοίον
1097 653 1154 711 τοῦ
1186 643 1306 734 χωρίου

156 767 175 835 ὂ
202 766 327 833 ἔδωκεν
350 767 470 846 Ἰακὼβ
492 769 619 856 Ἰωοίφ
646 776 694 854 τῷ
717 768 775 852 υίῴ
801 769 912 835 αὐτοῦ.
1321 778 1339 821 0

157 926 210 1009 Ὦ
233 935 378 1030 πολλῆς
405 928 594 1036 ἀγχινοίαςΙ
616 936 675 1012 καί
703 931 858 1035 ἀκράτου
887 933 1042 1040 νήφεως·
1076 931 1204 1039 φθάνει
1231 939 1309 1017 ταῖς

74 1055 322 1155 5ἀπολογίαις
349 1055 395 1135 τά
422 1055 688 1158 ζητηθησεσθαι
715 1056 1009 1159 προσδοκώμενα.
1059 1053 1133 1136 εῖπε
1163 1054 1235 1157 γάρ
1263 1056 1309 1135 ἀν

108 1212 161 1262 τις
180 1176 292 1276 εὐθὺς,
309 1175 333 1280 ἢ
351 1179 458 1287 ἑτέρῳ
481 1186 718 1283 προσλαλῶν,
738 1178 760 1280 ἢ
787 1179 994 1281 λεληθότως
1019 1178 1309 1280 διενθυμοιίμενος

109 1307 187 1382 Τοῦ
206 1300 250 1402 δὴ
268 1300 373 1407 χάριν
392 1304 413 1382 ὁ
434 1303 565 1408 Κύριος
585 1305 685 1402 ἡμῶν
702 1305 845 1404 Ἰησοῦς
863 1305 1037 1406 Χριστὸς,
1056 1306 1120 1384 οὐκ
1142 1307 1180 1383 ἐν
1198 1308 1309 1410 καιρῷ

109 1430 161 1532 τῷ
183 1426 373 1526 καθήκοντι
395 1423 458 1506 τῶν
478 1431 709 1529 Σαμαρειτῶν
727 1426 921 1528 ἐποιήσατο
940 1426 1154 1531 φωτισμόν,
1185 1460 1305 1528 προσ·

108 1552 199 1643 ἦλθε
217 1547 281 1647 μέν
299 1547 372 1652 γὰρ
390 1550 412 1649 ἡ
432 1549 742 1657 Συροφοινίκισσά
760 1587 856 1648 ποτε,
872 1550 934 1632 τδν
951 1553 1009 1631 ἐπὶ
1028 1557 1073 1656 τῇ
1091 1549 1309 1658 ταλαιπώρῳ

57 1698 96 1739 10
110 1676 260 1777 θυγατρὶ
276 1672 368 1773 μετὰ
386 1674 548 1776 δακρύων
568 1672 670 1755 ’ἐλεον
688 1676 893 1782 ἐξαιτοιῖσα,
913 1678 969 1755 καί
993 1677 1032 1754 τί
1051 1673 1142 1779 πρὸς
1159 1671 1270 1772 αὐτὴν
1288 1677 1344 1754 ὀᾶ

111 1798 393 1904 φιλοικτίρμων;
433 1808 454 1845 “
468 1799 527 1877 Οὐ
559 1799 683 1896 καλὸν,
712 1802 817 1904 φησὶ,
846 1806 974 1895 λαβεῖν
1002 1797 1065 1879 τὸν
1095 1799 1205 1901 ἀρτον
1236 1803 1309 1877 τῶν
1355 1803 1479 1921 {mh-

111 1930 134 1967 “
151 1919 282 1999 τέκνων
309 1921 368 2000 καῖ
395 1927 523 2015 βαλεῖν
550 1929 624 2004 τοῖς
655 1922 866 2024 κυναρίοις·”
915 1924 956 2001 οὐ
987 1920 1069 2025 γάρ,
1098 1920 1206 2021 οἶμαι,
1235 1925 1308 2001 δεῖν

111 2041 301 2146 ἐδοκίμαζε,
319 2041 485 2147 πράωρον
502 2050 576 2128 τοῖς
599 2046 644 2152 ἐξ
667 2047 779 2126 ἐθνῶν
796 2044 862 2144 τὴν
880 2051 954 2129 τοῖς
978 2044 1022 2151 ἐξ
1041 2044 1195 2148 Ἰσραὴλ
1220 2047 1310 2125 ἀπο-

112 2173 327 2266 νεμηθεῖσαν
348 2169 704 2273 ε’πιδαφιλειίσασθαι
730 2167 845 2273 χάριν·
881 2167 901 2249 δ
928 2167 972 2268 δὴ
997 2172 1054 2246 καὶ
1080 2167 1311 2273 σαφέστερον

57 2309 97 2371 15
112 2288 218 2374 αι’ντδς
235 2291 343 2370 ἐποίει
361 2291 478 2391 λε’γων
497 2300 518 2338 “
533 2292 613 2372 Οὐκ
636 2291 850 2391 ἀπεστάλην
868 2297 897 2372 εί
923 2290 973 2391 μὴ
998 2296 1046 2373 είς
1071 2288 1116 2369 τά
1141 2288 1312 2394 πρόβατα
1356 2311 1448 2377 1b.24

112 2424 135 2461 “
154 2412 201 2494 τὰ
226 2412 449 2495 ἀπολωλότα
474 2415 570 2495 οἴκου
588 2415 778 2519 ’ίσραήλ.”
816 2422 893 2501 πῶς
917 2416 980 2496 οὖν
999 2414 1080 2518 ἄρα,
1098 2413 1248 2520 φήσειεν
1266 2414 1312 2495 ἀν

112 2571 176 2635 τις,
197 2539 216 2616 ὁ
234 2535 326 2642 πρῖις
343 2536 454 2636 μόνον
472 2539 746 2638 ἀπεσταλμένος
764 2539 827 2620 τὸν
846 2538 1001 2644 Ἰσραὴλ
1019 2535 1061 2620 τὸ
1080 2543 1313 2640 Σαμαρειτῶν

112 2660 271 2754 ἐπαίδευε
290 2661 403 2764 γένος,
418 2662 530 2741 καίτοι
549 2671 611 2743 τοῦ
629 2661 783 2767 Ἰσραὴλ
803 2666 901 2745 οὕτω
919 2668 1107 2745 παντελῶς
1124 2659 1189 2760 τὴν
1207 2661 1342 2767 χάρινα

113 2785 449 2883 ἀπολακτίσαντος;
475 2786 566 2887 πρὸς
584 2785 629 2885 δὴ
647 2786 693 2866 τά
710 2795 866 2886 τοιαῦτα,
882 2785 1036 2884 πιθανὴν
1054 2787 1128 2884 μετ’
1146 2784 1313 2892 ἐξουσίας

56 2936 100 2977 20
113 2906 180 3008 τὴν
197 2909 401 3011 ἀπολογίαν
422 2909 581 3017 εἰσφέρει
605 2908 647 2990 τό
667 2906 760 2992 ’Ἔδει
789 2907 825 2991 δὲ
850 2911 944 2990 αὐτδν
963 2905 1146 3015 διέρχεσθαι
1174 2903 1232 2987 θιῖι
1257 2907 1314 3000 τίς

115 3037 324 3138 Σαμαρείας·
356 3034 398 3114 οά
415 3032 488 3137 γάρ
507 3033 550 3134 δὴ
571 3035 698 3114 τούτου
723 3069 766 3136 γε
792 3035 893 3113 ἕνεκα
914 3036 978 3112 καὶ
1003 3031 1115 3129 μόνον
1140 3028 1205 3129 τὴν
1222 3029 1314 3133 πρὸς

115 3159 337 3260 Σαμαρείτας
365 3159 567 3258 ἀποδημίαν
595 3158 795 3255 ἐστείλατο,
824 3159 880 3263 ἐφ’
910 3153 939 3265 ᾦ
972 3190 1011 3235 τε
1045 3154 1196 3261 κηρύξαι
1227 3153 1311 3256 παρ’

113 3282 233 3364 αὐτοῖς
259 3278 323 3361 τὸν
347 3278 469 3382 λόγον,
489 3284 547 3361 καῖ
572 3281 663 3382 ὅλην
685 3280 729 3388 ἐξ
751 3280 840 3362 ὅλου
864 3285 1092 3380 μεταστῆσαι
1115 3276 1182 3378 τὴν
1205 3279 1312 3357 εὐλο-

113 3405 197 3505 γίαν
219 3412 283 3483 τοιῖ
304 3402 470 3509 Ἰσραήλ·
504 3407 588 3484 ἀλλ’
609 3406 752 3508 ἐπείπερ
779 3401 840 3486 ἔθει
864 3404 1106 3512 παρέρχεσθαι,
1126 3401 1185 3482 διά
1208 3410 1314 3483 τοῦτο

58 3546 100 3607 ²5
116 3527 286 3626 διδάσκει,
305 3526 347 3607 τδ
365 3530 500 3635 σοφίας
518 3529 623 3630 ἔργον
641 3531 839 3608 ἀποτελῶν.

165 3649 314 3754 Ὥσπερ
335 3650 406 3754 γάρ
435 3652 498 3730 οὐκ
523 3652 568 3730 ἄν
585 3685 673 3732 ποτε
696 3655 761 3750 τῆς
786 3651 936 3752 ἐνούσης
962 3653 1057 3759 αὐτῷ
1083 3647 1174 3728 κατά
1199 3648 1344 3755 φύσινα
1370 3665 1481 3724 lm.

115 3778 309 3873 κανστικῆς
328 3774 502 3875 ἐνεργείας
520 3775 721 3882 καταλήξαι
740 3773 782 3855 τὸ
799 3783 884 3877 πῦρ,
903 3777 1014 3857 οὕτως
1038 3770 1134 3873 οἶμαι
1158 3771 1248 3851 κατὰ
1271 3769 1314 3851 τὸ

114 3895 290 3982 παντελές
317 3895 487 4002 ὑπάρχειν
505 3896 690 4003 ἀμήχανον
708 3897 774 3999 τὴν
793 3906 864 3978 τῶν
883 3899 981 3979 ὅλων
999 3898 1137 4002 σοφίαν
1158 3893 1208 3994 μὴ
1234 3896 1313 4000 οὐχὶ

114 4019 157 4100 τὸ
186 4021 303 4128 σοφίᾳ
328 4020 466 4123 πρέπον
493 4023 658 4125 ἐνεργεῖν·
701 4027 759 4102 καί
789 4018 913 4124 ὥσπερ
947 4021 1010 4101 οὐκ
1039 4019 1167 4125 ἐξεῖναι
1195 4017 1314 4120 λέγων

151 4259 178 4315 5.
180 4243 387 4368 Ιἔξριηθίρσεσθαι
400 4243 434 4298 Β.
447 4243 603 4314 ζητησεσθαι
617 4244 668 4300 Ed.
783 4246 809 4299 8.
828 4245 873 4299 τδν
887 4243 948 4298 B.D
961 4242 1171 4314 suprascriptum
1186 4216 1249 4311 [τῶν
1262 4238 1312 4311 Ι).]

225 4355 231 4368 .
353 4332 379 4385 9.
397 4316 445 4383 μὲν
456 4333 509 4369 om.
525 4315 556 4370 B.

115 4319 167 4370 τῶν
678 4331 718 4369 11.
738 4316 782 4369 τὸν
794 4316 872 4385 ἀρτον
883 4320 934 4368 τῶν
945 4313 1039 4368 τέιινων
1050 4315 1142 4377 λαβεῖν
1153 4312 1258 4365 inverso
1270 4328 1314 4365 or·

117 4385 180 4439 dine
194 4384 225 4439 B.
338 4403 378 4452 14.
397 4384 655 4456 ἐπιδαψιλεάσασθαι
670 4384 949 4456 Βηέπιδαφιλειίεσθαι
963 4384 1013 4439 Ed.
1133 4382 1173 4436 16.
1191 4383 1240 4450 ἄρα
1253 4391 1314 4452 post

115 4478 156 4511 τις
168 4465 201 4509 tr.
216 4455 249 4509 B.
398 4457 439 4509 18.
458 4456 574 4510 ἐπαίδευε
586 4454 673 4526 γένυς]
686 4456 813 4510 παιδεύων
824 4456 896 4512 ἔθνος
910 4454 942 4508 Β.
1092 4471 1132 4523 19.
1150 4455 1266 4507 τοσαῦτα
1280 4451 1313 4507 Β.

118 4542 161 4580 22.
180 4524 239 4595 παρ’
253 4526 338 4581 αὐτοῖς
351 4525 456 4596 κηρύξαι
468 4526 573 4580 inverso
584 4523 676 4579 ordine
691 4525 723 4580 B.
