3038 5018
148 638 155 645 .

56 706 73 756 J
77 705 116 754 oel
127 705 153 756 ii.

58 773 97 821 28.

57 1095 123 1151 472
132 1092 173 1148 A.

221 299 286 362 σοι
525 296 565 360 Β.
589 294 797 361 onum
827 291 1120 362 ALEXANDR.
1337 280 1438 366 vii-39·

222 462 370 559 ἀγαθῶν
401 462 628 564 ἀναδραμεῖν.
684 460 789 564 ὁρίζει
819 466 1010 562 τοιγαροῦν
1042 460 1110 554 τῆς
1154 451 1219 560 ἐφ’
1258 452 1360 551 ἡμᾶς
1388 454 1437 528 Τοῦ

226 581 435 680 Πνεῦματος
467 583 622 663 καθόδου
655 580 720 664 τόν
752 583 886 686 καιρὸν,
916 586 975 662 καί
1009 575 1305 681 ἐπαγγέλλεται
1334 573 1438 674 λε’γαι

226 715 247 752 “
265 706 332 784 Ἐν
350 711 428 790 ταῖς
446 701 593 810 ἡμέραις
611 706 768 791 ἐκείναις·
787 713 864 788 ταῖς
882 713 946 785 τοῦ
968 705 1139 805 Σωτῆρος
1160 702 1277 801 ἡμῶν
1297 695 1436 798 Ma&

226 839 247 876 ‘⁴
266 827 386 933 ε’κχέω·
406 828 554 910 ἀπὸτοῦ
572 829 782 927 Πνεῦματός
795 863 876 926 μου,
889 825 1039 927 δηλαδή·
1057 828 1116 906 ε’πί
1132 831 1278 905 πᾶσαν
1292 819 1434 924 σιίρκα”

225 950 343 1050 ἐπειδὴ
371 951 411 1033 δὲ
436 955 502 1053 τῆς
529 954 736 1061 φιλοτιμίας
766 955 786 1031 ὁ
816 951 944 1057 χρόνος
974 946 1216 1052 παρεκόμιζεν
1249 953 1304 1031 εἰς
1332 945 1456 1042 με’σονὸ

196 1072 315 1172 αμετά
333 1074 471 1180 σαρκὸς
487 1079 544 1157 ε’πί
563 1081 627 1175 τῆς
646 1081 713 1179 γῆς
729 1073 794 1155 τὸν
806 1078 1009 1177 Μονογενῆ,
1024 1072 1231 1168 τουτέστιν,
1247 1071 1434 1173 ἅνθρωποι

57 1210 181 1271 <Mdv-⁴·
225 1200 264 1276 ε’κ
282 1196 451 1300 γυναικὸς
472 1199 649 1302 γεγονότα
675 1197 766 1280 κατὰ
791 1198 857 1299 τὴν
876 1200 983 1301 ἁγίαν
1001 1194 1163 1304 γραφὴν,
1181 1197 1314 1276 ἐδίδου
1330 1190 1434 1274 mim

57 1442 140 1507 Supra
148 1441 164 1491 i.

61 1521 100 1571 3²·

225 1320 268 1400 τῦ
281 1327 326 1402 ’Π
329 1331 438 1421 νεῦμα
456 1324 477 1401 ό
497 1321 590 1407 Θεὸς
609 1326 666 1402 καὶ
686 1320 826 1427 Πατὴρ,
838 1322 978 1427 ἐδέχετο
996 1319 1033 1401 δὲ
1051 1325 1199 1423 πρῶτος
1219 1321 1276 1404 ὦς
1294 1312 1432 1421 ἀπαρχὴ

226 1449 290 1544 τῆς
317 1447 573 1548 ἀνανεουμένης
601 1445 748 1554 φύσεως
775 1446 818 1526 τὸ
847 1452 997 1544 Πνεῦμα
1024 1442 1205 1546 Χριστός.
1252 1453 1278 1490 “
1297 1442 1429 1542 Ἐμαρ·

226 1580 248 1616 “
267 1568 402 1671 τόρησε
438 1567 509 1673 γάρ
546 1568 716 1670 Ἰωάννης
747 1570 869 1670 λέγων
901 1568 955 1649 ὅτι
992 1568 1163 1664 τεθέαμαι
1200 1563 1251 1645 τὸ
1288 1571 1431 1662 Πνεῦμα
1441 1593 1466 1641 ιο

227 1702 249 1738 “
268 1699 485 1786 καταβαῖνον
506 1692 549 1798 ἐξ
576 1693 738 1795 οῦρανοῦ,
762 1695 822 1772 καί
848 1692 982 1791 ἔμεινεν
1004 1692 1057 1770 ἐπ’
1082 1688 1233 1769 αῦτόν.”

281 1813 450 1921 Ἐδίχετο
469 1813 506 1895 δὲ
524 1821 601 1899 πῶς
619 1848 629 1911 ;
661 1815 945 1923 ε’πεξεργαστίον
962 1812 1033 1915 γάρ
1052 1812 1264 1914 ἀναγκαίως·
1282 1809 1327 1891 τὸ
1346 1816 1431 1913 εἰρη

227 1936 343 2035 μόνον.
397 1934 451 2043 ἀρ’
481 1942 529 2022 ὡς
558 1940 622 2019 οῦκ
649 1939 768 2044 ἔχωνς
808 1941 850 2018 οῦ
880 1936 986 2018 τοῦτό
1017 1946 1149 2041 φαμεν·
1189 1931 1246 2035 μὴ
1281 1934 1429 2038 γε’νοιτο.

228 2061 316 2140 ’ίδιον
333 2058 404 2162 γάρ
423 2069 487 2141 τοῦ
506 2066 596 2141 Υἰοῦ
619 2060 661 2141 τό
682 2061 835 2160 Πνεῦμοί
854 2063 945 2159 ε’στι,
964 2062 1022 2140 καί
1047 2061 1112 2138 οῦκ
1137 2051 1290 2164 ἔξωθεν,
1309 2056 1432 2160 ὥσπερ

194 2185 311 2284 υὴμίν
336 2187 592 2288 ἐπεισκρίνεται
619 2184 666 2265 τά
692 2184 792 2288 παρὰ
820 2190 916 2264 Θεοῦ
943 2181 1225 2289 χορηγούμενον,
1249 2183 1342 2260 ἀλλ’
1363 2184 1469 2274 ἐνυ-ιε

227 2308 357 2413 πάρχει
376 2315 541 2414 φυσικῶς
565 2310 662 2416 αῦτηῦ
683 2307 845 2412 καθάπερ
871 2309 929 2388 καί
953 2314 1005 2415 τῷ
1025 2308 1155 2410 Πατρί,
1174 2307 1237 2385 καί
1258 2306 1304 2384 δι’
1327 2307 1433 2385 αὐτοῦ

227 2432 370 2536 πρόεισι
388 2438 461 2514 τοῖς
480 2432 593 2534 ἁγίοις
611 2429 703 2510 κατὰ
720 2427 762 2510 τό
782 2430 925 2539 ἑκάστῳ
943 2430 1081 2534 πρέπον
1099 2428 1319 2527 διανεμηθὲν
1338 2423 1435 2530 παρά

227 2564 292 2634 τοῦ
312 2553 469 2655 Πατρός.
509 2554 694 2661 εἰληφέναι
713 2553 751 2635 δὲ
770 2555 924 2657 λέγεται,
943 2554 1033 2635 καθὸ
1056 2551 1202 2656 γέγονεν
1221 2553 1433 2654 ἅνθροπτος,

229 2682 286 2758 καί
305 2675 350 2777 ἦν
364 2678 542 2785 ἀνθρώπῳ
560 2677 699 2781 πρέπον
712 2678 754 2759 τῦ
773 2686 910 2775 λαβεῖν.
936 2682 994 2759 καί
1013 2678 1137 2781 ὥσπερ
1148 2672 1240 2760 Υἰῦς
1261 2675 1437 2781 ῦπάρχων

228 2810 293 2882 τοῦ
311 2807 407 2881 Θεοῦ
424 2805 482 2881 καί
503 2802 659 2907 Πατρός,
675 2806 733 2883 καί
751 2807 790 2884 ἐκ
809 2807 873 2903 τῆς
890 2804 1016 2886 οῦσίας
1033 2803 1142 2881 αὐτοῦ
1160 2801 1474 2901 γεγεννημεῦος,ιο

229 2930 287 3007 καί
314 2925 386 3029 πρὸ
413 2931 477 3027 τῆς
507 2926 820 3028 ε’νανθρωπὴσεως,
848 2932 994 3025 μᾶλλον
1022 2925 1060 3006 δὲ
1091 2927 1150 3006 καί
1178 2921 1255 3027 πρὸ
1287 2923 1437 3004 πάντων

230 3050 376 3148 αἰώνων,
399 3053 475 3130 κατ’
498 3050 599 3130 οῦδὲν
624 3049 718 3133 ὅλως
746 3049 929 3154 ἀσχάλλει
957 3050 1127 3151 λε’γοντος
1154 3055 1218 3127 τοῦ
1247 3052 1352 3128 Θεοῦ
1380 3049 1438 3126 καί

63 3182 136 3233 τις
340 3172 751 3202 ““’“”
878 3171 896 3199 ⁹
1076 3167 1180 3219 ““
1336 3168 1419 3204 ³*

99 3222 105 3234 .
138 3194 182 3248 ·7·
200 3180 378 3277 οΠατρος
393 3209 484 3276 προς
501 3208 609 3254 αυτον
628 3208 686 3252 οτε
704 3207 850 3275 γεγονεν
868 3178 1057 3275 ανθρωπος
1112 3178 1200 3256 Υιος
1217 3204 1293 3269 μου
1316 3206 1350 3250 ει
1372 3205 1434 3266 σν,

231 3309 253 3346 “
270 3295 341 3401 ε’γά
368 3297 528 3400 σήμερον
555 3293 750 3399 γεγέννηκά
777 3296 856 3375 σε.”
896 3295 960 3376 τὸν
982 3294 1053 3400 γάρ
1079 3292 1152 3396 πρῦ
1180 3294 1325 3374 αἰώνων
1350 3295 1437 3375 ὄντα

232 3421 337 3516 Θεὸν,
354 3421 400 3527 ἐξ
424 3422 533 3500 αὐτοῦ
560 3418 823 3522 γεγεννημένον,
847 3421 1007 3521 σήμερον
1029 3420 1274 3522 γεγεννῆσθαί
1299 3426 1433 3518 φησιν·
1447 3447 1475 3507 ¹⁵

231 3545 274 3624 ἵν’
294 3544 386 3643 ἡμᾶς
404 3546 442 3622 ἐν
460 3546 557 3650 αῦτῲ
577 3545 812 3650 καταδέξηται
829 3542 920 3646 πρὸς
938 3543 1130 3638 υἱοθεσίαν,
1149 3541 1218 3643 ὅλη
1244 3539 1321 3645 γὰρ
1349 3541 1435 3642 ἧνὴ

231 3664 464 3772 ἀνθρωπότης
482 3669 520 3746 ἐν
538 3671 699 3774 Χριστῷ,
720 3666 877 3767 καθόπερ
896 3664 940 3766 ἦν
958 3667 1160 3769 ἅνθρωπος·
1192 3666 1288 3744 οὕτω
1312 3673 1377 3745 καί
1396 3665 1436 3747 τὸ

232 3791 320 3871 ίδιον
346 3791 463 3896 ἔχοντι
492 3796 651 3889 Πνεῦμα,
671 3788 804 3869 διδόναι
832 3789 945 3869 πόλιν
970 3786 1057 3868 αὐτὸ
1085 3788 1229 3889 λέγεται
1257 3794 1311 3894 τῷ
1338 3795 1434 3899 Υἰηί,

271 4039 294 4076 1.
307 4025 354 4076 τοῦ
365 4021 515 4091 Πνεῦματος
527 4030 589 4091 pont
602 4020 711 4075 καθόδου
724 4020 851 4074 exhibent
862 4037 911 4074 ας.
923 4019 1014 4086 Θοτά,
1024 4027 1050 4072 et
1062 4027 1123 4071 ante
1135 4021 1162 4071 et
1174 4026 1245 4087 post,
1255 4016 1289 4071 B.
1329 4034 1358 4073 2.
1373 4019 1437 4073 Post

233 4094 320 4162 καιρὸν
333 4092 413 4146 verba
425 4095 470 4146 τόν
481 4095 527 4160 τῆς
543 4092 677 4160 ἐπιδημίας
692 4094 738 4144 τοῦ
749 4093 866 4160 Χριστοῦ
878 4107 893 4143 e
904 4089 964 4144 cat.
981 4090 1057 4143 Harl.
1070 4086 1172 4143 addidit
1183 4086 1256 4141 Aub.
1270 4097 1298 4141 et
1314 4089 1358 4143 sic
1375 4108 1400 4145 c.
1412 4100 1437 4144 et

235 4164 372 4233 (omittens
385 4162 441 4230 τὸν)
457 4161 537 4216 Cord.
550 4161 648 4215 desunt
661 4162 687 4214 in
700 4179 724 4214 a.
939 4175 963 4231 η.
982 4162 1062 4215 πάλιν
1073 4161 1103 4213 τὸ
1116 4161 1221 4223 Πνεῦμα
1233 4157 1288 4212 hoe
1300 4159 1401 4214 ordine
1412 4178 1436 4213 α

253 4276 259 4289 .
279 4232 462 4299 ἀνανοουμίνης
476 4231 508 4285 B.
520 4231 702 4300 ἀνανεουμίνης
714 4230 865 4285 emendavit
878 4230 969 4284 Holst.
981 4240 1007 4285 et
1020 4231 1057 4284 sic
1070 4247 1094 4284 c.
1145 4224 1274 4297 Χριστός]
1290 4231 1305 4282 ὁ
1318 4233 1437 4300 Χριστός

233 4252 285 4359 ἰὶιί.
299 4303 389 4356 invitis
405 4303 462 4356 B.a.
554 4317 595 4355 10.
614 4299 679 4371 γὰρ]
696 4305 792 4362 Mn.
883 4318 923 4371 ¹3·
943 4303 1005 4371 ἔχον
1019 4301 1050 4354 Β.
1089 4300 1185 4354 Statim
1196 4299 1229 4351 οὐ
1240 4302 1323 4353 τοῦτό
1336 4319 1363 4354 a.
1378 4300 1436 4355 Cat.

234 4375 310 4427 Harl.
324 4373 445 4426 οὔτοῦτο
459 4373 491 4425 B.
505 4373 567 4425 αὐτὸ
578 4377 654 4426 τοῦτο
667 4371 816 4426 emendavit
831 4371 880 4426 Ht.
892 4371 965 4426 unde
978 4371 1049 4426 Aah.
1157 4384 1197 4440 15.
1215 4371 1247 4422 τὰ
1260 4382 1435 4442 assumptum

233 4463 264 4497 ex
280 4444 302 4497 B
316 4461 448 4513 suprasct.
557 4458 599 4509 τι.
619 4443 669 4512 ἐγὼ
682 4453 851 4512 assumptum
863 4461 896 4496 ex
908 4461 932 4496 a.
1044 4441 1085 4495 26.
1106 4439 1137 4508 ἦν
1148 4440 1163 4508 ἡ
1176 4439 1349 4509 ἀνθροπότης
1362 4443 1393 4496 ἐν
1406 4442 1438 4497 Β.

234 4515 413 4582 ε’νηνθρῶπησι
428 4514 476 4567 Ht.
490 4511 542 4565 Ed.
652 4513 694 4566 28.
714 4513 800 4584 ἔχοντι
815 4513 872 4567 Βα.
888 4512 946 4568 cat.
962 4512 1037 4567 Harl.
1050 4514 1118 4582 ἔχων
1133 4511 1181 4565 Ht.
1195 4509 1247 4564 Ed.
