3038 5018
240 281 305 343 202
541 276 580 341 B.
603 274 815 339 CYRILLI
844 272 1130 339 ALEXANDR.
1295 269 1329 333 ii.
1341 284 1441 353 5-10.

240 440 346 540 μόλις
373 443 431 521 ε’πὶ
462 449 569 521 τοῦτο
596 439 761 543 βαδίζειν,
790 441 848 517 καὶ
873 445 919 544 τῇ
945 440 1048 545 χρείᾳ
1074 444 1222 535 μᾶλλον
1248 433 1340 535 ἤπερ
1368 438 1444 515 τοῖς

241 566 377 666 ὁρῶσιν
399 567 578 644 ἐπιδοῦναι
602 562 669 662 τὴν
690 560 806 666 χάριν.
842 567 941 642 δοκεῖ
963 561 1005 641 δέ
1027 596 1103 644 πως
1128 557 1216 639 εἶναι
1242 561 1300 637 καὶ
1323 590 1443 662 χαριε-

241 688 355 790 στέρα
372 695 445 767 τῶν
462 687 692 784 ποθουμένων
711 686 733 785 ἦ
751 686 910 782 ἔκβασις,
930 687 994 765 οὐκ
1016 688 1054 764 ἐκ
1078 693 1143 764 τοῦ
1160 684 1351 788 προχείρου
1369 687 1443 763 τοῖς

243 817 384 891 αἰτοῦσι
406 810 663 915 χορηγουμένη,
686 808 744 889 διὰ
771 807 810 888 δὲ
834 817 961 912 μικρᾶς
987 806 1208 911 ὑπερθέσεως
1236 811 1286 890 είς
1314 803 1444 884 ἐλπίδα

214 935 450 1034 οκαλλίστην
476 934 715 1032 ἆνωθουμένη.
751 932 876 1015 ἄλλως
903 967 943 1012 τε
970 935 1028 1011 καὶ
1052 931 1110 1011 διὰ
1131 931 1258 1011 τούτου
1280 926 1345 1028 τὴν
1368 933 1478 1014 τοῖς5

243 1065 386 1137 τεκοῦσι
418 1057 715 1161 χρεωστουμένην
747 1055 852 1156 τιμὴν
880 1054 1175 1163 ἀξιολογωτάτην
1207 1053 1444 1157 ὑπάρχουσαν

242 1180 444 1260 ἐπιδεικνύει
471 1180 644 1283 Χριστὸς,
674 1178 763 1283 ὅπερ
792 1181 891 1260 οὔπω
921 1179 1091 1282 πράττειν
1119 1180 1246 1281 ἤθελεν
1274 1181 1369 1256 αἰδοῖ
1396 1183 1442 1280 τῇ

237 1306 321 1406 Ιπερὶ
349 1305 485 1406 μητέρα
513 1302 800 1408 καταδεχόμενος.

212 1582 230 1643 5
292 1571 382 1645 λὲτει
409 1572 428 1637 ίι
456 1573 563 1661 μιίτιιρ
590 1572 689 1638 αὐτοϋ
713 1570 780 1637 τοῖο
808 1572 971 1639 διακόνοις
991 1572 1035 1637 Ὀ
1064 1597 1092 1637 τι
1117 1571 1176 1638 ὲὰν
1203 1572 1281 1660 λὲτη
1308 1564 1391 1649 ὑμῖν,

757 1700 928 1764 ποιιίσατε.
1463 1746 1501 1787 10

74 1770 135 1825 186
147 1768 188 1825 Δ.
211 1783 230 1824 ο

299 1865 456 1966 Πολλὴν
484 1866 620 1971 ἔχουσα
646 1867 712 1966 τὴν
737 1866 855 1971 ῥοπὴν
882 1875 930 1952 είς
957 1867 1000 1948 τὸ
1031 1869 1199 1971 γενέσθαι
1229 1866 1272 1947 τὸ
1303 1874 1439 1965 θαῦμα,

155 2044 162 2056 -
242 1993 419 2090 νενίκηκεν
451 1991 473 2089 ἡ
509 1988 601 2093 γυνὴ
637 1992 815 2071 πείθουσα
853 1990 911 2070 διὰ
942 1989 983 2071 τὸ
1016 1992 1154 2094 πρέπον
1186 1996 1233 2075 ὡς
1272 1990 1345 2072 υἱὸν
1377 1989 1444 2070 τὸν

242 2116 388 2219 Κύριον.
436 2114 583 2219 ἄρχεται
614 2111 651 2192 δὲ
679 2122 744 2194 τοῦ
770 2113 982 2218 πράγματος
1010 2115 1099 2215 αὐτὴ
1127 2115 1217 2218 πρὸς
1246 2117 1445 2217 ὑπουργίαν

239 2237 308 2339 ἤδη
340 2244 413 2317 τῶν
445 2237 611 2340 γενέσθω
642 2238 968 2338 προσταττομένων
998 2236 1081 2323 τοὺς
1114 2244 1178 2339 τῆς
1208 2239 1443 2343 πανηγύρεως

240 2359 417 2463 ὑπηρέτας
444 2358 711 2463 εύτρεπίῷυσα.
1463 2445 1500 2506 ¹5

210 2628 330 2703 7Λὲτει
353 2621 463 2693 αὐτοῖο
485 2625 641 2692 ὁἸιισοῦο
662 2624 816 2702 Γεμίσατε
838 2627 897 2693 τάο
921 2627 1033 2716 ὑδρίαι
1057 2628 1185 2694 ὕδατος.
1222 2627 1271 2694 καὶ
1291 2631 1444 2704 ὲτὲμισον

207 2716 229 2854 ξ
292 2755 357 2816 ἓωο
389 2752 470 2816 ἄνω.
519 2752 573 2816 καί
603 2754 689 2824 λὲτει
719 2747 829 2818 αὐτοῖο
857 2752 1056 2820 Ἀντλήσατε
1083 2760 1139 2820 νΰν
1167 2754 1220 2819 καί
1247 2755 1367 2843 φέρετε
1394 2756 1446 2838 τῷ

209 2899 228 2955 9
293 2876 530 2966 ἀρχιτρικλίνῳ,
559 2877 611 2942 καί
640 2878 789 2953 ιίνετκαν.
832 2880 878 2943 <bc
908 2878 944 2943 δὲ
971 2879 1127 2952 ἐτεύσατο
1155 2882 1173 2949 δ
1202 2879 1444 2968 ἀρχιτρίκλινοσ

293 3003 329 3070 τὸ
360 3003 448 3092 ὕδωρ
476 2996 565 3068 οἶνον
589 3004 811 3084 τετενιιμὲνον,
835 3003 887 3067 καί
915 3004 973 3068 οὐκ
1001 3004 1073 3095 ᾔδει
1097 3007 1196 3070 πόθεν
1218 3003 1314 3070 ἐστίν·
1346 3000 1378 3068 οἰ
1405 3003 1446 3069 δὲ

292 3129 439 3195 διάκονοι
463 3128 596 3217 ᾔδεισαν
620 3126 650 3193 οἰ
676 3129 874 3194 ιἰντλιικότεο
898 3128 936 3195 τὸ
961 3128 1062 3218 ὕδωρ·
1092 3125 1197 3216 φωνεῖ
1220 3130 1277 3196 τὸν
1301 3108 1446 3217 νυμφίον
1464 3151 1504 3192 το

292 3255 311 3319 ὁ
338 3253 574 3343 ἀρχιτρίκλινος
606 3254 658 3318 καί
686 3255 773 3326 λὲτει
804 3252 894 3338 αὐτῷ
921 3254 990 3318 Πᾶς
1017 3255 1192 3343 ἅνθρωποι
1223 3254 1356 3343 πρῶτον
1384 3277 1447 3319 τον

294 3379 394 3446 καλὸν
418 3372 505 3443 οἶνον
529 3378 642 3459 τίουσι,
667 3379 720 3442 καί
746 3382 801 3444 ὅτε
828 3379 1021 3460 μεθυσθῶσι,
1046 3381 1120 3447 τότε
1144 3381 1201 3448 τὸν
1223 3381 1365 3446 ἐλάσσω·
1402 3381 1446 3446 σὺ

292 3505 474 3592 τετιίριικαο
502 3502 555 3568 τὸν
579 3503 680 3568 καλὸν
703 3497 790 3568 οἶνον
814 3506 879 3569 ἕως
902 3505 986 3592 ἄρτι.

212 3722 230 3765 ⁰
300 3705 494 3802 Πληροῦσι
518 3695 584 3796 μὲν
602 3703 634 3778 οἱ
660 3704 901 3784 διακονοῦντες
926 3700 969 3780 τὸ
991 3701 1233 3805 προσταχθὲν,
1251 3699 1382 3808 άφάτιρ
1401 3700 1443 3780 δὲ

1115 3825 1125 3853 Ι
1175 3822 1186 3851 λ
1245 3820 1260 3854 λ
1336 3824 1347 3850 Ι

242 3822 387 3920 δυνάμει
405 3822 448 3901 τὸ
467 3825 560 3924 ὕδωρ
580 3829 628 3906 είς
647 3819 744 3902 οἶνον
761 3823 1046 3928 μετεσκευάζετο.
1086 3859 1121 3904 τι
1141 3858 1213 3926 γαρ
1237 3860 1282 3902 αν
1300 3858 1445 3925 γενοιτο
1461 3857 1501 3920 25

242 3943 404 4049 χαλεπὸν
427 3951 479 4053 τῷ
502 3944 621 4026 πάντα
649 3945 836 4051 ίσχύοντι;
873 3946 957 4028 ὁδὲ
980 3947 1027 4027 τὰ
1051 3950 1115 4028 οὐκ
1140 3947 1226 4028 ὅντα
1250 3955 1373 4028 καλῶν
1394 3955 1447 4034 εἰς

242 4069 395 4170 γένεσιν,
411 4077 490 4153 πῶς
509 4066 553 4147 ἂν
572 4069 677 4167 κάμοι
696 4067 743 4148 τὰ
759 4070 828 4170 ἤδη
844 4070 1061 4171 πεποιημένα
1079 4069 1365 4174 μεταῤῥυθμίζων
1383 4071 1445 4178 ἐφ’

277 4310 302 4365 7.
321 4300 393 4350 οὔπα
407 4295 437 4350 Β.
450 4297 481 4351 οὔ
494 4295 545 4351 Ed.
762 4313 804 4352 10.
820 4296 960 4387 mejam]
975 4299 1091 4354 Versum
1104 4317 1144 4371 aq.
1158 4299 1232 4355 addit
1246 4301 1295 4356 Ed.
1309 4301 1395 4356 invito
1410 4302 1447 4360 Β.

245 4381 286 4435 13.
304 4367 368 4434 αὕτη
382 4366 414 4420 B.
428 4365 490 4448 αᾷτη
506 4367 555 4420 Ed.
603 4436 615 4455 n
725 4367 764 4449 ¹⁶:
784 4368 850 4448 ,9⁰⁸⁸
861 4368 962 4450 υδατος,
976 4370 1017 4450 καὶ
1028 4371 1060 4424 τδ
1072 4370 1140 4439 ἕξῆτ,
1154 4373 1255 4443 reliqua
1267 4371 1394 4426 omittens
1410 4373 1445 4430 Β.

243 4449 287 4491 22.
305 4436 348 4490 ὅτι
361 4437 934 4577 ᾞἨίχκόαρτὲἓχριρζέχηὶὲᾶαοποκιι
948 4441 1049 4511 Mtgne.
1181 4458 1224 4513 25.
1240 4444 1446 4512 μετεσκευάζετσ
