3038 5018
225 275 289 337 588
529 272 568 337 B.
593 271 801 337 CYRILLI
831 270 1120 337 ALEXANDR.
1335 260 1430 327 vii.8.

1061 432 1073 461 λ

227 436 342 544 θέξων
363 438 503 522 ἐκείνοις
527 442 591 538 τῆς
615 440 653 517 ἐν
679 445 797 522 σκιαῖς
821 436 998 534 εὐθυμίας.
1037 469 1080 515 το
1104 431 1178 537 γάρ
1202 430 1315 538 ἅπαξ
1335 435 1429 533 εἰρη-

225 562 344 661 μένον,
373 565 421 646 ῶς
447 560 539 667 πρὸς
566 564 727 663 ὀλίγους,
756 563 870 641 καίτοι
898 559 1133 660 νομισθέντας
1161 553 1362 663 ἀδελφούς,
1387 558 1433 638 εἷς

227 685 316 765 ὅλον
335 685 480 786 δυνάμει
504 689 745 790 διαδραμεῖται
769 684 812 765 τὸ
837 685 940 787 γένος
966 681 1008 765 τῦ
1032 684 1077 792 ἐξ
1091 681 1262 786 Ἰσραήλ.
1301 682 1346 759 οῦ
1364 677 1432 781 γάρ

226 808 271 910 δή
296 844 349 895 τις
375 813 449 913 ἐρεῖ
472 809 515 891 τὸ
541 817 700 893 συνεῖναι
725 817 798 893 τοῖς
822 813 995 917 ἀδελφοῖς
1020 810 1062 888 δι’
1082 805 1212 891 αύτούς
1237 839 1283 907 γε
1305 803 1433 906 κυρίως

225 941 479 1038 παραιτεῖσθαι
503 932 568 1015 τὸν
583 937 739 1034 Ἰησοῦν,
759 936 808 1018 ῶς
832 932 871 1014 δὲ
896 937 955 1013 καὶ
979 932 1101 1014 σννῶν
1119 934 1158 1012 ἐν
1175 937 1223 1036 τῇ
1248 928 1461 1035 Γαλιλαίαε

227 1058 405 1164 φαίνεται·
436 1061 679 1160 ύποτοπητέον
696 1057 745 1156 δὲ,
765 1057 820 1139 ὅτι
846 1061 904 1138 καὶ
929 1059 994 1139 οῦκ
1018 1056 1090 1138 ἀπὸ
1114 1063 1261 1137 σκοποῦ
1285 1052 1349 1133 διὰ
1371 1051 1435 1153 την

227 1191 291 1264 τοῦ
322 1183 444 1286 γένους
473 1191 538 1264 τοῦ
570 1182 663 1264 κατὰ
696 1181 817 1285 σάρκα
849 1181 950 1287 παρὰ
981 1187 1136 1264 πολλοῖς
1169 1180 1349 1261 ὑπόνοιαν
1379 1179 1435 1257 καὶ

227 1306 393 1405 ὁμέστιος
431 1296 486 1409 ἧν.
537 1306 722 1411 πρόδηλον
754 1307 832 1404 οῦν,
868 1305 924 1386 ὅτι
956 1304 1116 1408 καθάπερ
1147 1307 1186 1383 έν
1216 1303 1328 1411 τύπῳ
1363 1309 1435 1385 τοῖς

193 1431 401 1538 ᾶάδελφοῖς
438 1432 527 1531 ὅλης
564 1436 628 1531 τῆς
665 1430 847 1511 Ἰουδαίων
882 1429 1048 1532 πληθύος
1084 1427 1364 1536 είσφερομένης,
1395 1424 1435 1506 τῦ

227 1553 473 1660 συνεορτάζειν
495 1557 615 1639 αὐτοῖς
640 1555 839 1661 ἀποφεύγει
863 1553 1036 1657 Χριστὸς,
1055 1553 1147 1634 κατὰ
1174 1552 1217 1633 τὸ
1248 1551 1436 1656 εἰρημένον
1450 1579 1478 1622 10

228 1681 270 1759 δι’
300 1677 378 1763 ἑνὸς
405 1685 479 1758 τῶν
506 1681 621 1781 ἀγίων
649 1685 850 1787 προφητῶν
879 1689 901 1726 “
917 1679 1127 1779 Μεμίσηκα,
1155 1680 1341 1775 ἀπῶσμαι
1375 1674 1437 1760 τάς

228 1813 249 1851 “
268 1801 393 1904 ἑορτὰς
420 1805 529 1903 ὑμῶν,
554 1807 613 1884 καὶ
640 1805 683 1884 ού
709 1801 760 1903 μὴ
789 1793 990 1911 ἀσφρανθῶ
1017 1805 1055 1882 ε’ν
1080 1808 1156 1885 ταῖς
1181 1799 1438 1903 πανηγύρεσιν

227 1937 249 1975 “
268 1929 378 2026 ῦμῶν·
429 1926 519 2008 διότι
556 1931 615 2008 καὶ
652 1927 714 2006 ε’ἀν
751 1926 918 2029 ἐνέγκητέ
949 1960 1011 2027 μοι
1048 1924 1344 2022 ὁλοκαυτώματα
1383 1927 1440 2003 καὶ

228 2062 250 2098 “
267 2054 407 2149 θυσίας,
439 2052 482 2132 ού
509 2051 758 2159 προσδέξομαι
791 2051 892 2149 αύτά,
922 2054 980 2132 καὶ
1014 2049 1193 2155 σωτηρίου
1222 2049 1440 2157 ἐπιφανείας

228 2186 250 2223 “
268 2178 367 2276 ὑμῶν
385 2177 449 2257 οῦκ
473 2177 734 2282 ἐπιβλέψομαι·
765 2173 998 2276 μετάστησον
1021 2175 1082 2256 ἀπ’
1101 2178 1188 2273 ἐμοῦ
1212 2172 1310 2278 ἦχον
1335 2173 1441 2282 ᾠδῶν
1454 2200 1478 2261 ῐε

58 2295 182 2359 Βαρταίτ.
228 2309 250 2348 ει
416 2303 425 2326 ⁸
563 2299 574 2324 “
629 2302 638 2328 ’
702 2297 714 2324 ’
922 2301 931 2326 ’
987 2301 996 2326 ⁸
1054 2297 1064 2325 '
1181 2298 1211 2340 ·‘’
1244 2307 1267 2343 ιι
1372 2305 1390 2323 ‘⁴

60 2375 100 2422 24·
269 2335 351 2398 σου,
370 2335 429 2380 και
447 2307 602 2407 ψαλμον
621 2334 785 2403 οργαυων
803 2334 874 2381 σου
893 2334 957 2379 ουκ
975 2332 1176 2398 ακουσομαι
1282 2303 1442 2396 Πνευμα

58 1675 139 1727 Amos
150 1693 174 1726 v.

60 1756 149 1806 21-23.

197 2435 250 2489 0“
269 2422 340 2527 γάρ
369 2426 389 2503 ὃ
416 2422 520 2522 θεὸς,
545 2427 604 2503 καὶ
632 2420 715 2508 τοῦς
742 2432 1035 2526 προσκυνοῦντας
1062 2421 1171 2503 αὑτὸν
1193 2425 1232 2501 ἐν
1256 2421 1442 2523 πνεύματι

228 2561 249 2596 “
269 2552 327 2628 καὶ
345 2549 500 2654 ἀληθείᾳ
518 2552 573 2628 δεῖ
587 2548 834 2650 προσκυνεῖυ,”
857 2546 948 2627 κατὰ
967 2543 1033 2645 την
1050 2547 1159 2626 αῦτοῦ
1176 2552 1244 2625 τοῦ
1263 2550 1441 2648 Σωτῆρος

227 2670 366 2778 φωνήν.
403 2669 575 2776 ὑπάρχων
591 2669 629 2751 δέ
646 2679 798 2772 πνεῦμα,
816 2678 1068 2770 πνευματικαῖς
1087 2667 1131 2750 ἀν
1151 2667 1297 2754 εἰκότως
1318 2678 1441 2769 τιμαῖς

228 2798 286 2875 καὶ
310 2795 548 2899 δωροφορίαις
570 2794 748 2903 ε’φήδοιτο,
767 2793 817 2873 ῶν
836 2799 894 2874 καὶ
912 2801 960 2878 είς
977 2794 1091 2875 τύπον
1110 2790 1168 2872 διά
1192 2797 1258 2892 τῆς
1285 2799 1440 2894 νομικῆς
1453 2826 1478 2865 ²<

227 2921 376 3020 ἐντολῆς
404 2920 598 3014 βουθυσίαι
626 2953 665 2999 τε
694 2923 752 2999 καὶ
779 2921 1046 3027 μηλοσφαγίαι,
1070 2920 1130 2998 καὶ
1157 2916 1317 3012 λιβάνου
1347 2918 1442 3023 πρὸς

228 3041 377 3142 τούτοις,
406 3041 630 3143 σεμιδάλεῶς
662 3076 700 3124 τε
733 3046 792 3123 καὶ
822 3042 918 3122 οἴνου
949 3045 1007 3122 καὶ
1036 3043 1159 3122 ἐλαίου
1187 3045 1442 3145 προσκομιδαὶ

229 3168 453 3270 τεταγμένως
481 3169 651 3270 ἐγίνοντο,
678 3164 721 3248 τῦ
748 3165 933 3250 πολυειδὲς
963 3171 1027 3267 τῆς
1056 3168 1183 3268 ἀρετῆς
1211 3171 1287 3245 τῶν
1316 3201 1442 3268 προσ-

230 3291 430 3371 κυνούντων
457 3294 495 3370 ἐν
519 3291 695 3391 πνεύματι
723 3291 766 3369 δι’
791 3289 1067 3398 ἐμφανεστέραν
1091 3288 1293 3395 σχημάτων
1322 3325 1440 3372 κατα·

229 3413 442 3515 μηνύονσαι.
471 3419 566 3520 ὑμεῖς
588 3423 788 3518 τοιγαροῦν,
809 3419 934 3520 φησὶν,
954 3419 987 3494 οἱ
1009 3413 1076 3513 τὴν
1094 3414 1203 3494 σκίαν
1219 3416 1442 3516 ἀγαπῶντες
1456 3449 1478 3505 η

230 3538 292 3636 έτι,
320 3535 522 3641 παχύτερόν
549 3573 588 3617 τε
617 3543 675 3618 καὶ
702 3540 903 3623 Ἰουδαϊκῶς
930 3539 1141 3637 διακείμενοι
1167 3540 1248 3640 περὶ
1278 3538 1439 3638 τούτων,

62 3688 131 3744 402
141 3686 182 3742 A.
201 3659 380 3757 ιάνάβητε
404 3659 496 3764 πρὸς
520 3661 586 3762 τὴν
607 3664 646 3743 ε’ν
667 3669 785 3746 σκιαῖς
812 3665 870 3742 καὶ
895 3663 1019 3745 τύποις
1043 3660 1255 3764 παιαῖγνριν·
1292 3663 1379 3760 ἐμοὶ
1404 3662 1443 3743 δέ

231 3787 299 3890 ούχ
324 3787 435 3870 οὕτως
459 3784 634 3889 ἑορτάζειν
653 3786 731 3885 ἡδύ·
764 3784 855 3888 πρὸς
872 3786 993 3879 ταύτην
1011 3787 1075 3865 οῦκ
1099 3786 1214 3884 ἄνειμι
1240 3782 1294 3877 τῖιν
1314 3785 1440 3890 ἔορτῖιν,

230 3908 297 4010 τὴν
324 3913 361 3989 ἐν
389 3908 490 4019 τύπιρ
519 3910 686 4010 δηλονότι
714 3913 772 3990 καὶ
799 3907 972 4016 σχήματι·
1008 3909 1079 4015 έχω
1107 3908 1178 4013 γὰρ
1205 3911 1244 3988 ε’ν
1271 3909 1370 4016 αὐτῇ
1398 3908 1442 3991 τῦ

268 4228 293 4274 4.
313 4206 425 4263 συνιέναι
440 4206 472 4261 Β.
524 4206 618 4264 αύτούς
630 4205 674 4279 γε]
688 4207 767 4261 αὐτοῦ
779 4208 809 4262 τό
821 4229 852 4279 γε
868 4206 899 4262 Β.
1114 4220 1140 4274 5.
1160 4206 1193 4262 ῶς
1205 4204 1232 4259 δὲ
1246 4203 1281 4259 Β.
1294 4204 1440 4278 ὅςγεΕά.

232 4322 258 4428 ᾗ.
277 4294 401 4359 Ἰουδαίάί
417 4304 447 4357 B.
497 4303 592 4357 Statim
605 4303 721 4371 πληθύος
732 4312 902 4392 assumpth
915 4320 947 4356 ex
962 4302 995 4356 B.
1125 4319 1167 4370 14.
1186 4300 1279 4356 θυσίας
1293 4300 1329 4391 13.
1343 4303 1442 4392 θνρίιρν

257 4374 283 4428 d.
298 4374 459 4444 (Complut.)
544 4374 585 4428 16.
605 4375 713 4445 ψαλμὸν
728 4375 760 4430 Β.
773 4375 888 4445 ψαλμῶν
901 4373 951 4428 Ed.
966 4372 1035 4443 (26.)
1118 4388 1162 4428 20.
1179 4373 1360 4441 δωροφοριαις
1373 4380 1440 4444 εφη-

232 4442 316 4514 δοιτο]
331 4445 500 4515 δορυφορίαις
512 4445 637 4533 ίφψλοιτο
652 4445 684 4499 Β.
785 4462 828 4500 21.
847 4444 986 4510 βουθυσίαν
998 4467 1026 4499 τε
1039 4445 1080 4498 καὶ
1091 4444 1275 4517 μηλοσφαγίαγ
1290 4442 1325 4497 Β.
1338 4446 1441 4510 βουθυ·

232 4517 291 4571 σίας
304 4539 331 4569 τε
345 4518 385 4569 καὶ
397 4517 584 4586 μηλοσφαγιας
597 4515 648 4572 Ed.
