3038 5018
74 308 118 373 vi.
131 321 185 392 51.
252 305 310 371 IN
340 307 652 373 S.JOANNEM.
698 307 879 374 LIB.IV.
924 309 1027 375 CAP.
1051 309 1099 375 11.
1214 313 1275 376 521

76 470 232 554 θανάτου
262 473 472 576 πικρότερον
503 472 546 555 τδ
579 478 777 575 ἀναστῆναι
813 473 905 578 πρὸς
937 476 1101 574 κόλασιν,
1135 479 1192 556 καί
1227 482 1275 560 εἰς

76 597 189 695 μόνας
222 599 334 682 αἰκίας
363 597 406 677 τὸ
436 601 631 692 ἀναβιῶναι
662 607 798 696 λαβεῖν.
847 601 1058 702 κυριώτερον
1087 608 1276 702 τοιγαροῦν

78 717 171 825 ζωὴν
198 720 309 806 ὅντως
336 721 402 822 τὴν
429 725 467 801 ἐν
495 728 648 831 Χριστῷ
675 724 829 825 νοητίον,
858 723 925 824 τὴν
951 728 989 805 ἐν
1017 727 1188 830 ἁγιασμῷ
1218 726 1305 803 καίο
1329 746 1394 801 355
1406 744 1445 799 A.

78 844 311 946 μακαριότητι
339 849 397 925 καί
425 846 637 955 ἀδιαπτῶτιρ
664 852 709 952 τῇ
739 849 904 954 θυμηδίᾳ·
946 849 1020 928 ἐπεὶ
1053 851 1111 928 καί
1143 844 1277 945 ταότην

46 970 225 1068 5ἀληθῶς
250 969 365 1049 οὖσαν
388 968 453 1070 τὴν
472 967 563 1072 ζωὴν
585 971 816 1077 ἐξεπίσταται
842 974 900 1050 καί
926 974 946 1051 ό
973 970 1091 1076 σοφὸς
1110 968 1277 1070 Ἰωάννης

80 1090 200 1194 λε’γων
218 1103 240 1139 “
254 1094 302 1173 ‘O
326 1093 507 1175 πιστεύων
528 1099 577 1179 εἰς
605 1094 668 1174 τδν
685 1092 776 1174 Υῖδν
800 1094 872 1200 ἔχει
900 1093 992 1198 ζωὴν
1016 1094 1167 1192 αἰώνων,
1191 1096 1210 1174 ὁ
1240 1094 1278 1173 δὲ
1322 1093 1412 1220 {Q}

79 1226 102 1261 ‘⁶
120 1217 277 1296 ἀπειθῶν
293 1222 344 1325 τῷ
362 1224 440 1325 Υίιγῖ
466 1219 530 1298 οὐκ
556 1218 685 1325 ὄψεται
710 1217 813 1323 ζωὴν,
831 1221 916 1298 ἀλλ’
936 1220 959 1318 ἡ
984 1217 1075 1322 ὀργὴ
1099 1225 1163 1298 τοῦ
1183 1225 1279 1299 Θεοῦ

80 1351 101 1388 “
119 1349 218 1439 μενεῖ
235 1343 289 1422 ἐπ’
309 1341 453 1423 αότόν.”
494 1341 569 1423 ἰδοδ
587 1341 659 1446 γάρ
677 1342 752 1423 ἰδοὺ
769 1342 833 1424 τὸν
851 1345 889 1423 ε’ν
907 1343 1065 1450 ἀπειθείᾳ
1087 1355 1280 1440 κατειλημ-

79 1463 186 1563 μένον
204 1464 270 1564 τὴν
289 1464 381 1570 ζωὴν
400 1469 464 1546 οὐκ
483 1466 646 1573 ὄψεσθαί
664 1475 771 1572 φησι·
804 1468 917 1548 καίτοι
934 1467 1070 1552 παντὸς
1087 1476 1151 1547 τοῦ
1169 1463 1276 1567 ποιή·

27 1622 67 1663 ιο
80 1623 192 1686 ματος
217 1591 525 1692 παλινδρομήσειν
543 1597 591 1676 εἰς
615 1590 706 1694 ζωὴν
730 1595 787 1672 καί
813 1592 1089 1692 ἀναστήσεσθαι
1112 1594 1276 1695 προσδο-

80 1713 251 1810 κωμένου.
290 1712 476 1816 πρόδηλον
494 1715 569 1805 οὖν,
590 1714 645 1795 ότι
669 1714 735 1815 τὴν
754 1723 827 1801 τοῖς
846 1718 959 1816 ἁγίοις
977 1713 1275 1817 ηὐτρεπισμίνην,
1291 1731 1312 1794 b

81 1834 147 1935 τὴν
165 1839 203 1915 ἐν
221 1836 310 1943 δόξῃ
332 1841 426 1942 φημὶ
444 1841 501 1918 καί
523 1841 560 1917 ε’ν
579 1841 761 1945 ἁγιασμῷ,
780 1838 872 1943 ζωὴν
890 1839 1032 1924 εἰκότως
1056 1837 1281 1919 ἀπεκάλεσεν

82 1961 102 2039 ὁ
130 1960 267 2064 Σωτὴρ,
287 1958 332 2059 ἣν
350 1960 405 2041 ότι
431 1961 568 2042 διώκειν
590 1961 709 2061 δεήσει
733 1962 824 2063 πρὸς
848 1961 1056 2069 μετάληψιν
1076 1960 1193 2047 ἰόντας
1217 1966 1281 2061 τῆς

82 2084 325 2189 ζωοποιοόσης
342 2083 492 2188 σαρκὸς,
513 2087 627 2165 οὐδενὶ
644 2091 716 2165 τῶν
735 2086 773 2165 εὖ
792 2085 1022 2193 φρονούντων
1040 2088 1263 2191 ἀμφίβολον.

29 2236 68 2295 15
139 2208 286 2310 Ἐπειδὴ
323 2208 361 2290 δί
398 2209 457 2290 διά
493 2215 645 2290 πολλῶν
679 2209 749 2310 ἤδη
788 2215 860 2289 τῶν
900 2207 1136 2311 προκειμένων
1173 2208 1282 2311 άρτον

82 2330 207 2412 ἑαυτὸν
241 2330 467 2414 ἀπεκάλεσεν
499 2335 518 2411 ὁ
553 2330 692 2434 Σωτὴρ,
720 2332 849 2432 ἴδωμεν
877 2332 1001 2429 πάλιν,
1030 2339 1059 2412 εἰ
1090 2331 1176 2432 μήτι
1209 2337 1283 2411 τῶν

82 2456 455 2558 προκατηγγελμένων
482 2463 530 2541 εἰς
558 2465 641 2536 νοῦν
670 2456 915 2564 ἀναφέρεσθαι
942 2454 1006 2536 τόν
1028 2457 1199 2557 ἡμέτερον
1224 2460 1283 2536 καί

83 2579 141 2660 διά
166 2583 293 2661 τούτου
317 2580 498 2678 βούλεται,
518 2584 576 2661 καὶ
600 2588 672 2661 τῶν
691 2584 729 2661 ε’ν
747 2589 820 2666 τοῖς
843 2586 947 2683 ἱεροῖς
964 2581 1131 2679 κειμένων
1150 2583 1281 2678 ἀναμι·

82 2703 234 2803 μνήσκει
252 2704 483 2808 γραμμάτων,
502 2709 539 2784 ε’ν
558 2703 609 2789 οἰς
634 2709 682 2790 ῶς
707 2707 745 2784 ε’ν
763 2703 873 2806 ἀρτον
895 2704 1057 2810 σχήματι
1083 2706 1141 2783 καί
1166 2700 1283 2786 πάλαι

29 2866 70 2908 οο
84 2829 372 2928 κατεσημαίνετο.
432 2829 631 2932 γε’γρσπται
664 2829 782 2908 τοίνυν
809 2831 847 2908 ε’ν
874 2837 948 2913 τοῖς
976 2832 1138 2932 ἀριθμοῖς
1167 2838 1189 2876 “
1210 2830 1426 2959 Καὶρξίνῗᾞγ

84 2963 106 2999 “
123 2950 284 3052 ε’λάλησε
304 2951 436 3054 Κύριος
458 2952 548 3054 πρὸς
569 2957 736 3051 Μωυσῆν
754 2952 873 3055 λε’γων
892 2951 1069 3053 Λάλησον
1093 2959 1167 3036 τοῖς
1196 2957 1281 3036 υἱοῖς
1328 2976 1366 3010 ²¹·

83 3087 105 3123 ‘⁶
123 3074 278 3178 Ἰσραὴλ
298 3078 356 3155 καὶ
375 3078 461 3179 ε’ρεῖς
479 3072 570 3178 πρός
593 3074 721 3160 αὐτούς
740 3077 806 3155 Ἐν
824 3082 876 3183 τῶ
897 3073 1172 3175 εἰσπορεύεσθαι
1191 3077 1282 3172 ὑμᾶς

84 3210 105 3249 “
124 3207 172 3285 εἰς
198 3199 263 3301 τὴν
282 3204 352 3303 γῆν
373 3205 421 3285 εἰς
445 3198 491 3299 ἣν
514 3197 584 3299 ε’γῶ
609 3200 744 3301 εἰσάγω
771 3202 859 3297 ὑμᾶς
885 3201 963 3295 ε’κεῖ,
984 3203 1040 3277 καί
1067 3197 1170 3277 ἔσται
1196 3196 1283 3278 όταν

83 3335 105 3372 “
123 3322 253 3425 ἔσθητε
280 3327 376 3423 ὑμεῖς
401 3322 473 3405 ἀπὸ
498 3330 570 3402 τῶν
589 3322 706 3425 ἀρτων
725 3327 788 3421 τῆς
813 3326 890 3423 γῆς,
909 3325 1074 3429 ἀφελεῖτε
1100 3323 1284 3426 ἀφαίρεμα

30 3478 70 3539 25
84 3459 105 3496 “
122 3448 313 3553 ἀφόρισμα
325 3450 458 3556 Κυρίῳ·
471 3445 638 3550 ἀπαρχὴν
649 3445 859 3550 φυράματος
871 3448 969 3544 ὑμῶν
981 3445 1090 3547 ἀρτον
1101 3446 1283 3550 ἀφαίρεμα

83 3583 105 3619 “
123 3575 302 3680 ἀφοριεῖτε
321 3570 419 3669 αὐτὸ,
438 3575 486 3656 ῶς
504 3572 685 3679 ἀφαίρεμα
703 3568 776 3650 ἀπὸ
798 3567 950 3667 ἅλωνος,
968 3572 1079 3654 οὕτως
1103 3573 1282 3674 ἀφοριεῖτε

84 3705 105 3741 “
124 3695 242 3793 αὐτὸν,
268 3694 436 3802 ἀπαρχὴν
461 3693 672 3800 φυράματος
700 3695 809 3791 ὑμῶν,
833 3698 891 3774 καὶ
919 3693 1053 3774 δῶσετε
1081 3699 1133 3801 τῷ
1160 3693 1283 3800 Κυρίῳ

85 3828 106 3866 “
125 3820 305 3926 ἀφαίρεμα
324 3825 372 3904 εἰς
390 3819 454 3903 τάς
474 3817 595 3922 γενεάς
615 3818 745 3915 ὑμῶν.”
775 3822 1042 3920 αἰνιγματωδῶς
1059 3816 1124 3913 μὲν
1143 3817 1205 3895 οὖν
1224 3818 1315 3901 καὶᾶ

83 3949 234 4048 παχεῖαν
250 3939 375 4047 ῶσπερ
399 3941 465 4043 τὴν
484 3940 557 4023 ἀπὸ
582 3949 645 4021 τοῦ
670 3940 881 4046 γράμματος
905 3941 1128 4043 περιστολὴν
1150 3939 1242 4044 ἔχων
1261 3942 1282 4019 ό

120 4217 147 4264 4.
165 4201 378 4269 τῇαοευῐυρῐυω
392 4215 423 4252 ex
439 4198 471 4252 Β.
543 4213 569 4269 5.
587 4198 633 4266 τὴν
644 4215 699 4252 om·
713 4196 783 4251 catt.
832 4197 968 4251 ε’πίσταται
982 4194 1054 4250 catt.
1128 4207 1152 4265 7.
1171 4191 1267 4264 ὄψεται

89 4273 177 4336 ψτὴν
191 4269 241 4323 Ed.
254 4269 343 4323 invitis
359 4269 390 4323 Β.
405 4268 486 4323 Cord.
580 4287 606 4359 η.
625 4269 719 4324 παντὸς
731 4272 777 4321 τοῦ
790 4267 840 4320 hoc
853 4266 947 4321 ordine
963 4266 994 4320 Β.
1008 4266 1079 4319 Catt.
1173 4281 1213 4319 ιο.
1232 4264 1267 4320 εἰς

84 4341 148 4408 πρὸς
161 4340 232 4393 Catt.
316 4355 357 4393 12.
376 4340 481 4410 ἔνδοξον
496 4340 526 4393 Β.
575 4361 602 4393 εν
614 4340 659 4393 alt.
672 4348 841 4407 assumptum
855 4356 886 4391 ex
902 4338 932 4391 B.
1018 4337 1059 4390 16.
1078 4337 1233 4389 ἑαυτὸνοοι.
1249 4336 1280 4390 Β.

86 4426 128 4464 20.
147 4407 245 4480 τοίνυν]
263 4416 291 4473 ÷
308 4410 342 4466 ὣς
356 4409 388 4465 Β.
497 4427 539 4466 22.
559 4406 819 4479 imopcfiwomssic)
835 4408 868 4462 Β.
986 4423 1028 4476 23.
1047 4406 1090 4459 ὅτε
1106 4406 1135 4459 Β.
1186 4405 1283 4459 Statim

85 4480 190 4605 ξριθημη(
192 4479 224 4618 13
225 4480 340 4606 ἑῖθίητᾶ
354 4481 404 4536 Ed.
418 4483 463 4551 (44
477 4483 523 4551 ul.)
630 4496 674 4547 24.
692 4479 826 4551 ἀφοριεῖτε
840 4478 872 4533 Β.
972 4476 1015 4531 26,
1034 4478 1132 4534 ἀλωνος
1147 4477 1179 4530 Β.
1194 4476 1283 4547 (Alex.

144 4592 150 4605 .
193 4591 199 4604 .
261 4574 281 4606 ω
338 4592 345 4605 .

128 4652 199 4698 νος..
216 4653 239 4698 1.
681 4652 702 4719 η
718 4652 739 4695 x
