3038 5018
239 291 304 353 710
543 288 582 352 B.
605 287 811 352 CYRILLI
841 284 1130 351 ALEXANDR.
1326 278 1384 342 vii.
1397 296 1447 361 52.

240 452 306 549 μίν
324 452 395 557 γὰρ
413 461 477 532 τοιῖ
497 457 663 555 Σωτῆρος
682 453 782 553 ἡμῶν
800 457 977 554 Χριστοῦ,
996 453 1055 530 καὶ
1074 446 1267 551 διαῤῥήδην
1286 443 1448 526 εἰπόντος

74 579 162 706 ξξῐζξ
241 587 263 625 “
276 575 364 656 Ὀτι
382 577 614 677 καταβέβηκα
633 580 671 656 ἐκ
690 585 754 656 τοῦ
774 577 924 680 ούρανοῦ
942 577 1008 680 οὐχ
1029 575 1088 654 ἵνα
1113 578 1206 653 ποιῶ
1232 569 1277 649 τὸ
1304 568 1448 666 θέλημα

240 711 262 748 “
281 700 323 781 τὸ
347 699 433 799 ε’μῖιν
456 701 556 780 ἀλλὰ
581 699 623 780 τὸ
646 699 789 799 θέλημα
813 708 878 779 τοῦ
902 697 1114 805 πέμψαντός
1139 697 1219 795 με,”
1240 692 1359 796 πικρὰ
1384 690 1448 792 μὲν

240 825 321 905 τότε
340 826 593 929 διελογίζεσθε,
614 825 728 924 θυμὸν
748 824 785 904 δὲ
810 825 947 908 τούτοις
970 825 1011 903 ού
1036 824 1179 924 με’τριον
1198 820 1444 911 ἐπωδίνοντες,

74 975 169 1041 1ο.μ.
241 949 380 1051 ἐλέγετε
398 949 512 1030 πάλιν
531 961 553 997 “
567 953 651 1054 Ούχ
678 947 780 1031 οὗτός
805 951 905 1028 ε’στιν
922 949 1065 1048 Ἰησοῦς
1091 950 1111 1026 ὁ
1138 944 1210 1029 υίὸς
1228 941 1388 1046 Ἰωσὴφ,
1407 941 1473 1025 οὗ5

74 1059 193 1154 484Δ.
214 1084 264 1151 ο“
282 1074 380 1173 ἡμεῖς
400 1074 544 1173 οἴδαμεν
562 1072 626 1153 τὸν
642 1073 780 1175 πατέρα
806 1076 865 1152 καῖ
889 1069 954 1172 τὴν
972 1072 1108 1174 μητέρα
1119 1102 1130 1167 ;
1161 1075 1239 1153 πῶς
1266 1076 1331 1147 νῦν
1352 1067 1446 1168 λε’γει

243 1210 265 1247 “
282 1198 336 1278 ὅτι
362 1200 401 1277 ἐκ
424 1207 488 1278 τοῦ
514 1199 666 1300 ούρανοῦ
685 1195 917 1295 καταβέβηκα
930 1197 960 1289 ;”
991 1195 1049 1275 ὅτε
1067 1195 1186 1274 τοίνυν
1205 1189 1445 1292 ὡμολόγηκας

242 1325 399 1424 ἐναργῶς
427 1321 552 1401 εῖδέναι
580 1327 711 1424 σαφῶς
739 1318 802 1398 τὸν
829 1320 966 1422 πατίρα
994 1323 1052 1398 καὶ
1081 1316 1146 1417 τὴν
1172 1317 1321 1418 μητέρα,
1352 1312 1445 1418 ᾔδεις

242 1480 314 1527 που
331 1444 475 1528 πάντως
494 1452 622 1524 τοῦτον
640 1443 711 1523 ἀπὸ
729 1441 825 1545 ῥίζης
843 1442 930 1522 ὅντα
948 1447 1012 1542 τῆς
1030 1443 1073 1548 ἐξ
1089 1440 1256 1543 Ἰσραήλ·
1285 1445 1366 1523 πῶς
1384 1439 1445 1515 οὖν

245 1574 444 1650 Γαλιλαῖον
462 1566 550 1647 εἶναι
569 1565 643 1674 φῂς
661 1566 725 1647 τόν
740 1567 783 1673 ἐξ
800 1566 1005 1663 Ἰονδαίων;
1036 1573 1113 1649 πῶς
1132 1561 1338 1665 ἀλλογενὴς
1362 1565 1383 1641 ό
1405 1559 1448 1664 ἐξ
1459 1593 1488 1633 ιο

242 1691 421 1795 Ἰσραήλ;
451 1690 583 1793 οὐγὰρ
608 1691 653 1790 δὴ
678 1688 721 1770 τὸ
743 1694 781 1770 ἐν
799 1696 844 1795 τῇ
864 1692 1044 1797 Γαλιλαίᾳ
1062 1687 1300 1792 ε’ντεθρύφθαι
1326 1686 1442 1792 χιύρηι,

244 1819 302 1896 καὶ
327 1814 477 1921 χρόνους
504 1816 775 1914 ε’νδεδιητῆσθαί
795 1848 903 1912 τινας,
922 1823 1027 1894 τοῦτο
1055 1810 1098 1911 δὴ
1126 1812 1269 1894 πάντως
1298 1816 1359 1889 καὶ
1383 1817 1445 1888 τοῦ

243 1939 366 2043 γε’νους
393 1939 561 2046 ἐξίστησι
588 1942 647 2018 καὶ
675 1936 740 2017 τὸν
762 1938 806 2045 ἐξ
827 1936 992 2040 Ἰσραὴλ,
1011 1940 1086 2018 ἐπεὶ
1111 1935 1152 2017 τό
1178 1934 1322 2016 κωλύον
1345 1932 1446 2014 ούδέν

244 2065 417 2143 Ἰουδαῖον
446 2059 532 2143 εἶναι
564 2059 607 2142 τῖι
639 2061 742 2164 γε’νος
773 2061 837 2141 τὸν
866 2064 904 2143 ἐκ
933 2065 1139 2142 Γαλιλαίων
1167 2058 1388 2163 ὁρμώμενον,
1417 2064 1446 2135 εί

212 2181 419 2290 οπρὸςτὴν
434 2195 507 2266 τῶν
524 2188 707 2266 Ἰουδαίων
724 2187 890 2291 ἀφίκοιτο
909 2185 1042 2290 χώραν.
1082 2192 1212 2265 εἰκαῖον
1230 2183 1293 2262 οὖν
1313 2183 1387 2286 εἶρα
1405 2182 1446 2262 τὸ
1461 2214 1491 2273 15

245 2311 362 2413 λέγειν
379 2310 461 2395 τούς
478 2311 713 2417 οἱησίφρονας
732 2313 953 2413 Φαρισαίους
971 2312 1051 2414 περὶ
1070 2317 1134 2389 τοῦ
1154 2312 1323 2411 Σωτῆρος
1346 2307 1448 2406 ἡμῶν

245 2438 420 2535 Χριστοῦ,
456 2433 504 2513 ’ότι
542 2435 581 2514 ιἰι
616 2432 674 2526 τῖς
710 2443 911 2519 Γαλιλαίας
948 2437 1117 2540 προφήτης
1156 2438 1214 2512 οὐκ
1252 2433 1446 2536 ἐγήγερται.

245 2565 390 2656 μᾶλλον
409 2556 480 2660 γὰρ
499 2557 566 2637 ἔδει
585 2555 699 2659 ζητεῖν
716 2564 793 2641 πῶς
812 2556 856 2638 ἂν
870 2559 923 2657 είη
940 2563 1136 2640 Γαλιλαῖος
1154 2558 1173 2635 ὁ
1193 2554 1236 2662 ἐξ
1252 2557 1450 2650 Ἰουδαίων,

246 2684 338 2762 ούτω
363 2717 401 2762 τε
426 2680 555 2762 λοιπόν
573 2683 703 2761 ε’ννοεῖν
722 2679 788 2781 τὴν
811 2689 859 2766 εῖς
882 2681 1046 2786 Ναζαρὲτ
1072 2679 1290 2784 ἀνατροφὴν,
1311 2684 1373 2760 καὶ
1399 2679 1450 2777 μὴ

245 2804 304 2885 διὰ
322 2814 428 2886 τοῦτο
447 2815 511 2886 τοῦ
527 2805 708 2887 πιστεύειν
726 2808 941 2911 ἀποφοιτᾶν.
1464 2836 1496 2875 ²0

300 2928 556 3031 Ἐπιτηρητέον
574 2929 611 3008 δὲ
634 2926 747 3010 πόλιν
766 2932 814 3014 ὡς
836 2926 1033 3028 οὐδαμόθεν
1049 2928 1186 3035 ἔχοντες
1211 2927 1452 3027 ἐπισκήπτειν

246 3059 319 3136 τοῖς
337 3052 497 3150 θαύμασι
519 3059 593 3136 τοῖς
615 3055 698 3154 παρ’
718 3054 838 3151 αὑτοῦ,
858 3055 970 3132 καίτοι
987 3051 1077 3154 πρὸς
1095 3050 1295 3153 ἀκροτάτην
1314 3054 1447 3152 ἠκονη-

217 3177 346 3273 ομίνοι
363 3174 582 3276 δυσμένειαν,
601 3173 673 3257 ἀπὸ
691 3174 801 3275 μόνης
821 3175 1050 3278 ἀντιλέγουσι
1068 3180 1132 3274 τῆς
1154 3175 1285 3278 χώρας,
1305 3178 1451 3278 ε’πείπερ

246 3297 291 3398 ἧν
319 3301 358 3378 ἐκ
389 3303 453 3398 τῆς
485 3298 683 3384 Γαλιλαίας
716 3299 807 3380 κατὰ
837 3299 903 3400 τὴν
932 3302 1085 3378 ε’νοιῖσαν
1111 3300 1230 3382 αὐτοῖς
1263 3298 1450 3380 ὑπόνοιαν.

246 3422 443 3522 λελυμένης
471 3423 532 3502 οὖν
558 3423 629 3525 ἄρα
655 3427 718 3522 τῆς
745 3427 905 3504 ε’ντειῖθεν
930 3425 1048 3507 αύτοῖς
1077 3424 1245 3530 ὑποψίας,
1271 3423 1295 3522 ἦ
1324 3425 1453 3508 πίστις
1466 3452 1494 3514 25

247 3547 315 3648 ἤδη
334 3544 462 3626 λοιπόν
481 3548 544 3626 ούκ
563 3546 782 3651 ἀμφίβολος,
801 3548 898 3651 ε’ίπερ
916 3544 1013 3645 ἦσαν
1031 3548 1153 3653 σοφοί.

282 3753 308 3807 5.
327 3736 444 3864 (Nym)
463 3746 489 3802 ψ
505 3739 577 3809 ὑμεῖς
588 3739 693 3811 ε’λίγετε
705 3758 730 3794 a.
788 3739 891 3809 Ἰησοῦς
902 3750 1071 3812 assumptum
1083 3759 1115 3794 ex
1130 3741 1187 3795 B.a.
1346 3740 1373 3797 6.
1393 3739 1450 3813 νῦν]

247 3809 292 3865 οὗν
304 3828 337 3873 a„
350 3809 397 3863 sed
409 3829 424 3864 ο
435 3852 443 3866 .
455 3828 535 3880 supra
547 3811 599 3881 388
608 3828 631 3866 ο.
738 3824 763 3882 7.
782 3810 826 3865 ὅτε
840 3812 873 3865 Β.
886 3811 916 3866 οὗ
928 3830 943 3866 ο
956 3811 1014 3867 (λιι.
1027 3811 1099 3866 Aub.
1113 3821 1139 3865 et
1150 3812 1188 3864 ita
1199 3828 1223 3864 α.
1278 3811 1452 3884 ὡμολόγηκας

249 3881 307 3935 B.a.
319 3881 501 3952 ὡμολογηκατε
512 3881 585 3937 Aub.
745 3883 771 3936 8.
790 3882 902 3954 ε’ναργῶς
913 3882 1006 3937 είδίναι
1017 3883 1069 3937 hoc
1081 3881 1174 3936 ordine
1187 3881 1245 3936 Ba.
1296 3882 1399 3937 Statim
1412 3885 1452 3937 καί

248 3951 309 4005 add.
319 3950 392 4006 Aub.
401 3952 491 4008 invitis
501 3951 560 4006 B.a.
599 3948 670 4020 ᾔδεις
683 3951 740 4006 Βαι.
752 3950 837 4021 ᾔδειτε
850 3972 865 4008 ο
877 3953 936 4007 Cat.
945 3953 1016 4008 Aub.
1026 3953 1072 4025 qui
1084 3971 1113 4006 se
1124 3953 1151 4006 in
1164 3969 1257 4022 apogr.
1271 3950 1364 4020 εἶδηςΙ
1401 3955 1452 4008 ’τοο

247 4030 331 4076 notat.
440 4040 466 4093 9.
484 4026 602 4077 τοῦτονο
616 4023 674 4076 Cat.
687 4024 832 4092 assumpsit
846 4022 916 4078 Aub.
1016 4041 1058 4078 ιο.
1076 4023 1130 4093 φῂς
1143 4022 1201 4077 Ba.
1214 4023 1282 4093 φατὶ
1296 4023 1358 4077 Cat.
1404 4025 1450 4078 arl.

249 4092 321 4146 Aub.
471 4109 512 4146 11.
530 4092 709 4147 &amabas
724 4092 756 4146 Β.
772 4094 861 4148 Holst.
921 4092 1054 4161 δὴοοουια
1075 4103 1215 4147 tumexa.
1276 4092 1351 4147 ε’ντετ
1376 4097 1384 4114 ’
1410 4096 1451 4148 θαι

250 4162 309 4217 Bm.
324 4164 372 4217 Ht.
385 4162 527 4233 τετράφθαι
541 4162 591 4217 Ed.
739 4180 780 4217 12.
800 4163 993 4232 ε’νδεδιητῖγσθαί
1005 4183 1028 4218 a.
1066 4171 1102 4218 at.
1117 4164 1194 4218 Harl.
1207 4172 1234 4217 et
1246 4163 1284 4216 sic
1297 4181 1378 4218 emen
1399 4167 1451 4218 avit

250 4232 350 4303 Heyse.
362 4233 527 4304 ε’νδιητῆσθαι
541 4233 572 4287 Β.
586 4232 635 4287 Ht.
648 4231 823 4288 ἐνδιαιτᾶσθαι
835 4235 907 4289 Aub.
1011 4251 1052 4306 13.
1071 4235 1112 4288 καὶ
1124 4252 1177 4287 0111.
1191 4233 1256 4288 Nik.
1294 4233 1394 4288 Statim
1408 4238 1451 4289 τὸν

250 4302 309 4358 B.a.
322 4302 381 4357 Cat.
397 4304 473 4358 Harl.
488 4303 535 4356 Ht.
548 4306 594 4356 τοῦ
608 4302 678 4357 Aub.
691 4309 743 4358 τῶν
755 4304 861 4375 οοιῄίοἰι
875 4304 973 4376 Heyee.
1048 4321 1089 4371 14.
1102 4302 1239 4375 Ἰουδαῖον]
1255 4303 1452 4374 [egendumne

249 4377 403 4428 Γαλιλαῖονῖ
417 4375 563 4429 clausulam
576 4391 629 4427 om.
643 4373 708 4429 Nik.
745 4374 928 4445 εἰιγαλιλαίων
942 4376 974 4430 Β.
988 4375 1164 4466 ε’κγαλιλαίας
1178 4374 1226 4428 Ht.
1240 4373 1292 4428 Ed.
1360 4392 1403 4445 15.
1416 4376 1451 4429 εί·

249 4443 332 4516 καῖον]
341 4445 451 4532 μάταιον
463 4463 488 4499 a.
547 4459 587 4514 17.
606 4444 768 4525 ε’γείρεταιιι.
827 4463 867 4528 19.
887 4444 1451 4518 εἷςΝαζαρετΒ.1ι.Ηῒ.εἰιΝαζαρε“θΑ11δ.

249 4530 291 4570 ιο.
304 4537 396 4571 τουτου
409 4515 442 4571 B.
457 4515 506 4572 Ηι.
519 4513 695 4571 emendante
708 4515 767 4573 Cat.
781 4525 812 4572 ιιι
824 4517 878 4574 vld.
891 4517 963 4573 Aub.
1036 4516 1078 4573 τό.
1092 4517 1139 4586 ἤδη
1154 4514 1213 4572 Βα.
1225 4513 1299 4574 αὖθις
1313 4515 1364 4572 Ht.
1380 4516 1434 4572 Ed.
