3038 5018
238 277 306 340 τοι
543 276 581 339 Β.
605 274 815 340 cmm
843 273 1136 340 κιοτκπος,
1333 273 1451 353 περ.

239 448 262 485 “
279 439 403 544 λείψει
433 446 548 519 ποιεῖν
578 439 728 542 καρπόν.
773 446 904 531 βαθεῖα
934 440 1063 542 καρδία
1093 436 1194 540 παρά
1223 436 1358 534 roim,
1388 439 1452 516 καί

239 572 262 609 “
279 560 468 664 ἀιθρωτός
502 565 594 659 ἐστι,
630 568 691 643 καὶ
725 565 780 648 τίς
813 564 994 665 γνώσεται
1029 561 1162 658 αὐτόν;
1204 561 1278 663 ἐγὼ
1310 559 1453 664 Κύριος

239 698 262 734 “
280 685 413 789 ε’τόζων
439 687 597 789 καρδίας,
624 686 823 790 δοκιμάζων
850 687 1034 793 νεφρούς.”
1078 686 1167 766 ὅταν
1192 687 1313 765 τοίνυν
1346 685 1454 783 ἡμεῖς

239 809 304 890 τόν
331 810 560 912 ἐγνωσμένον
585 812 686 913 παρὰ
713 817 808 917 Θεῷ,
835 816 894 891 καί
921 817 960 890 ἐν
986 818 1063 895 ταῖς
1090 812 1220 912 ἀρτίως
1247 809 1454 911 εἰρημέναις

239 934 534 1033 τεθαυμασμένον
556 938 709 1037 ἀρεταῖς,
726 943 805 1019 ταῖς
832 936 1054 1038 ἀλαζονείαις
1081 932 1485 1035 κατασμκρόνωμεν,5

210 1063 290 1143 σείς
314 1058 429 1158 μόνην
455 1060 567 1138 αίττοῦ
592 1056 660 1157 τὴν
685 1058 856 1164 ε’ξωφανῆ
887 1062 947 1137 καί
972 1061 1141 1160 ἐπίκηρον
1171 1056 1453 1151 ἀποβλέποντες

239 1179 372 1284 σάρκα,
391 1186 449 1261 καί
474 1182 542 1282 τὴν
566 1185 606 1261 ίκ
631 1191 696 1261 τοῦ
719 1183 891 1280 σώματος
914 1182 1064 1288 ἀδοξίαν
1085 1181 1276 1287 πρόφασιν
1296 1183 1365 1279 τῆς
1391 1179 1450 1259 ἐπ’

239 1307 337 1413 αὐτῷ
364 1306 639 1411 σμικροψυχιίις
663 1305 912 1405 ποιησόμενοι,
937 1313 1016 1389 πῶς
1042 1308 1122 1409 οὐχὶ
1149 1305 1322 1384 τάναντία
1349 1312 1451 1407 φρο-

240 1437 383 1512 νοῦντες
416 1435 468 1536 τῷ
498 1427 644 1509 πάντων
675 1428 899 1526 ἀλωσόμεθα
929 1436 1090 1526 βασιλεῖ,
1122 1430 1225 1528 δίκην
1254 1462 1294 1508 τε
1332 1429 1454 1510 οὕτως

240 1551 419 1660 ὖφέξομεν
437 1554 480 1631 οὐ
497 1553 654 1656 μετρίαν,
672 1551 755 1631 ἄτθ’
775 1552 833 1633 ὅτε
852 1555 895 1633 τὸ
913 1551 1061 1657 ίτφηλδν
1079 1553 1248 1653 λε’γοντες
1265 1551 1452 1649 ταπεινὸν,
1467 1579 1503 1624 ιο

71 1695 195 1744 &m
239 1680 300 1757 καί
331 1675 374 1755 τὸ
407 1681 486 1782 φῶς
516 1675 692 1773 τιθέμενοι
719 1675 863 1774 σκότος,
892 1681 951 1755 καί
983 1675 1027 1756 τδ
1056 1675 1175 1778 γλυκῖι
1204 1678 1336 1780 πικρὸν
1365 1679 1449 1779 ὁρι-

240 1798 406 1903 ζόμενοι,

296 1922 509 2004 Φυλακτίον
536 1917 728 2026 τοιγαροῦν
752 1930 825 2006 τοῖς
853 1924 969 2025 ἁγίοις
995 1923 1061 2007 τάς
1087 1925 1208 2006 αὐτοῖς
1234 1924 1452 2025 πρεπούσας

239 2045 356 2147 τιμάς,
387 2050 446 2126 καί
480 2049 675 2150 θεωρητέον
704 2053 851 2144 μᾶλλον
879 2046 1009 2130 αὐτοὺς
1039 2046 1097 2126 διὰ
1127 2051 1192 2145 τῆς
1220 2045 1359 2124 ἔσωθεν
1390 2050 1451 2127 καί

239 2170 482 2275 κεκρυμμένος
518 2172 689 2260 εὐκλείας,
722 2169 745 2271 ἦ
782 2173 821 2249 ἐν
852 2168 903 2254 οἷς
941 2170 986 2250 ἀν
1016 2168 1085 2250 εἰεν
1117 2169 1177 2249 διὰ
1208 2168 1276 2270 τὴν
1307 2170 1447 2272 σάρκα.
1465 2193 1501 2255 ¹5

239 2294 341 2374 ἀλλά
365 2293 438 2398 γὰρ
464 2300 497 2374 οἰ
522 2302 689 2374 πλεῖστοι
707 2300 780 2374 τῶν
796 2297 835 2374 ἐν
853 2295 949 2394 ἡμῖν,
967 2293 1010 2374 τὸ
1026 2293 1094 2394 μέν
1111 2297 1149 2373 ἐν
1167 2294 1298 2401 κόσμῳ
1322 2328 1451 2375 ταπει-

71 2444 186 2500 am.
209 2418 303 2501 ανδν
318 2423 424 2519 τιμῆς
440 2417 507 2518 μὲν
524 2417 620 2502 ὅλως
638 2417 661 2518 ἢ
681 2418 744 2498 καί
758 2453 852 2502 τινος
877 2417 987 2526 δόξης
1011 2420 1137 2526 ἀξιοῦν
1155 2420 1220 2498 οὐκ
1237 2419 1448 2523 ἀνέχονται,

240 2542 309 2623 κᾶν
337 2541 492 2649 ὑπάρχοι
525 2544 720 2647 διαπρεπὴς
747 2547 786 2623 ἐν
813 2546 964 2649 ἀρεταῖς,
987 2542 1041 2629 ἐἰς
1069 2544 1108 2624 δί
1134 2545 1249 2645 μόνην
1275 2545 1447 2641 ἀποβλέ-

240 2701 369 2751 ποντες
394 2665 461 2761 τὴν
482 2670 521 2747 ἐκ
545 2668 707 2748 πλούτου
730 2665 956 2772 πλεονεξιίιν,
974 2673 1032 2749 καί
1057 2668 1123 2769 τὴν
1146 2665 1389 2774 εὐδιόφθορόν
1412 2704 1451 2750 τε

242 2794 302 2871 καί
320 2789 411 2870 ὅσον
424 2789 561 2871 οὐδέπω
580 2792 841 2900 τεθνηξομείιην
854 2794 1014 2872 εὔκλειαν
1027 2795 1216 2895 ἐνορῶντες
1234 2793 1277 2871 οὐ
1295 2791 1452 2898 σφόδρα
1465 2824 1500 2868 το

242 2915 388 3000 δικαίοις
414 2916 630 3022 ὀφθαλμοῖς,
649 2916 734 3020 παρ’
758 2913 860 2996 οὐδὲν
880 2924 1063 2997 ποιοῦνται
1090 2914 1133 2995 τὸ
1161 2918 1292 3019 κρίνειν
1313 2918 1449 3020 ὀρθῶς.

241 3037 325 3123 τοὺς
352 3037 425 3143 γὰρ
453 3038 499 3139 δὴ
526 3039 707 3123 τοιούτους
734 3043 794 3120 καί
820 3040 905 3119 λίαν
928 3039 1069 3125 εἰκότως
1097 3043 1250 3147 διαγελᾷ
1276 3048 1344 3120 τοῦ
1369 3047 1452 3122 Σω-

71 3165 197 3282 {ma
242 3167 350 3266 τῆρος
377 3166 398 3242 ὁ
423 3162 596 3264 μαθητὴς,
615 3164 736 3266 λέγων
753 3173 776 3210 “
789 3165 1011 3267 ’Υποκριταζ
1035 3163 1097 3244 ε’ἰιν
1116 3164 1189 3267 γάρ
1214 3198 1269 3247 τις
1294 3163 1453 3272 εἰσέλθῃ

243 3295 266 3334 “
284 3292 332 3371 εἰς
357 3286 423 3386 τὴν
449 3285 668 3390 συναγωγὴν
692 3291 793 3388 ὑμῶν
814 3288 906 3390 ἀνὴρ
929 3287 1237 3391 χρυσοδακτύλιος
1262 3290 1303 3367 ἐν
1318 3290 1453 3389 ε’σθῆτι

207 3419 266 3484 b“
285 3416 449 3516 λαμπρᾷ,
466 3411 614 3517 εἰσέλθῃ
642 3410 681 3491 δὲ
708 3414 768 3492 καί
795 3409 940 3515 πτωχὸς
964 3413 1002 3491 ἐν
1023 3414 1167 3518 ῥιπτορᾷ
1190 3413 1352 3510 ε’σθῆτι,”
1372 3410 1502 3502 εἰτατ5

243 3533 383 3635 λε’γητε,
409 3535 590 3644 φησί,τῷ
615 3535 681 3636 μὲν
706 3535 876 3644 πλουσίῳ
902 3534 993 3639 πρὸς
1021 3541 1074 3640 τῷ
1101 3534 1207 3643 δεξιῷ
1234 3533 1453 3638 καθέζεσθαι

71 3680 187 3748 1b.3,4
241 3655 358 3765 τόπῳ,
377 3664 430 3766 τῷ
449 3656 488 3736 δὲ
507 3670 529 3706 ‘⁴
541 3665 676 3767 πτωχῷ
695 3664 807 3759 Στῆθι
826 3657 936 3757 ἐκεῖῆ
956 3655 1068 3739 κάθου
1086 3658 1156 3739 ὑπὸ
1180 3657 1223 3738 τδ
1248 3658 1454 3742 ὑποπόδιόν

242 3792 264 3829 “
282 3815 363 3880 μου,
392 3783 434 3861 οὐ
462 3784 656 3885 διεκρίθητε
683 3786 721 3862 ἐν
748 3785 883 3866 ἑαυτοῖς
898 3784 931 3879 ;”
966 3782 1080 3862 καίτοι
1107 3787 1257 3862 σκοπεῖν
1284 3785 1454 3866 ἐντεῦθεν

242 3905 451 4003 ἀκόλουθον,
478 3905 599 4007 πόσης
627 3907 671 3987 ἂν
698 3904 767 3987 εἶεν
794 3905 948 4008 εὐλόγου
975 3910 1123 4012 μομφῆς
1151 3905 1305 3986 ὑπαίτιοι
1336 3941 1451 4011 γεγο-

242 4029 351 4127 νότες,
379 4036 413 4110 οἰ
446 4038 520 4115 τοῖς
551 4031 684 4137 ἔξωθεν
712 4029 974 4133 περιβλήμασι,
1000 4033 1060 4109 καὶ
1092 4031 1171 4135 οὐχὶ
1201 4036 1276 4113 τοῖς
1308 4031 1456 4113 ἔσωθεν
1469 4068 1506 4128 ³0

280 4239 303 4276 1.
321 4222 427 4293 βαθεῖα]
446 4231 474 4287 4
490 4223 504 4292 η
519 4223 570 4278 Ed.
584 4224 668 4277 invito
682 4223 715 4277 B.
728 4222 814 4292 (106.)
895 4239 921 4293 3.
941 4222 1058 4294 καρδίας]
1075 4230 1105 4287 -1-
1120 4225 1162 4278 καί
1176 4223 1208 4277 Β.
1222 4222 1311 4291 (vat)
1352 4225 1457 4283 Statim

292 4294 353 4364 ροὺς
365 4294 507 4362 δοκιμάζων
519 4295 624 4348 inverso
640 4292 732 4347 ordine
746 4293 778 4347 B.
834 4293 970 4360 δοκιμάζον
982 4293 1054 4347 Aub.
1168 4312 1209 4360 14·
1228 4295 1270 4347 καὶ
1282 4296 1331 4351 alt.
1346 4315 1405 4352 om.
1421 4299 1457 4355 Β.

244 4379 256 4415 ι
278 4401 287 4415 .
304 4365 334 4417 τδ
348 4363 382 4419 Β.
393 4367 439 4418 τὸν
451 4364 503 4418 Ed.
648 4382 690 4436 19.
709 4364 866 4434 εὐδιάφορον
879 4364 951 4417 Β.[).
1094 4380 1137 4418 20.
1156 4363 1233 4435 ὅσον]
1247 4366 1321 4421 ὅσα
1335 4369 1407 4440 (εἰς)
1423 4370 1457 4426 Β.

354 4445 524 4504 ψαωρῑυω
537 4454 568 4489 ex
584 4436 616 4490 B.
749 4451 791 4504 ²7·
810 4434 917 4500 καθίζου
932 4434 963 4487 Β.
1102 4452 1143 4506 29.
1161 4437 1270 4506 μομφῆς
1282 4436 1362 4495 BD.
1376 4452 1405 4496 et
1417 4442 1460 4496 tie

373 4501 469 4575 fligne.
481 4509 586 4576 μορφῆς
598 4505 671 4559 Αυί).
778 4520 822 4574 3ο.
841 4506 1036 4574 περιβλὲμμασι
1051 4503 1083 4557 Β.
