3038 5018
227 296 292 359 694
531 295 570 359 B.
594 293 805 359 CYRILLI
834 293 1121 359 ALEXANDR.
1152 306 1155 310 “
1326 292 1381 356 vii.
1391 309 1434 376 39.

230 460 417 562 ἁμαρτίαν·
446 461 540 539 οῦτω
558 458 596 539 δέ
615 458 717 566 ἔχων,
737 456 916 544 διέσωσας
935 456 1201 565 ἀναμφιλόγως
1220 461 1264 537 έν
1284 462 1432 562 σεαυτῷ,

195 585 320 668 οκαθὸ
339 582 489 686 γέγονας
508 582 770 688 ἀνθρωπος,τῆ
798 583 1045 684 ἀνθρωπότητι
1068 581 1112 662 τὸ
1135 579 1246 686 παρά
1267 587 1370 661 Θεοῦ
1386 585 1433 659 καὶ

231 706 377 810 Πατρός
400 703 504 809 ἀγιον
527 707 677 811 χρίσμα,
696 707 861 786 τουτέστι
888 707 930 786 τδ
954 713 1113 804 Πνεῦμα.
1155 709 1295 809 γέγονε
1325 706 1434 785 τοίνυν

229 829 309 910 καθ’
329 831 421 930 ἡμᾶς
449 829 637 934 ἀνθρωπος
665 832 686 910 ὁ
713 832 934 932 Μονογενῆς,
956 830 999 910 ἵν’
1024 832 1062 910 έν
1085 831 1187 936 αῦτῷ
1213 832 1280 908 καὶ
1310 829 1433 935 πράτςι

228 959 543 1059 παλινδρομοῦντα
565 952 612 1033 τά
635 954 766 1054 ἀγαθά,
786 957 843 1035 καὶ
868 956 890 1054 ῆ
916 962 980 1035 τοῦ
1003 954 1219 1050 Πνεῦματος
1243 954 1453 1057 ῥιζωθεῖσαε

228 1078 334 1184 χάρις
365 1077 435 1183 ὅλῃ
467 1076 597 1158 λοιπδν
627 1078 809 1179 ἀραρότως
839 1082 885 1183 τῆ
914 1077 1024 1185 φύσει
1057 1075 1302 1185 φυλάττοιτο,
1336 1078 1431 1156 οἱονεί

229 1211 425 1306 κιχριῦντος
462 1202 547 1301 ἡμῖν
583 1199 625 1281 τὸ
662 1206 726 1301 τῆς
763 1203 852 1285 ἰδίας
890 1202 1035 1307 φύσεως
1071 1198 1342 1302 ἀμετάπτωτον
1374 1207 1430 1279 τοῦ

230 1331 471 1428 Μονογευοῦς,
504 1326 561 1404 καὶ
598 1327 636 1403 ἐκ
670 1330 766 1404 Θεοῦ
804 1324 951 1429 Πατρδς
987 1323 1089 1409 ὄντος
1121 1323 1265 1427 Λόγου,
1299 1321 1361 1404 διὰ
1392 1322 1428 1402 τῦ

229 1455 478 1551 κατεγνῶσθαι
497 1444 563 1547 τῆν
581 1447 773 1551 ἀνθρώπου
791 1448 907 1554 φῦσιν
924 1450 963 1528 έν
980 1444 1110 1545 Ἀδάμ,
1126 1450 1177 1531 ὡς
1195 1445 1429 1530 ἀδιαπτοίτιις

197 1573 322 1677 οέχειν
340 1575 382 1653 οῦ
401 1570 608 1671 δυναμένην,
627 1573 978 1652 κατολισθαίνουσαυ
997 1569 1035 1651 δέ
1054 1573 1112 1651 καὶ
1129 1568 1289 1676 σφόδρα
1304 1572 1464 1676 ῥᾳδίαςῑθ

228 1700 277 1779 είς
293 1694 540 1798 πορατροπῆν.
580 1693 706 1798 ὥσπερ
724 1695 787 1774 οῦν
805 1698 936 1778 ἐντοῖς
954 1703 1018 1774 τοῦ
1035 1693 1180 1796 προίτου
1204 1701 1364 1794 τροπαῖς
1386 1698 1429 1776 εἷς

228 1818 320 1919 ὅλην
337 1818 446 1920 διήκει
465 1817 531 1918 τῆν
548 1819 663 1924 φῦσιν
681 1819 704 1918 ῆ
723 1825 795 1898 τιῦν
814 1821 961 1920 ἀγαθῶν
980 1819 1097 1922 ζημία·
1127 1814 1220 1897 κατά
1239 1815 1310 1898 τδν
1327 1815 1429 1897 αῦτῦν

227 1940 325 2049 οἶμαι
355 1943 469 2045 λόγον
497 1945 556 2021 καὶ
589 1945 627 2022 έν
655 1944 706 2049 τῷ
738 1941 788 2042 μὴ
822 1939 930 2021 εἰδότι
962 1940 1098 2046 τροπὴν
1125 1945 1191 2040 τῆς
1222 1948 1302 2022 τῶν
1331 1942 1429 2021 θείων

225 2064 463 2171 χαρισμάτων
488 2069 658 2165 διαμονῆς
686 2065 762 2173 ῦλιρ
790 2063 998 2166 σωθήσεται
1023 2070 1075 2173 τῷ
1101 2061 1195 2166 γένει
1220 2062 1269 2145 τδ
1296 2066 1427 2168 κερδος.

226 2195 256 2269 εί
287 2190 330 2268 δέ
356 2224 407 2297 τῳ
440 2188 491 2288 μῆ
521 2188 670 2296 σφόδρα
701 2192 874 2287 δοκοῦμεν
900 2186 947 2267 τά
977 2186 1095 2268 εἰκότα
1124 2193 1277 2292 φρονεῖν
1305 2221 1347 2267 τε
1375 2191 1466 2277 καὶις

226 2314 358 2414 λέγειν,
386 2311 584 2393 διδασκέτω
612 2310 804 2415 παρελθὼν
831 2311 898 2412 τῆν
926 2311 1052 2410 αἰτίαν,
1077 2310 1121 2390 δι’
1148 2309 1195 2410 ῆν
1222 2310 1330 2414 παρὰ
1357 2317 1431 2394 ταῖς

225 2437 334 2520 θείαις
359 2443 518 2542 γραφαῖς
543 2434 705 2538 δεύτερος
722 2432 843 2533 Ἀδάμ
867 2438 888 2514 ὁ
908 2434 1036 2539 Σωτῆρ
1058 2433 1358 2532 κατωνόμασται.
1396 2435 1431 2513 έι

189 2557 289 2654 ᾶμέν
307 2557 379 2660 γάρ
406 2559 526 2666 ἐκείνῳ
553 2564 604 2665 τῷ
628 2557 760 2666 πράτιρ
785 2556 928 2659 πρόεισι
953 2559 1019 2658 μέν
1036 2556 1081 2664 ἐξ
1101 2558 1164 2637 οῦκ
1183 2555 1304 2639 ὄντων
1322 2544 1375 2642 είς
1391 2555 1431 2636 τδ

224 2677 372 2761 εἶναιτὸ
391 2682 494 2781 γένος
513 2681 555 2761 τὸ
574 2681 809 2784 ἀνθρώπινον,
829 2685 888 2762 καὶ
912 2680 1094 2786 προελθὸν
1112 2679 1268 2787 ἐφθάρη,
1287 2680 1347 2762 ὅτι
1370 2679 1432 2762 τὸν

224 2810 319 2884 θεῖον
356 2804 538 2905 λελῦπηκε
574 2805 696 2903 νόμον·
740 2807 778 2884 ε’ν
812 2804 850 2885 δὲ
887 2811 939 2912 τῷ
975 2804 1136 2912 δευτέρῳ,
1170 2805 1346 2885 τουτέστι
1382 2809 1468 2912 τῷιι

223 2933 386 3036 Χριστῷ,
420 2927 511 3030 πρὸς
548 2928 664 3032 ἀρχὴν
699 2926 861 3008 ἐπάνεισι
894 2929 1061 3032 δευτέραν
1095 2925 1431 3029 ἀνασκευαζόμενον

223 3052 313 3154 πρὸς
341 3051 531 3152 καινότητα
561 3051 661 3154 ζωῆς,
689 3054 749 3131 καὶ
778 3057 827 3137 εἰς
855 3051 922 3151 τὴν
950 3056 1014 3151 τῆς
1047 3051 1259 3158 ἀφθαρσίας
1291 3056 1427 3132 ἐπανα·

224 3173 370 3276 δρομῆν.
409 3174 443 3254 εί
467 3209 502 3254 τι
530 3173 603 3277 γάρ
629 3178 667 3254 ἐν
685 3180 849 3282 Χριστῷ,
868 3171 970 3275 καινῆ
998 3174 1126 3273 κτίσις,
1150 3177 1198 3258 ὡς
1226 3176 1248 3253 ὁ
1277 3177 1429 3260 Παῦλός

224 3307 330 3402 φησι.
369 3298 506 3378 δέδοται
523 3299 642 3378 τοίνυν
662 3298 746 3398 ἡμῖν
765 3296 807 3378 τδ
826 3299 1047 3402 ἀνακαινίζιν
1068 3304 1226 3396 Πνεῦμα,
1248 3299 1428 3396 τουτέστι,

224 3419 267 3501 τὸ
286 3421 429 3523 Ἀγιον,
455 3421 497 3501 τὸ
525 3425 588 3520 τῆς
616 3421 758 3501 αἰωνίου
786 3424 974 3525 παραίτιον
1001 3422 1092 3525 ζωῆς
1118 3421 1208 3520 μετὰ
1237 3421 1283 3502 τὸ
1312 3424 1424 3532 δοξο·
1438 3444 1465 3507 ¹⁵

224 3548 356 3642 σθῆναι
384 3542 558 3647 Χριστὸν,
585 3545 761 3642 τουτέστι,
787 3544 877 3643 μετά
905 3544 971 3643 τῆν
998 3545 1214 3639 ἀνάστασιν,
1237 3545 1300 3626 ὅτε
1331 3551 1427 3652 διαῤ-

194 3706 212 3749 e
223 3665 336 3774 ῥήξας
361 3664 407 3747 τά
431 3675 495 3746 τοῦ
521 3667 677 3747 θανάτου
702 3666 830 3765 δεσμά,
850 3673 908 3747 καὶ
928 3670 1095 3770 κρείττων
1114 3665 1264 3768 ἀπάσης
1285 3677 1428 3776 φθορᾶς

224 3790 521 3893 ἀναδεδειγμένος,
533 3791 664 3886 ἀνεβίω
683 3788 795 3870 πάλιν
813 3791 904 3890 ὅλην
918 3792 1011 3896 ἔχων
1028 3792 1065 3871 ἐν
1083 3793 1197 3899 ἑαυτῷ
1216 3790 1285 3891 τῆν
1300 3793 1426 3900 φύσιν,

223 3912 380 4016 καθάπερ
400 3911 444 4012 ἦν
463 3913 651 4016 ἅνθρωπος
670 3918 728 3993 καὶ
747 3913 796 3998 εἷς
814 3917 858 4022 ἐξ
872 3915 986 4014 ἡμῶν.

262 4199 284 4236 1.
303 4184 383 4236 (ἀυτῶ
398 4182 429 4236 Β.
445 4182 536 4238 Holst.
572 4182 830 4238 Emendavitecat.
844 4183 917 4238 Λεὼ.
1024 4198 1050 4255 5.
1069 4182 1245 4252 Πνεῦμοτοςε
1260 4183 1322 4240 Cat.
1337 4204 1426 4242 emen·

222 4301 295 4356 davit
307 4302 379 4355 Aub.
392 4304 490 4368 πατρὸς
505 4301 537 4355 Β.
551 4300 600 4354 Ht.
758 4319 799 4355 11.
817 4268 986 4375 ‚capuam
999 4305 1030 4358 B.
1188 4318 1230 4374 15.
1249 4327 1288 4359 τοι
1300 4308 1427 4362 emendat

223 4372 312 4443 Ηογιο
324 4374 427 4426 favente
442 4373 490 4425 Ht.
503 4389 531 4425 m
543 4389 600 4440 mg.
612 4373 643 4425 τὸ
658 4371 689 4424 Β.
704 4370 755 4426 Ed.
908 4391 951 4430 το.
970 4374 1115 4500 λελῦιτῆκεφ
1124 4373 1217 4429 λέλυκε
1230 4391 1255 4430 a.
1270 4359 1334 4432 Cat
1351 4379 1424 4433 Harl.

222 4459 264 4496 21.
284 4443 400 4496 ἐπάνεισι
413 4440 545 4512 δευτέρον]
560 4444 650 4512 ὥσπερ
662 4442 761 4497 ἄνεισιν
773 4443 862 4513 ε’τέραν
873 4462 898 4499 a.
1027 4462 1070 4517 23.
1089 4468 1102 4499 ε
1124 4467 1149 4500 τι
1161 4463 1184 4500 ο.
1197 4445 1258 4501 ἔστι
1273 4447 1361 4504 Cord.
1376 4449 1425 4505 Ed.

223 4512 263 4566 De
276 4531 299 4567 a.
314 4513 380 4566 nihil
393 4514 492 4567 notavi.
601 4527 643 4581 25.
661 4514 796 4583 παραίτιον
809 4515 873 4582 ζωῆς
885 4515 936 4571 hoc
947 4515 1040 4570 ordine
1051 4535 1076 4572 ο.
