3038 5018
91 297 212 380 τίμια
265 299 322 364 IN
353 298 386 363 S.
411 298 668 364 JOANNEM.
713 299 808 364 LIB.
832 299 892 365 IV.
938 300 1118 365 CARVI.
1228 302 1291 363 625

88 462 216 562 μένους
241 462 282 543 τὸ
307 462 425 562 μάννα
454 466 512 542 καὶ
535 464 574 541 ἐν
596 460 777 569 σαββάτῳ
801 460 1053 565 ’διεγνύκεσαα
1077 466 1134 542 καὶ
1163 463 1227 542 οὐκ
1255 464 1292 541 ἐν

87 594 239 680 -βουλαῖς
267 585 309 667 τὸ
336 587 507 687 τόλμημα
534 585 671 684 μόναις,
690 586 775 665 ἀλλ’
799 592 847 670 εῖς
873 587 980 690 ἔργον
1001 586 1069 687 ήδη
1095 584 1137 666 τὸ
1163 591 1292 666 δοκοῦν

90 708 287 816 διεξήγετο.
317 709 528 809 ἐπισκήπτει
554 717 745 812 τοιγαροῦν
768 710 827 789 διὰ
854 719 960 791 τοῦτο
987 709 1100 792 πάλιν
1123 711 1244 793 αὐτοῖς
1271 712 1291 789 ό

90 833 282 935 νομοθέτης
310 834 371 914 καί
397 841 512 940 φησιν
541 844 563 880 “
574 829 674 917 Ἕως
700 831 788 914 πότε
817 836 859 914 ού
886 835 1066 928 βούλεσθε
1094 833 1292 913 εἰσακούειν
1336 821 1443 949 {Effigp

57 966 112 1042 5“
130 954 195 1041 τὰς
219 957 368 1042 ε’ντολάς
392 993 462 1056 μου
488 960 546 1037 καὶ
572 955 636 1037 τόν
655 955 764 1056 νόμον
782 991 876 1056 μου;
906 957 1006 1055 ἴδετε,
1026 960 1046 1038 ὁ
1066 954 1138 1060 γὰρ
1160 955 1292 1060 Κύριος
1338 967 1377 1018 ²⁹·

91 1088 113 1126 “
132 1079 259 1160 ἔδωκεν
278 1083 360 1175 ὑμῖν
377 1079 444 1179 τήν
462 1081 597 1183 ἡμέραν
615 1080 749 1181 ταύτην
767 1081 953 1178 σάββατα·
983 1078 1042 1160 διὰ
1060 1089 1166 1160 τοῦτο
1185 1078 1292 1162 αῦτῦς

91 1212 113 1249 “
132 1202 282 1284 δέδωκεν
301 1206 383 1303 ύμῖν
400 1211 445 1310 τῇ
464 1204 579 1311 ἡμέρᾳ
599 1210 645 1310 τῇ
668 1204 752 1311 ἕκτη
770 1204 899 1307 ἄρτους
918 1204 983 1285 δύο
1001 1205 1153 1307 ἡμερῶν·
1185 1204 1288 1283 καθί-

90 1336 112 1373 “
130 1333 245 1407 σεσθε
272 1327 424 1412 ἕκαστος
452 1334 500 1411 είς
527 1326 609 1412 τοῦς
638 1327 754 1413 οἴκους
783 1330 892 1428 ὑμῶν,
913 1331 1035 1428 μηδεὶς
1062 1330 1160 1427 ὑμῶν
1182 1329 1289 1420 ε’κποτ

91 1458 114 1496 “
131 1451 291 1553 ρευέσθω
310 1453 348 1531 ἐκ
368 1459 431 1531 τοῦ
450 1451 562 1531 τόπου
581 1453 690 1531 αὐτοῦ
716 1456 761 1558 τῇ
787 1451 902 1558 ήμέρρ
926 1458 971 1558 τῇ
998 1450 1170 1557 ἐβδόμῃ.”
1204 1453 1321 1557 ὁρᾷςο

45 1607 78 1648 ιο
91 1571 188 1657 ὅπως
206 1573 271 1674 τήν
290 1578 436 1677 ἱδρῶτος
454 1577 512 1654 καὶ
530 1573 642 1656 πόνου
659 1572 795 1660 παντός
816 1575 1006 1678 ἐλευθέραν
1023 1576 1108 1674 ἡμῖν
1126 1608 1286 1677 προαυα·

90 1695 263 1778 πλάττων
282 1696 373 1799 ζωήν
392 1700 430 1778 ἐν
449 1706 525 1784 ταῖς
549 1697 641 1780 κατὰ
666 1698 780 1779 τύπον
797 1701 949 1803 ἀργίαις,
967 1703 1058 1803 δρᾶν
1076 1698 1177 1779 υύδέν
1196 1697 1291 1782 ὅλως

90 1823 237 1927 ἐφίησιν
253 1826 291 1902 ἐν
308 1820 490 1931 σαββάτῳ
506 1856 515 1919 ;
547 1821 744 1923 συλλέγειν
762 1820 828 1920 μέν
851 1821 924 1926 γὰρ
949 1825 1012 1904 οὐκ
1039 1825 1092 1931 ἐᾷ,
1109 1856 1289 1925 προσεπι-

90 1943 210 2026 ταῖττει
234 1944 273 2026 δέ
297 1945 422 2054 τούτῳ,
441 1950 499 2027 καὶ
523 1943 566 2026 τῦ
592 1951 721 2050 χρῆναι
745 1945 809 2026 τὸν
827 1943 923 2027 οἶκον
942 1946 1081 2053 ἀφέντα
1103 1943 1293 2047 μηδαμόσε

91 2076 228 2173 χωρεῖν,
248 2068 333 2148 ἀλλ’
353 2072 392 2149 ἐκ
415 2076 489 2149 τῶν
514 2071 611 2149 ἰδίων
633 2067 684 2168 μή
712 2070 968 2172 ἐκπορεύεσθαι
995 2069 1129 2151 τάττων.
1171 2072 1230 2148 καὶ
1258 2071 1297 2149 τί

45 2215 78 2276 ¹5
91 2190 204 2272 πάλιν
227 2193 319 2292 ἡμᾶς
347 2193 407 2272 διὰ
433 2191 561 2274 τούτου
588 2192 759 2288 βούλεται
787 2201 923 2291 μαθεῖν,
943 2192 1180 2292 ἐκθησόμεθα,
1198 2227 1292 2294 συγ-

92 2315 190 2416 γενὲς
218 2317 401 2424 αὐτῷκαὶ
429 2317 603 2401 ὡσαύτως
630 2316 715 2420 ἕχον
741 2317 960 2420 παραθέντες
986 2315 1108 2421 ῥητόν.
1141 2350 1289 2420 προσε-

92 2436 199 2518 λάλει
226 2448 416 2542 τοιγαροῦν
444 2441 464 2518 ὁ
491 2438 663 2542 μακάριος
689 2438 879 2546 προφήτης
901 2441 1070 2543 Ἱερεμίας
1100 2447 1173 2523 τοῖς
1195 2442 1324 2519 'Iov-d

91 2562 202 2647 δαίοις
220 2563 289 2642 ὡδί
304 2576 325 2612 “
338 2565 435 2644 Τάδε
461 2563 559 2666 λέγει
580 2563 712 2667 Κύριος
734 2563 927 2670 Φυλάξατε
952 2561 1016 2649 τὰς
1041 2563 1166 2670 ψυχὰς
1191 2566 1291 2662 ῦμιῦν
1335 2565 1450 2688 ffssf'n.

93 2696 115 2733 “
133 2686 260 2788 καὶμὴ
278 2686 392 2791 αἴρετε
410 2685 657 2789 βαοτάγματα
675 2689 713 2767 έν
731 2692 776 2791 τῇ
795 2686 997 2793 ἡμέρατῶν
1015 2686 1217 2784 σαββάτων
1233 2689 1291 2766 καὶ
1338 2710 1377 2748 ²²·
1438 2685 1442 2694 ⁸

45 2818 116 2879 ²0⁴⁴
130 2807 182 2909 μὴ
211 2809 444 2913 ἐκπορεύεσθε
472 2818 549 2894 ταῖς
575 2811 707 2894 πύλαις
735 2809 988 2912 Ἰερουσαλήμ,
1016 2814 1075 2891 καὶ
1107 2810 1158 2910 μή
1187 2811 1292 2916 ἐκφέ-

93 2943 115 2979 “
132 2967 210 3036 ρετε
248 2933 496 3036 βαστάγματα
532 2933 576 3041 ἐξ
610 2940 728 3014 οἰκιῶν
766 2935 865 3034 ῦμῶν
902 2936 940 3014 ἐν
976 2940 1022 3041 τῇ
1066 2934 1179 3040 ἡμέρᾳ
1219 2940 1292 3013 τῶν

93 3066 115 3103 “
133 3057 346 3156 σαββάτων,
381 3061 439 3137 καὶ
469 3064 544 3138 πᾶν
576 3057 683 3161 ἔργον
715 3058 757 3136 ού
792 3055 973 3157 ποιήσετε·
1018 3057 1193 3159 ἁγιάσατε
1225 3058 1291 3158 τήν

93 3190 115 3227 “
133 3181 268 3284 ἡμέραν
291 3188 363 3262 τῶν
389 3180 590 3279 σαββάτων
615 3179 733 3265 καθὼς
760 3181 987 3281 ἐνετειλάμην
1008 3189 1081 3265 τοῖς
1108 3181 1291 3286 πατράσιν

93 3313 115 3351 “
134 3305 266 3403 ῦμιῦυ.”
305 3309 364 3386 καὶ
391 3305 429 3385 τί
452 3303 494 3386 τὸ
522 3306 704 3399 ἐντεῦθεν;
741 3311 788 3388 εὶς
817 3304 893 3410 ἕξιν
916 3307 1008 3405 ἡμεῖς
1035 3304 1291 3406 προδιανιστᾶς

45 3458 79 3520 25
92 3426 158 3527 τήν
190 3425 454 3535 φιλάγρυπνον,
487 3426 683 3534 φυλάττειν
716 3425 891 3508 ἐπιτάττει
927 3427 993 3527 τήν
1025 3427 1116 3507 ἰδίαν
1147 3431 1319 3534 ψυχήνο

93 3553 186 3632 ούτω
208 3550 280 3656 γὰρ
303 3550 349 3631 ἂν
369 3551 525 3659 ῦπιῖρξαι
546 3553 677 3658 ῥᾳδίως
702 3552 761 3630 καὶ
786 3549 828 3631 τῦ
854 3555 925 3631 δεῖν
944 3549 1134 3631 εἰσελάσαι
1160 3551 1289 3632 λοιπὸν

93 3680 141 3758 εἰς
167 3674 231 3755 τὸν
250 3676 293 3755 ἐν
317 3677 444 3756 ἐλπίσι
470 3673 745 3773 σαββατισμόν.
790 3678 1021 3780 ἀναφανεῖται
1050 3675 1087 3754 δέ
1115 3674 1189 3755 ὅσα
1216 3681 1290 3758 τοῖς

92 3803 193 3878 τοῦδε
212 3806 363 3904 τυχοῦσι
381 3798 427 3878 τὰ
445 3796 576 3900 ἀγαθὰ,
595 3796 759 3906 διεσάφει
777 3803 899 3881 καλῶς
918 3796 976 3877 διὰ
991 3802 1054 3896 τῆς
1072 3805 1145 3876 τῶν
1162 3798 1290 3899 ἑτέρων

129 4032 155 4086 6.
174 4032 284 4086 δέδωκεν
299 4031 359 4100 ἡμῖν
371 4032 404 4088 Β.
418 4031 467 4105 [cs.
480 4032 540 4105 ἡμῖν
553 4032 637 4106 (25)],
653 4032 699 4088 sed
716 4034 750 4088 os.
764 4030 862 4104 Glaph.
877 4032 928 4087 288
939 4031 966 4096 d,
980 4031 1026 4085 ubi
1038 4031 1132 4085 ἔδωκεν
1143 4031 1201 4101 ύμῖν
1212 4031 1287 4086 exhi·

93 4101 159 4156 bent
170 4101 249 4156 codd.
262 4102 348 4157 bonae
360 4114 448 4158 notae.
669 4118 694 4175 γ.
713 4104 823 4158 δέδωκεν
835 4104 894 4170 ὑμῖν
905 4111 967 4173 ραις
978 4101 1078 4171 ἡμερῶν
1089 4103 1242 4173 transponit
1255 4103 1287 4157 Β.

93 4174 121 4227 8.
138 4170 239 4261 μηδείς]
257 4180 285 4236 †
300 4171 346 4260 οῦγ
359 4173 392 4227 Β.
501 4243 508 4259 Ι
523 4192 549 4244 9.
568 4170 748 4297 τόπουὲοῖκου
761 4174 794 4228 B.
807 4175 909 4263 (Αφςι.)
1048 4189 1088 4226 10.
1106 4171 1187 4259 ὅπως]
1201 4171 1241 4259 ὅτι
1255 4173 1287 4228 Β.

95 4242 691 4369 fflssffffil'ssii‘ssssffl'fss‘m.
704 4333 730 4368 m
753 4243 976 4370 ,Ψὲίῖύῗοῖ
1064 4245 1289 4368 ἷῦιῖἷῖθῖῖὲἶ

93 4401 126 4438 ex
141 4384 174 4439 Β.
303 4401 346 4439 22.
364 4387 506 4451 σαββάτων
536 4391 564 4449 ÷
579 4385 625 4439 οίικ
638 4333 811 4454 ε’ξελεύιῖεάθε
824 4336 933 4440 {uagos
945 4384 973 4437 εἰι
985 4387 1031 4437 τοῦ
1043 4386 1123 4439 τόπου
1135 4333 1289 4451 ῦμῦυῖλῑὼ.

94 4456 164 4509 inter
176 4473 261 4509 uncos
273 4456 358 4511 invito
372 4455 405 4510 Β.
452 4454 590 4528 ποιησετε]
607 4463 635 4519 †
651 4453 692 4509 καῖ
706 4455 757 4509 Ed.
770 4457 780 4515 ί
784 4471 816 4508 22
829 4455 877 4522 al.)
889 4454 973 4511 invito
988 4455 1021 4509 B.
1122 4472 1165 4521 24.
1182 4455 1288 4525 προδιο-

94 4527 184 4582 νιστὰς
198 4526 231 4580 Β.
243 4527 375 4583 διαυιστδς
388 4525 440 4583 Ed.
548 4529 591 4582 28.
609 4532 660 4585 τῶν
672 4535 841 4598 assumptum
853 4543 886 4580 ex
899 4524 933 4580 B.

137 4627 208 4674 von.
226 4628 249 4673 1.
669 4627 726 4691 41„
