<?xml version="1.0" encoding="UTF-8"?>
<!DOCTYPE html PUBLIC "-//W3C//DTD XHTML 1.0 Transitional//EN"
    "http://www.w3.org/TR/xhtml1/DTD/xhtml1-transitional.dtd">
<html xmlns="http://www.w3.org/1999/xhtml" xml:lang="en" lang="en">
 <head>
  <title>
</title>
<meta http-equiv="Content-Type" content="text/html;charset=utf-8" />
  <meta name='ocr-system' content='tesseract 3.04.00' />
  <meta name='ocr-capabilities' content='ocr_page ocr_carea ocr_par ocr_line ocrx_word'/>
</head>
<body>
  <div class='ocr_page' id='page_1' title='image "./sanctipatrisnos00pusegoog_0442.png"; bbox 0 0 3038 5018; ppageno 0'>
   <div class='ocr_carea' id='block_1_1' title="bbox 76 279 1277 381">
    <p class='ocr_par' dir='ltr' id='par_1_1' title="bbox 76 279 1277 381">
     <span class='ocr_line' id='line_1_1' title="bbox 76 279 1277 381; baseline 0.005 -34"><span class='ocrx_word' id='word_1_1' title='bbox 76 279 645 381; x_wconf 61' lang='lat' dir='ltr'>vi.21·.¹INS.JOANNEM⁸¹</span> <span class='ocrx_word' id='word_1_2' title='bbox 690 285 786 350; x_wconf 86' lang='lat' dir='ltr'><strong>LIB.</strong></span> <span class='ocrx_word' id='word_1_3' title='bbox 810 285 877 350; x_wconf 91' lang='lat'>111.</span> <span class='ocrx_word' id='word_1_4' title='bbox 923 287 1107 353; x_wconf 77' lang='lat' dir='ltr'><strong>CARIV.</strong></span> <span class='ocrx_word' id='word_1_5' title='bbox 1213 290 1277 354; x_wconf 80' lang='lat'>429</span> 
     </span>
    </p>
   </div>
   <div class='ocr_carea' id='block_1_2' title="bbox 25 447 1336 2534">
    <p class='ocr_par' dir='ltr' id='par_1_2' title="bbox 76 447 1336 922">
     <span class='ocr_line' id='line_1_2' title="bbox 76 447 1278 559; baseline 0.004 -31"><span class='ocrx_word' id='word_1_6' title='bbox 76 447 117 528; x_wconf 71' lang='grc' dir='ltr'>δὲ</span> <span class='ocrx_word' id='word_1_7' title='bbox 135 449 263 534; x_wconf 81' lang='grc' dir='ltr'>αύτούς</span> <span class='ocrx_word' id='word_1_8' title='bbox 279 457 353 531; x_wconf 81' lang='grc' dir='ltr'>τῶν</span> <span class='ocrx_word' id='word_1_9' title='bbox 370 450 658 551; x_wconf 79' lang='grc' dir='ltr'>συμθεβηκότων</span> <span class='ocrx_word' id='word_1_10' title='bbox 674 456 897 557; x_wconf 81' lang='grc' dir='ltr'>παραχρῆμα</span> <span class='ocrx_word' id='word_1_11' title='bbox 914 451 1077 558; x_wconf 85' lang='grc' dir='ltr'>Χριστός</span> <span class='ocrx_word' id='word_1_12' title='bbox 1087 453 1181 556; x_wconf 79' lang='grc' dir='ltr'>Ἐγά</span> <span class='ocrx_word' id='word_1_13' title='bbox 1199 461 1278 559; x_wconf 79' lang='grc' dir='ltr'>εἰμι,</span> 
     </span>
     <span class='ocr_line' id='line_1_3' title="bbox 76 571 1279 681; baseline 0.003 -27"><span class='ocrx_word' id='word_1_14' title='bbox 76 571 128 679; x_wconf 60' lang='grc' dir='ltr'>μὴ</span> <span class='ocrx_word' id='word_1_15' title='bbox 163 572 340 681; x_wconf 77' lang='grc' dir='ltr'>φιβάοθι.</span> <span class='ocrx_word' id='word_1_16' title='bbox 359 573 492 677; x_wconf 74' lang='grc' dir='ltr'>λέγων·</span> <span class='ocrx_word' id='word_1_17' title='bbox 542 574 611 654; x_wconf 82' lang='grc' dir='ltr'>ἔδει</span> <span class='ocrx_word' id='word_1_18' title='bbox 648 573 721 676; x_wconf 80' lang='grc' dir='ltr'>γὰρ</span> <span class='ocrx_word' id='word_1_19' title='bbox 758 576 827 656; x_wconf 86' lang='grc' dir='ltr'>ἔδει</span> <span class='ocrx_word' id='word_1_20' title='bbox 862 575 982 658; x_wconf 89' lang='grc' dir='ltr'>πάντα</span> <span class='ocrx_word' id='word_1_21' title='bbox 1017 574 1084 675; x_wconf 72' lang='grc' dir='ltr'>μὲν</span> <span class='ocrx_word' id='word_1_22' title='bbox 1119 574 1279 658; x_wconf 76' lang='grc' dir='ltr'>ἐκποδὼν</span> 
     </span>
     <span class='ocr_line' id='line_1_4' title="bbox 77 694 1336 803; baseline 0.006 -27"><span class='ocrx_word' id='word_1_23' title='bbox 77 695 243 801; x_wconf 81' lang='grc' dir='ltr'>οἴχεσθαι</span> <span class='ocrx_word' id='word_1_24' title='bbox 260 694 429 802; x_wconf 80' lang='grc' dir='ltr'>θόρυβον,</span> <span class='ocrx_word' id='word_1_25' title='bbox 445 696 582 781; x_wconf 78' lang='grc' dir='ltr'>παντὸς</span> <span class='ocrx_word' id='word_1_26' title='bbox 602 697 641 777; x_wconf 75' lang='grc' dir='ltr'>δὲ</span> <span class='ocrx_word' id='word_1_27' title='bbox 665 700 829 779; x_wconf 77' lang='grc' dir='ltr'>κινδύνου</span> <span class='ocrx_word' id='word_1_28' title='bbox 847 701 1041 802; x_wconf 85' lang='grc' dir='ltr'>φαίνεσθαι</span> <span class='ocrx_word' id='word_1_29' title='bbox 1059 701 1277 803; x_wconf 91' lang='grc' dir='ltr'>κρείττονας,</span> <span class='ocrx_word' id='word_1_30' title='bbox 1326 773 1336 783; x_wconf 79' lang='grc'>,</span> 
     </span>
     <span class='ocr_line' id='line_1_5' title="bbox 77 817 1281 922; baseline 0 -18"><span class='ocrx_word' id='word_1_31' title='bbox 77 819 163 904; x_wconf 71' lang='grc' dir='ltr'>ταῖς</span> <span class='ocrx_word' id='word_1_32' title='bbox 191 817 245 904; x_wconf 81' lang='grc' dir='ltr'>οἶς</span> <span class='ocrx_word' id='word_1_33' title='bbox 273 820 341 922; x_wconf 77' lang='grc' dir='ltr'>ἤδη</span> <span class='ocrx_word' id='word_1_34' title='bbox 368 825 488 922; x_wconf 78' lang='grc' dir='ltr'>παρῆν</span> <span class='ocrx_word' id='word_1_35' title='bbox 516 822 537 900; x_wconf 89' lang='grc' dir='ltr'>ό</span> <span class='ocrx_word' id='word_1_36' title='bbox 564 819 741 922; x_wconf 86' lang='grc' dir='ltr'>Χριστός·</span> <span class='ocrx_word' id='word_1_37' title='bbox 785 823 955 920; x_wconf 79' lang='grc' dir='ltr'>εἰσόμεθα</span> <span class='ocrx_word' id='word_1_38' title='bbox 985 825 1104 904; x_wconf 81' lang='grc' dir='ltr'>τοίνυν</span> <span class='ocrx_word' id='word_1_39' title='bbox 1131 828 1187 904; x_wconf 80' lang='grc' dir='ltr'>καῖ</span> <span class='ocrx_word' id='word_1_40' title='bbox 1221 823 1281 904; x_wconf 78' lang='grc' dir='ltr'>διό</span> 
     </span>
    </p>

    <p class='ocr_par' dir='ltr' id='par_1_3' title="bbox 44 940 1314 1545">
     <span class='ocr_line' id='line_1_6' title="bbox 44 940 1314 1050; baseline 0.004 -29"><span class='ocrx_word' id='word_1_41' title='bbox 44 962 65 1022; x_wconf 77' lang='grc'><strong><em>5</em></strong></span> <span class='ocrx_word' id='word_1_42' title='bbox 79 941 209 1024; x_wconf 86' lang='grc' dir='ltr'>τούτου</span> <span class='ocrx_word' id='word_1_43' title='bbox 224 941 349 1043; x_wconf 88' lang='grc' dir='ltr'>πάλιν,</span> <span class='ocrx_word' id='word_1_44' title='bbox 368 940 537 1049; x_wconf 88' lang='grc' dir='ltr'>φρόνημα</span> <span class='ocrx_word' id='word_1_45' title='bbox 560 944 626 1042; x_wconf 73' lang='grc' dir='ltr'>μὲν</span> <span class='ocrx_word' id='word_1_46' title='bbox 643 944 737 1049; x_wconf 79' lang='grc' dir='ltr'>ἔχειν</span> <span class='ocrx_word' id='word_1_47' title='bbox 755 947 793 1025; x_wconf 84' lang='grc' dir='ltr'>ἐν</span> <span class='ocrx_word' id='word_1_48' title='bbox 809 954 1022 1050; x_wconf 75' lang='grc' dir='ltr'>πειρασμοῖς</span> <span class='ocrx_word' id='word_1_49' title='bbox 1047 946 1223 1040; x_wconf 84' lang='grc' dir='ltr'>εὕτολμόν</span> <span class='ocrx_word' id='word_1_50' title='bbox 1240 960 1314 1028; x_wconf 75' lang='lat' dir='ltr'>red</span> 
     </span>
     <span class='ocr_line' id='line_1_7' title="bbox 78 1067 1280 1177; baseline 0.005 -31"><span class='ocrx_word' id='word_1_51' title='bbox 78 1072 139 1147; x_wconf 84' lang='grc' dir='ltr'>καῖ</span> <span class='ocrx_word' id='word_1_52' title='bbox 157 1067 327 1165; x_wconf 81' lang='grc' dir='ltr'>νεανικὸν,</span> <span class='ocrx_word' id='word_1_53' title='bbox 346 1070 509 1173; x_wconf 71' lang='grc' dir='ltr'>ὑπομονῇ</span> <span class='ocrx_word' id='word_1_54' title='bbox 529 1067 566 1146; x_wconf 72' lang='grc' dir='ltr'>δὲ</span> <span class='ocrx_word' id='word_1_55' title='bbox 585 1072 785 1172; x_wconf 83' lang='grc' dir='ltr'>κεχρῆσθαι</span> <span class='ocrx_word' id='word_1_56' title='bbox 803 1068 966 1177; x_wconf 80' lang='grc' dir='ltr'>συντόνῳ</span> <span class='ocrx_word' id='word_1_57' title='bbox 984 1077 1029 1176; x_wconf 73' lang='grc' dir='ltr'>τῇ</span> <span class='ocrx_word' id='word_1_58' title='bbox 1048 1077 1096 1155; x_wconf 80' lang='grc' dir='ltr'>εἷς</span> <span class='ocrx_word' id='word_1_59' title='bbox 1116 1071 1280 1175; x_wconf 84' lang='grc' dir='ltr'>Χριστὸν</span> 
     </span>
     <span class='ocr_line' id='line_1_8' title="bbox 78 1189 1280 1301; baseline 0.007 -31"><span class='ocrx_word' id='word_1_60' title='bbox 78 1191 207 1288; x_wconf 87' lang='grc' dir='ltr'>ε’λπίδι,</span> <span class='ocrx_word' id='word_1_61' title='bbox 237 1189 514 1288; x_wconf 80' lang='grc' dir='ltr'>βεβαιουμένους</span> <span class='ocrx_word' id='word_1_62' title='bbox 546 1196 596 1275; x_wconf 87' lang='grc' dir='ltr'>είς</span> <span class='ocrx_word' id='word_1_63' title='bbox 627 1193 821 1295; x_wconf 88' lang='grc' dir='ltr'>εύθαρσίαυ</span> <span class='ocrx_word' id='word_1_64' title='bbox 853 1191 920 1292; x_wconf 87' lang='grc' dir='ltr'>τὴν</span> <span class='ocrx_word' id='word_1_65' title='bbox 955 1197 1012 1275; x_wconf 82' lang='grc' dir='ltr'>ἐπὶ</span> <span class='ocrx_word' id='word_1_66' title='bbox 1049 1199 1101 1301; x_wconf 76' lang='grc' dir='ltr'>τῷ</span> <span class='ocrx_word' id='word_1_67' title='bbox 1136 1195 1280 1278; x_wconf 85' lang='grc' dir='ltr'>πάντως</span> 
     </span>
     <span class='ocr_line' id='line_1_9' title="bbox 79 1311 1279 1422; baseline 0.004 -28"><span class='ocrx_word' id='word_1_68' title='bbox 79 1313 388 1416; x_wconf 76' lang='grc' dir='ltr'>διασωθῆσεσθοι,</span> <span class='ocrx_word' id='word_1_69' title='bbox 406 1311 474 1395; x_wconf 77' lang='grc' dir='ltr'>κᾶν</span> <span class='ocrx_word' id='word_1_70' title='bbox 490 1316 630 1396; x_wconf 91' lang='grc' dir='ltr'>πολλοί</span> <span class='ocrx_word' id='word_1_71' title='bbox 643 1348 736 1400; x_wconf 87' lang='grc' dir='ltr'>τινες</span> <span class='ocrx_word' id='word_1_72' title='bbox 753 1317 845 1414; x_wconf 80' lang='grc' dir='ltr'>ἡμᾶς</span> <span class='ocrx_word' id='word_1_73' title='bbox 864 1321 896 1397; x_wconf 83' lang='grc' dir='ltr'>οῖ</span> <span class='ocrx_word' id='word_1_74' title='bbox 914 1321 953 1397; x_wconf 86' lang='grc' dir='ltr'>ἐκ</span> <span class='ocrx_word' id='word_1_75' title='bbox 971 1325 1034 1398; x_wconf 86' lang='grc' dir='ltr'>τοῦ</span> <span class='ocrx_word' id='word_1_76' title='bbox 1051 1317 1279 1422; x_wconf 83' lang='grc' dir='ltr'>πειράζεσθαι</span> 
     </span>
     <span class='ocr_line' id='line_1_10' title="bbox 78 1436 462 1545; baseline -0.003 -27"><span class='ocrx_word' id='word_1_77' title='bbox 78 1436 320 1541; x_wconf 77' lang='grc' dir='ltr'>περικλύζωσι</span> <span class='ocrx_word' id='word_1_78' title='bbox 338 1439 462 1545; x_wconf 82' lang='grc' dir='ltr'>φόβοι.</span> 
     </span>
    </p>

    <p class='ocr_par' dir='ltr' id='par_1_4' title="bbox 25 1560 1308 2166">
     <span class='ocr_line' id='line_1_11' title="bbox 25 1560 1280 1666; baseline 0.002 -23"><span class='ocrx_word' id='word_1_79' title='bbox 25 1587 67 1631; x_wconf 79' lang='lat'>¹0</span> <span class='ocrx_word' id='word_1_80' title='bbox 135 1560 318 1666; x_wconf 68' lang='grc' dir='ltr'>Ἑπιτήρει</span> <span class='ocrx_word' id='word_1_81' title='bbox 349 1560 422 1665; x_wconf 82' lang='grc' dir='ltr'>γὰρ</span> <span class='ocrx_word' id='word_1_82' title='bbox 456 1561 553 1647; x_wconf 78' lang='grc' dir='ltr'>όπως</span> <span class='ocrx_word' id='word_1_83' title='bbox 585 1564 649 1643; x_wconf 88' lang='grc' dir='ltr'>ούκ</span> <span class='ocrx_word' id='word_1_84' title='bbox 681 1562 782 1649; x_wconf 79' lang='grc' dir='ltr'>εὐθὺς</span> <span class='ocrx_word' id='word_1_85' title='bbox 812 1564 1102 1665; x_wconf 87' lang='grc' dir='ltr'>άποπλεύσασιν,</span> <span class='ocrx_word' id='word_1_86' title='bbox 1132 1565 1212 1647; x_wconf 77' lang='grc' dir='ltr'>ούδέ</span> <span class='ocrx_word' id='word_1_87' title='bbox 1241 1568 1280 1646; x_wconf 83' lang='grc' dir='ltr'>ἐν</span> 
     </span>
     <span class='ocr_line' id='line_1_12' title="bbox 79 1685 1275 1798; baseline 0.003 -32"><span class='ocrx_word' id='word_1_88' title='bbox 79 1690 175 1792; x_wconf 74' lang='grc' dir='ltr'>ἀρχῇ</span> <span class='ocrx_word' id='word_1_89' title='bbox 192 1693 265 1767; x_wconf 81' lang='grc' dir='ltr'>τῶν</span> <span class='ocrx_word' id='word_1_90' title='bbox 284 1685 465 1782; x_wconf 81' lang='grc' dir='ltr'>κινδύνων,</span> <span class='ocrx_word' id='word_1_91' title='bbox 483 1694 557 1771; x_wconf 90' lang='grc' dir='ltr'>τοῖς</span> <span class='ocrx_word' id='word_1_92' title='bbox 576 1690 614 1767; x_wconf 81' lang='grc' dir='ltr'>ἐν</span> <span class='ocrx_word' id='word_1_93' title='bbox 631 1692 682 1796; x_wconf 78' lang='grc' dir='ltr'>τῷ</span> <span class='ocrx_word' id='word_1_94' title='bbox 700 1687 837 1795; x_wconf 79' lang='grc' dir='ltr'>σκάφει</span> <span class='ocrx_word' id='word_1_95' title='bbox 854 1689 1018 1792; x_wconf 82' lang='grc' dir='ltr'>Χριστὸς</span> <span class='ocrx_word' id='word_1_96' title='bbox 1039 1692 1275 1798; x_wconf 82' lang='grc' dir='ltr'>ἐπιφαίνεται,</span> 
     </span>
     <span class='ocr_line' id='line_1_13' title="bbox 78 1804 1279 1916; baseline 0.004 -27"><span class='ocrx_word' id='word_1_97' title='bbox 78 1810 165 1889; x_wconf 78' lang='grc' dir='ltr'>ἀλλ’</span> <span class='ocrx_word' id='word_1_98' title='bbox 189 1807 247 1889; x_wconf 79' lang='grc' dir='ltr'>ὅτε</span> <span class='ocrx_word' id='word_1_99' title='bbox 275 1804 431 1893; x_wconf 80' lang='grc' dir='ltr'>σταδίοις</span> <span class='ocrx_word' id='word_1_100' title='bbox 458 1810 742 1914; x_wconf 80' lang='grc' dir='ltr'>άπευοσφίζοντο</span> <span class='ocrx_word' id='word_1_101' title='bbox 769 1817 833 1912; x_wconf 75' lang='grc' dir='ltr'>τῆς</span> <span class='ocrx_word' id='word_1_102' title='bbox 860 1812 1007 1916; x_wconf 83' lang='grc' dir='ltr'>ἠπείρου</span> <span class='ocrx_word' id='word_1_103' title='bbox 1031 1821 1196 1897; x_wconf 75' lang='grc' dir='ltr'>πολλοῖς.</span> <span class='ocrx_word' id='word_1_104' title='bbox 1237 1815 1279 1894; x_wconf 91' lang='grc' dir='ltr'>ού</span> 
     </span>
     <span class='ocr_line' id='line_1_14' title="bbox 78 1931 1308 2039; baseline 0.005 -27"><span class='ocrx_word' id='word_1_105' title='bbox 78 1931 152 2037; x_wconf 77' lang='grc' dir='ltr'>γὰρ</span> <span class='ocrx_word' id='word_1_106' title='bbox 168 1932 270 2018; x_wconf 79' lang='grc' dir='ltr'>εὐθύς</span> <span class='ocrx_word' id='word_1_107' title='bbox 295 1932 492 2038; x_wconf 75' lang='grc' dir='ltr'>ἀρχομένης</span> <span class='ocrx_word' id='word_1_108' title='bbox 515 1936 579 2032; x_wconf 79' lang='grc' dir='ltr'>τῆς</span> <span class='ocrx_word' id='word_1_109' title='bbox 602 1935 903 2035; x_wconf 83' lang='grc' dir='ltr'>ἐκταρασσούσης</span> <span class='ocrx_word' id='word_1_110' title='bbox 920 1937 1012 2035; x_wconf 80' lang='grc' dir='ltr'>ἡμᾶς</span> <span class='ocrx_word' id='word_1_111' title='bbox 1030 1937 1308 2039; x_wconf 86' lang='grc' dir='ltr'>περιστάσεωςο</span> 
     </span>
     <span class='ocr_line' id='line_1_15' title="bbox 79 2055 1278 2166; baseline 0.004 -31"><span class='ocrx_word' id='word_1_112' title='bbox 79 2057 186 2157; x_wconf 80' lang='grc' dir='ltr'>ἡτσῖι</span> <span class='ocrx_word' id='word_1_113' title='bbox 208 2056 445 2159; x_wconf 63' lang='grc' dir='ltr'>διασύᾷιντος</span> <span class='ocrx_word' id='word_1_114' title='bbox 469 2055 573 2161; x_wconf 88' lang='grc' dir='ltr'>χάρις</span> <span class='ocrx_word' id='word_1_115' title='bbox 595 2058 774 2164; x_wconf 76' lang='grc' dir='ltr'>ἐπιφοιτᾷ,</span> <span class='ocrx_word' id='word_1_116' title='bbox 792 2059 877 2137; x_wconf 84' lang='grc' dir='ltr'>ἀλλ’</span> <span class='ocrx_word' id='word_1_117' title='bbox 898 2057 985 2138; x_wconf 84' lang='grc' dir='ltr'>όταν</span> <span class='ocrx_word' id='word_1_118' title='bbox 1004 2059 1151 2166; x_wconf 81' lang='grc' dir='ltr'>άκμάση</span> <span class='ocrx_word' id='word_1_119' title='bbox 1172 2059 1239 2159; x_wconf 82' lang='grc' dir='ltr'>μὲν</span> <span class='ocrx_word' id='word_1_120' title='bbox 1257 2063 1278 2140; x_wconf 89' lang='grc' dir='ltr'>ὁ</span> 
     </span>
    </p>

    <p class='ocr_par' dir='ltr' id='par_1_5' title="bbox 26 2178 1281 2534">
     <span class='ocr_line' id='line_1_16' title="bbox 26 2178 1281 2293; baseline -0.002 -29"><span class='ocrx_word' id='word_1_121' title='bbox 26 2202 66 2264; x_wconf 77' lang='lat'>¹5</span> <span class='ocrx_word' id='word_1_122' title='bbox 79 2178 208 2293; x_wconf 76' lang='grc' dir='ltr'>φόβος,</span> <span class='ocrx_word' id='word_1_123' title='bbox 239 2182 410 2286; x_wconf 85' lang='grc' dir='ltr'>φαίνηται</span> <span class='ocrx_word' id='word_1_124' title='bbox 443 2178 481 2260; x_wconf 75' lang='grc' dir='ltr'>δὲ</span> <span class='ocrx_word' id='word_1_125' title='bbox 513 2180 583 2281; x_wconf 80' lang='grc' dir='ltr'>ἤδη</span> <span class='ocrx_word' id='word_1_126' title='bbox 614 2179 704 2260; x_wconf 82' lang='grc' dir='ltr'>κατὰ</span> <span class='ocrx_word' id='word_1_127' title='bbox 737 2180 868 2284; x_wconf 89' lang='grc' dir='ltr'>κράτος</span> <span class='ocrx_word' id='word_1_128' title='bbox 898 2184 918 2261; x_wconf 90' lang='grc' dir='ltr'>ό</span> <span class='ocrx_word' id='word_1_129' title='bbox 951 2183 1121 2280; x_wconf 89' lang='grc' dir='ltr'>κίνδυνος,</span> <span class='ocrx_word' id='word_1_130' title='bbox 1148 2185 1208 2263; x_wconf 78' lang='grc' dir='ltr'>καὶ</span> <span class='ocrx_word' id='word_1_131' title='bbox 1242 2185 1281 2262; x_wconf 82' lang='grc' dir='ltr'>ἐν</span> 
     </span>
     <span class='ocr_line' id='line_1_17' title="bbox 77 2301 1277 2412; baseline 0.003 -29"><span class='ocrx_word' id='word_1_132' title='bbox 77 2301 215 2404; x_wconf 77' lang='grc' dir='ltr'>με’σοις,</span> <span class='ocrx_word' id='word_1_133' title='bbox 233 2304 276 2384; x_wconf 76' lang='grc' dir='ltr'>ἵν’</span> <span class='ocrx_word' id='word_1_134' title='bbox 300 2305 413 2386; x_wconf 83' lang='grc' dir='ltr'>ούτως</span> <span class='ocrx_word' id='word_1_135' title='bbox 440 2303 538 2401; x_wconf 90' lang='grc' dir='ltr'>ε’ίπω,</span> <span class='ocrx_word' id='word_1_136' title='bbox 562 2311 636 2389; x_wconf 90' lang='grc' dir='ltr'>τοῖς</span> <span class='ocrx_word' id='word_1_137' title='bbox 662 2304 797 2403; x_wconf 92' lang='grc' dir='ltr'>κύμασι</span> <span class='ocrx_word' id='word_1_138' title='bbox 825 2312 898 2384; x_wconf 82' lang='grc' dir='ltr'>τῶν</span> <span class='ocrx_word' id='word_1_139' title='bbox 920 2308 1086 2412; x_wconf 76' lang='grc' dir='ltr'>θλίψεων</span> <span class='ocrx_word' id='word_1_140' title='bbox 1105 2305 1277 2410; x_wconf 86' lang='grc' dir='ltr'>εύρισκιό·</span> 
     </span>
     <span class='ocr_line' id='line_1_18' title="bbox 78 2424 1277 2534; baseline 0.003 -27"><span class='ocrx_word' id='word_1_141' title='bbox 78 2433 185 2526; x_wconf 88' lang='grc' dir='ltr'>μεθα·</span> <span class='ocrx_word' id='word_1_142' title='bbox 214 2424 295 2509; x_wconf 85' lang='grc' dir='ltr'>τότε</span> <span class='ocrx_word' id='word_1_143' title='bbox 322 2426 366 2527; x_wconf 74' lang='grc' dir='ltr'>δὴ</span> <span class='ocrx_word' id='word_1_144' title='bbox 391 2431 449 2507; x_wconf 81' lang='grc' dir='ltr'>καὶ</span> <span class='ocrx_word' id='word_1_145' title='bbox 474 2426 655 2527; x_wconf 81' lang='grc' dir='ltr'>ἀδοκήτως</span> <span class='ocrx_word' id='word_1_146' title='bbox 673 2429 894 2534; x_wconf 83' lang='grc' dir='ltr'>ἐπιφαίνεται</span> <span class='ocrx_word' id='word_1_147' title='bbox 911 2429 1083 2533; x_wconf 85' lang='grc' dir='ltr'>Χριστὸς,</span> <span class='ocrx_word' id='word_1_148' title='bbox 1102 2434 1160 2511; x_wconf 81' lang='grc' dir='ltr'>καὶ</span> <span class='ocrx_word' id='word_1_149' title='bbox 1177 2464 1277 2534; x_wconf 88' lang='grc' dir='ltr'>περι·</span> 
     </span>
    </p>
   </div>
   <div class='ocr_carea' id='block_1_3' title="bbox 24 2547 1282 2899">
    <p class='ocr_par' dir='ltr' id='par_1_6' title="bbox 24 2547 1282 2899">
     <span class='ocr_line' id='line_1_19' title="bbox 78 2547 1282 2660; baseline 0.005 -30"><span class='ocrx_word' id='word_1_150' title='bbox 78 2547 233 2630; x_wconf 67' lang='grc' dir='ltr'>στέλλει</span> <span class='ocrx_word' id='word_1_151' title='bbox 266 2548 333 2650; x_wconf 75' lang='grc' dir='ltr'>μὲν</span> <span class='ocrx_word' id='word_1_152' title='bbox 363 2550 428 2632; x_wconf 82' lang='grc' dir='ltr'>τὸν</span> <span class='ocrx_word' id='word_1_153' title='bbox 459 2549 588 2658; x_wconf 84' lang='grc' dir='ltr'>φόβον,</span> <span class='ocrx_word' id='word_1_154' title='bbox 620 2550 783 2632; x_wconf 79' lang='grc' dir='ltr'>κινδύνου</span> <span class='ocrx_word' id='word_1_155' title='bbox 819 2551 857 2632; x_wconf 76' lang='grc' dir='ltr'>δὲ</span> <span class='ocrx_word' id='word_1_156' title='bbox 894 2553 1100 2660; x_wconf 81' lang='grc' dir='ltr'>ἀπαλλάξει</span> <span class='ocrx_word' id='word_1_157' title='bbox 1136 2553 1282 2655; x_wconf 83' lang='grc' dir='ltr'>παντὸς,</span> 
     </span>
     <span class='ocr_line' id='line_1_20' title="bbox 79 2671 1282 2782; baseline 0.001 -25"><span class='ocrx_word' id='word_1_158' title='bbox 79 2671 211 2782; x_wconf 80' lang='grc' dir='ltr'>άφάτφ</span> <span class='ocrx_word' id='word_1_159' title='bbox 238 2674 384 2775; x_wconf 89' lang='grc' dir='ltr'>δυνάμει</span> <span class='ocrx_word' id='word_1_160' title='bbox 410 2677 607 2773; x_wconf 80' lang='grc' dir='ltr'>μετατιθεὶς</span> <span class='ocrx_word' id='word_1_161' title='bbox 634 2672 680 2754; x_wconf 77' lang='grc' dir='ltr'>τό</span> <span class='ocrx_word' id='word_1_162' title='bbox 708 2674 815 2774; x_wconf 82' lang='grc' dir='ltr'>δεινὰ,</span> <span class='ocrx_word' id='word_1_163' title='bbox 844 2675 1005 2781; x_wconf 89' lang='grc' dir='ltr'>καθάπερ</span> <span class='ocrx_word' id='word_1_164' title='bbox 1037 2685 1086 2762; x_wconf 84' lang='grc' dir='ltr'>είς</span> <span class='ocrx_word' id='word_1_165' title='bbox 1117 2677 1282 2780; x_wconf 80' lang='grc' dir='ltr'>γαλήνην</span> 
     </span>
     <span class='ocr_line' id='line_1_21' title="bbox 24 2794 354 2899; baseline -0.003 -20"><span class='ocrx_word' id='word_1_166' title='bbox 24 2826 66 2870; x_wconf 74' lang='lat'>²0</span> <span class='ocrx_word' id='word_1_167' title='bbox 79 2794 149 2897; x_wconf 79' lang='grc' dir='ltr'>τὴν</span> <span class='ocrx_word' id='word_1_168' title='bbox 175 2800 354 2899; x_wconf 80' lang='grc' dir='ltr'>εὐθυμίαν.</span> 
     </span>
    </p>
   </div>
   <div class='ocr_carea' id='block_1_4' title="bbox 1292 2917 1448 2974">
    <p class='ocr_par' dir='ltr' id='par_1_7' title="bbox 1292 2917 1448 2974">
     <span class='ocr_line' id='line_1_22' title="bbox 1292 2917 1448 2974; baseline 0.013 -2"><span class='ocrx_word' id='word_1_169' title='bbox 1292 2932 1311 2972; x_wconf 85' lang='grc' dir='ltr'>ο</span> <span class='ocrx_word' id='word_1_170' title='bbox 1333 2917 1448 2974; x_wconf 70' lang='grc' dir='ltr'>ΜΔ.</span> 
     </span>
    </p>
   </div>
   <div class='ocr_carea' id='block_1_5' title="bbox 314 3126 1044 3206">
    <p class='ocr_par' dir='ltr' id='par_1_8' title="bbox 314 3126 1044 3206">
     <span class='ocr_line' id='line_1_23' title="bbox 314 3126 1044 3206; baseline -0.005 -8"><span class='ocrx_word' id='word_1_171' title='bbox 314 3131 352 3200; x_wconf 86' lang='grc' dir='ltr'>τὸ</span> <span class='ocrx_word' id='word_1_172' title='bbox 379 3129 494 3198; x_wconf 85' lang='grc' dir='ltr'>πλοῖον</span> <span class='ocrx_word' id='word_1_173' title='bbox 521 3130 576 3197; x_wconf 75' lang='grc' dir='ltr'>ἐπὶ</span> <span class='ocrx_word' id='word_1_174' title='bbox 602 3139 659 3197; x_wconf 68' lang='grc' dir='ltr'>τῆς</span> <span class='ocrx_word' id='word_1_175' title='bbox 687 3138 742 3206; x_wconf 67' lang='grc' dir='ltr'>τῆς</span> <span class='ocrx_word' id='word_1_176' title='bbox 770 3126 816 3195; x_wconf 79' lang='grc' dir='ltr'>εἰς</span> <span class='ocrx_word' id='word_1_177' title='bbox 845 3130 884 3195; x_wconf 76' lang='grc' dir='ltr'>ιίν</span> <span class='ocrx_word' id='word_1_178' title='bbox 912 3129 1044 3203; x_wconf 67' lang='grc' dir='ltr'>ὑπλτον.</span> 
     </span>
    </p>
   </div>
   <div class='ocr_carea' id='block_1_6' title="bbox 22 3293 1312 4441">
    <p class='ocr_par' dir='ltr' id='par_1_9' title="bbox 22 3293 1312 4142">
     <span class='ocr_line' id='line_1_24' title="bbox 138 3293 1281 3398; baseline 0.006 -25"><span class='ocrx_word' id='word_1_179' title='bbox 138 3296 196 3373; x_wconf 89' lang='grc' dir='ltr'>Ού</span> <span class='ocrx_word' id='word_1_180' title='bbox 215 3295 385 3374; x_wconf 88' lang='grc' dir='ltr'>κινδύνων</span> <span class='ocrx_word' id='word_1_181' title='bbox 403 3294 514 3393; x_wconf 90' lang='grc' dir='ltr'>μόνον</span> <span class='ocrx_word' id='word_1_182' title='bbox 532 3293 757 3375; x_wconf 84' lang='grc' dir='ltr'>ἀπαλλάττει</span> <span class='ocrx_word' id='word_1_183' title='bbox 782 3293 864 3379; x_wconf 79' lang='grc' dir='ltr'>τοὺς</span> <span class='ocrx_word' id='word_1_184' title='bbox 888 3297 1084 3397; x_wconf 83' lang='grc' dir='ltr'>πλωτῆρας</span> <span class='ocrx_word' id='word_1_185' title='bbox 1108 3296 1128 3374; x_wconf 88' lang='grc' dir='ltr'><strong><em>ὁ</em></strong></span> <span class='ocrx_word' id='word_1_186' title='bbox 1148 3293 1281 3398; x_wconf 86' lang='grc' dir='ltr'>Κύριος</span> 
     </span>
     <span class='ocr_line' id='line_1_25' title="bbox 79 3416 1280 3525; baseline 0.002 -26"><span class='ocrx_word' id='word_1_187' title='bbox 79 3417 294 3525; x_wconf 72' lang='grc' dir='ltr'>παραδόξως</span> <span class='ocrx_word' id='word_1_188' title='bbox 331 3419 451 3503; x_wconf 83' lang='grc' dir='ltr'>αὐτοῖς</span> <span class='ocrx_word' id='word_1_189' title='bbox 487 3417 709 3523; x_wconf 81' lang='grc' dir='ltr'>ἐπιλάμφας,</span> <span class='ocrx_word' id='word_1_190' title='bbox 746 3419 832 3497; x_wconf 80' lang='grc' dir='ltr'>ἀλλ’</span> <span class='ocrx_word' id='word_1_191' title='bbox 868 3417 939 3518; x_wconf 84' lang='grc' dir='ltr'>ἤδη</span> <span class='ocrx_word' id='word_1_192' title='bbox 977 3421 1036 3499; x_wconf 84' lang='grc' dir='ltr'>καὶ</span> <span class='ocrx_word' id='word_1_193' title='bbox 1070 3416 1182 3499; x_wconf 89' lang='grc' dir='ltr'>πόνου</span> <span class='ocrx_word' id='word_1_194' title='bbox 1222 3423 1280 3501; x_wconf 83' lang='grc' dir='ltr'>καὶ</span> 
     </span>
     <span class='ocr_line' id='line_1_26' title="bbox 22 3539 1280 3649; baseline -0.002 -24"><span class='ocrx_word' id='word_1_195' title='bbox 22 3562 66 3626; x_wconf 78' lang='lat'>²5</span> <span class='ocrx_word' id='word_1_196' title='bbox 81 3541 240 3646; x_wconf 83' lang='grc' dir='ltr'>ῖδριότων</span> <span class='ocrx_word' id='word_1_197' title='bbox 260 3542 448 3644; x_wconf 80' lang='grc' dir='ltr'>ἐλευθεροῖ,</span> <span class='ocrx_word' id='word_1_198' title='bbox 468 3539 613 3639; x_wconf 88' lang='grc' dir='ltr'>δυνάμει</span> <span class='ocrx_word' id='word_1_199' title='bbox 639 3543 684 3645; x_wconf 80' lang='grc' dir='ltr'>τῇ</span> <span class='ocrx_word' id='word_1_200' title='bbox 713 3546 902 3645; x_wconf 85' lang='grc' dir='ltr'>θεοπρεπεῖ</span> <span class='ocrx_word' id='word_1_201' title='bbox 922 3547 968 3649; x_wconf 82' lang='grc' dir='ltr'>τῇ</span> <span class='ocrx_word' id='word_1_202' title='bbox 994 3544 1071 3621; x_wconf 88' lang='grc' dir='ltr'>κατ’</span> <span class='ocrx_word' id='word_1_203' title='bbox 1090 3544 1280 3646; x_wconf 86' lang='grc' dir='ltr'>άντίπεραν</span> 
     </span>
     <span class='ocr_line' id='line_1_27' title="bbox 80 3662 1276 3770; baseline 0 -24"><span class='ocrx_word' id='word_1_204' title='bbox 80 3670 130 3770; x_wconf 80' lang='grc' dir='ltr'>γῇ</span> <span class='ocrx_word' id='word_1_205' title='bbox 154 3666 395 3769; x_wconf 74' lang='grc' dir='ltr'>προσερεῖσαι</span> <span class='ocrx_word' id='word_1_206' title='bbox 420 3664 462 3743; x_wconf 86' lang='grc' dir='ltr'>τὸ</span> <span class='ocrx_word' id='word_1_207' title='bbox 488 3662 646 3770; x_wconf 91' lang='grc' dir='ltr'>σκάφος·</span> <span class='ocrx_word' id='word_1_208' title='bbox 678 3669 711 3744; x_wconf 88' lang='grc' dir='ltr'>οῖ</span> <span class='ocrx_word' id='word_1_209' title='bbox 735 3663 802 3764; x_wconf 77' lang='grc' dir='ltr'>μὲν</span> <span class='ocrx_word' id='word_1_210' title='bbox 819 3664 890 3768; x_wconf 80' lang='grc' dir='ltr'>γὰρ</span> <span class='ocrx_word' id='word_1_211' title='bbox 907 3664 1161 3769; x_wconf 89' lang='grc' dir='ltr'>προσεδόκουν,</span> <span class='ocrx_word' id='word_1_212' title='bbox 1180 3668 1276 3767; x_wconf 81' lang='grc' dir='ltr'>ἐρέτ-</span> 
     </span>
     <span class='ocr_line' id='line_1_28' title="bbox 80 3787 1280 3888; baseline 0 -20"><span class='ocrx_word' id='word_1_213' title='bbox 80 3822 202 3872; x_wconf 87' lang='grc' dir='ltr'>τοντες</span> <span class='ocrx_word' id='word_1_214' title='bbox 238 3787 290 3869; x_wconf 82' lang='grc' dir='ltr'>ἔτι</span> <span class='ocrx_word' id='word_1_215' title='bbox 324 3788 430 3888; x_wconf 86' lang='grc' dir='ltr'>μόλις</span> <span class='ocrx_word' id='word_1_216' title='bbox 468 3787 645 3870; x_wconf 88' lang='grc' dir='ltr'>δύνασθαι</span> <span class='ocrx_word' id='word_1_217' title='bbox 680 3794 872 3884; x_wconf 87' lang='grc' dir='ltr'>διεκπλεῖν,</span> <span class='ocrx_word' id='word_1_218' title='bbox 914 3789 934 3866; x_wconf 88' lang='grc' dir='ltr'><strong>ὁ</strong></span> <span class='ocrx_word' id='word_1_219' title='bbox 971 3789 1009 3868; x_wconf 80' lang='grc' dir='ltr'>δὲ</span> <span class='ocrx_word' id='word_1_220' title='bbox 1047 3793 1106 3870; x_wconf 84' lang='grc' dir='ltr'>καὶ</span> <span class='ocrx_word' id='word_1_221' title='bbox 1144 3788 1280 3869; x_wconf 88' lang='grc' dir='ltr'>τούτων</span> 
     </span>
     <span class='ocr_line' id='line_1_29' title="bbox 80 3909 1279 4022; baseline 0 -29"><span class='ocrx_word' id='word_1_222' title='bbox 80 3912 249 4020; x_wconf 81' lang='grc' dir='ltr'>ἐξίστησι</span> <span class='ocrx_word' id='word_1_223' title='bbox 276 3918 348 3992; x_wconf 80' lang='grc' dir='ltr'>τῶν</span> <span class='ocrx_word' id='word_1_224' title='bbox 373 3909 495 3992; x_wconf 91' lang='grc' dir='ltr'>πόνων</span> <span class='ocrx_word' id='word_1_225' title='bbox 522 3911 658 4011; x_wconf 80' lang='grc' dir='ltr'>αὐτοὺς,</span> <span class='ocrx_word' id='word_1_226' title='bbox 686 3919 838 3995; x_wconf 83' lang='grc' dir='ltr'>πολλῶν</span> <span class='ocrx_word' id='word_1_227' title='bbox 865 3913 905 3992; x_wconf 81' lang='grc' dir='ltr'>ἐν</span> <span class='ocrx_word' id='word_1_228' title='bbox 932 3913 1045 4020; x_wconf 78' lang='grc' dir='ltr'>ὀλίγῳ</span> <span class='ocrx_word' id='word_1_229' title='bbox 1072 3914 1200 4016; x_wconf 85' lang='grc' dir='ltr'>κομιδῇ</span> <span class='ocrx_word' id='word_1_230' title='bbox 1227 3918 1279 4022; x_wconf 76' lang='grc' dir='ltr'>τῷ</span> 
     </span>
     <span class='ocr_line' id='line_1_30' title="bbox 80 4031 1312 4142; baseline 0.006 -28"><span class='ocrx_word' id='word_1_231' title='bbox 80 4041 192 4142; x_wconf 74' lang='grc' dir='ltr'>καιρῷ</span> <span class='ocrx_word' id='word_1_232' title='bbox 212 4031 403 4134; x_wconf 89' lang='grc' dir='ltr'>θαυμάτων</span> <span class='ocrx_word' id='word_1_233' title='bbox 421 4033 637 4139; x_wconf 78' lang='grc' dir='ltr'>δημιουργός</span> <span class='ocrx_word' id='word_1_234' title='bbox 660 4032 751 4135; x_wconf 79' lang='grc' dir='ltr'>πρὸς</span> <span class='ocrx_word' id='word_1_235' title='bbox 774 4037 1026 4142; x_wconf 82' lang='grc' dir='ltr'>πληροφορίαν</span> <span class='ocrx_word' id='word_1_236' title='bbox 1044 4035 1161 4118; x_wconf 87' lang='grc' dir='ltr'>αύτοῖς</span> <span class='ocrx_word' id='word_1_237' title='bbox 1186 4038 1274 4115; x_wconf 82' lang='grc' dir='ltr'>ἀνα·</span> <span class='ocrx_word' id='word_1_238' title='bbox 1290 4052 1312 4121; x_wconf 91' lang='lat' dir='ltr'>b</span> 
     </span>
    </p>

    <p class='ocr_par' dir='ltr' id='par_1_10' title="bbox 120 4226 1278 4300">
     <span class='ocr_line' id='line_1_31' title="bbox 120 4226 1278 4300; baseline -0.001 -17"><span class='ocrx_word' id='word_1_239' title='bbox 120 4245 145 4283; x_wconf 88' lang='lat'>1.</span> <span class='ocrx_word' id='word_1_240' title='bbox 163 4250 232 4299; x_wconf 89' lang='grc' dir='ltr'>παρα</span> <span class='ocrx_word' id='word_1_241' title='bbox 269 4226 332 4299; x_wconf 90' lang='grc' dir='ltr'>ημα]</span> <span class='ocrx_word' id='word_1_242' title='bbox 346 4230 499 4300; x_wconf 86' lang='grc' dir='ltr'>ποραπόντα</span> <span class='ocrx_word' id='word_1_243' title='bbox 513 4229 546 4283; x_wconf 86' lang='grc' dir='ltr'>Β.</span> <span class='ocrx_word' id='word_1_244' title='bbox 670 4244 697 4297; x_wconf 84' lang='grc'>5.</span> <span class='ocrx_word' id='word_1_245' title='bbox 715 4228 915 4284; x_wconf 51' lang='lat' dir='ltr'>rehabam?</span> <span class='ocrx_word' id='word_1_246' title='bbox 929 4228 1011 4285; x_wconf 78' lang='lat' dir='ltr'><strong>cord.</strong></span> <span class='ocrx_word' id='word_1_247' title='bbox 1023 4237 1149 4284; x_wconf 82' lang='lat' dir='ltr'>neutrum</span> <span class='ocrx_word' id='word_1_248' title='bbox 1161 4227 1241 4284; x_wconf 80' lang='lat' dir='ltr'>habet</span> <span class='ocrx_word' id='word_1_249' title='bbox 1253 4247 1278 4283; x_wconf 75' lang='lat' dir='ltr'>a.</span> 
     </span>
    </p>

    <p class='ocr_par' dir='ltr' id='par_1_11' title="bbox 82 4298 1280 4441">
     <span class='ocr_line' id='line_1_32' title="bbox 84 4298 1279 4372; baseline -0.001 -18"><span class='ocrx_word' id='word_1_250' title='bbox 84 4312 109 4369; x_wconf 97' lang='grc'>7.</span> <span class='ocrx_word' id='word_1_251' title='bbox 127 4300 228 4354; x_wconf 79' lang='grc' dir='ltr'>πάντας</span> <span class='ocrx_word' id='word_1_252' title='bbox 266 4299 359 4355; x_wconf 56' lang='lat' dir='ltr'><strong>,catu</strong></span> <span class='ocrx_word' id='word_1_253' title='bbox 371 4301 455 4355; x_wconf 83' lang='grc' dir='ltr'>πάντα</span> <span class='ocrx_word' id='word_1_254' title='bbox 467 4298 518 4355; x_wconf 81' lang='lat' dir='ltr'>Ed.</span> <span class='ocrx_word' id='word_1_255' title='bbox 608 4313 649 4371; x_wconf 82' lang='lat'>¹7·</span> <span class='ocrx_word' id='word_1_256' title='bbox 668 4301 1050 4372; x_wconf 61' lang='grc' dir='ltr'>ε’πιφονεῖται-περιστιλεῑα</span> <span class='ocrx_word' id='word_1_257' title='bbox 1136 4301 1177 4354; x_wconf 83' lang='grc'>18.</span> <span class='ocrx_word' id='word_1_258' title='bbox 1194 4300 1279 4354; x_wconf 75' lang='grc' dir='ltr'>ἀπαλ-</span> 
     </span>
     <span class='ocr_line' id='line_1_33' title="bbox 82 4368 1280 4441; baseline 0.002 -17"><span class='ocrx_word' id='word_1_259' title='bbox 82 4370 287 4440; x_wconf 64' lang='grc' dir='ltr'>λάττειΜίξαο.</span> <span class='ocrx_word' id='word_1_260' title='bbox 389 4386 430 4425; x_wconf 89' lang='grc' dir='ltr'>2ο.</span> <span class='ocrx_word' id='word_1_261' title='bbox 449 4368 583 4441; x_wconf 71' lang='grc' dir='ltr'>εὐθυμίαν]</span> <span class='ocrx_word' id='word_1_262' title='bbox 597 4370 721 4426; x_wconf 79' lang='grc' dir='ltr'>τύθοινίον</span> <span class='ocrx_word' id='word_1_263' title='bbox 734 4370 767 4426; x_wconf 84' lang='lat' dir='ltr'>B.</span> <span class='ocrx_word' id='word_1_264' title='bbox 866 4386 910 4440; x_wconf 84' lang='grc'>23.</span> <span class='ocrx_word' id='word_1_265' title='bbox 927 4371 1006 4438; x_wconf 83' lang='grc' dir='ltr'>μόνον</span> <span class='ocrx_word' id='word_1_266' title='bbox 1016 4368 1189 4441; x_wconf 78' lang='grc' dir='ltr'>ἀπαλλάττει]</span> <span class='ocrx_word' id='word_1_267' title='bbox 1201 4371 1280 4426; x_wconf 80' lang='grc' dir='ltr'>πόλιν</span> 
     </span>
    </p>
   </div>
   <div class='ocr_carea' id='block_1_7' title="bbox 82 4439 1281 4583">
    <p class='ocr_par' dir='ltr' id='par_1_12' title="bbox 82 4439 1281 4583">
     <span class='ocr_line' id='line_1_34' title="bbox 82 4439 1281 4512; baseline 0.001 -17"><span class='ocrx_word' id='word_1_268' title='bbox 82 4439 256 4495; x_wconf 73' lang='grc' dir='ltr'>ἀπαλλάττου</span> <span class='ocrx_word' id='word_1_269' title='bbox 269 4440 301 4495; x_wconf 90' lang='lat' dir='ltr'>B.</span> <span class='ocrx_word' id='word_1_270' title='bbox 415 4454 458 4512; x_wconf 86' lang='grc'>25.</span> <span class='ocrx_word' id='word_1_271' title='bbox 476 4440 612 4511; x_wconf 70' lang='grc' dir='ltr'>ἀντίπορος</span> <span class='ocrx_word' id='word_1_272' title='bbox 625 4440 658 4494; x_wconf 86' lang='grc' dir='ltr'>Β.</span> <span class='ocrx_word' id='word_1_273' title='bbox 772 4440 815 4495; x_wconf 86' lang='grc'>26.</span> <span class='ocrx_word' id='word_1_274' title='bbox 833 4439 1009 4512; x_wconf 78' lang='grc' dir='ltr'>προσωρήσας</span> <span class='ocrx_word' id='word_1_275' title='bbox 1021 4439 1053 4494; x_wconf 87' lang='grc' dir='ltr'>Β.</span> <span class='ocrx_word' id='word_1_276' title='bbox 1105 4441 1281 4510; x_wconf 82' lang='grc' dir='ltr'>προσεδόκουν</span> 
     </span>
     <span class='ocr_line' id='line_1_35' title="bbox 82 4509 1197 4583; baseline 0.003 -20"><span class='ocrx_word' id='word_1_277' title='bbox 82 4518 110 4564; x_wconf 83' lang='lat' dir='ltr'>et</span> <span class='ocrx_word' id='word_1_278' title='bbox 120 4510 290 4580; x_wconf 79' lang='grc' dir='ltr'>προσεδόκων</span> <span class='ocrx_word' id='word_1_279' title='bbox 300 4509 407 4566; x_wconf 78' lang='lat' dir='ltr'>exhibet</span> <span class='ocrx_word' id='word_1_280' title='bbox 420 4511 456 4566; x_wconf 93' lang='lat' dir='ltr'>D.</span> <span class='ocrx_word' id='word_1_281' title='bbox 468 4511 636 4580; x_wconf 78' lang='grc' dir='ltr'>προσεδόκων</span> <span class='ocrx_word' id='word_1_282' title='bbox 647 4511 760 4566; x_wconf 75' lang='lat' dir='ltr'>correxit</span> <span class='ocrx_word' id='word_1_283' title='bbox 772 4511 874 4583; x_wconf 76' lang='lat' dir='ltr'>Migne.</span> <span class='ocrx_word' id='word_1_284' title='bbox 948 4524 990 4582; x_wconf 90' lang='grc'>27.</span> <span class='ocrx_word' id='word_1_285' title='bbox 1008 4531 1039 4564; x_wconf 86' lang='grc' dir='ltr'>πο</span> <span class='ocrx_word' id='word_1_286' title='bbox 1051 4526 1101 4581; x_wconf 81' lang='lat' dir='ltr'>pro</span> <span class='ocrx_word' id='word_1_287' title='bbox 1112 4511 1151 4566; x_wconf 76' lang='grc' dir='ltr'>ίτι</span> <span class='ocrx_word' id='word_1_288' title='bbox 1163 4510 1197 4566; x_wconf 83' lang='grc' dir='ltr'>Β.</span> 
     </span>
    </p>
   </div>
   <div class='ocr_carea' id='block_1_8' title="bbox 0 0 1536 5018">
    <p class='ocr_par' dir='ltr' id='par_1_13' title="bbox 0 0 1536 5018">
     <span class='ocr_line' id='line_1_36' title="bbox 0 0 1536 5018; baseline 0 0"><span class='ocrx_word' id='word_1_289' title='bbox 0 0 1536 5018; x_wconf 95' lang='lat' dir='ltr'> </span> 
     </span>
    </p>
   </div>
  </div>
 </body>
</html>
