3038 5018
74 305 182 392 vi.63.
238 308 295 372 IN
325 307 359 372 S.
383 306 638 373 JOANNEM.
684 306 779 370 LIB.
804 307 864 371 IV.
911 307 1104 372 CARIII.
1207 308 1269 370 551

74 470 219 557 κύσεως
238 475 296 553 καὶ
312 473 403 572 μετὰ
419 471 485 574 τήν
499 471 698 578 σάρκωσιν,
714 475 772 553 καὶ
787 474 850 554 ούκ
864 471 1061 578 ἀλλότριον
1075 481 1139 554 τοῦ
1152 469 1276 572 Λόγου

73 593 115 673 τὸ
134 594 223 676 ἰ’διον
241 598 350 677 αύτοῦ
368 595 587 700 λογιούμεθα
611 604 730 696 σῶμα·
760 594 820 676 διὰ
842 595 914 701 γάρ
936 630 992 677 τοι
1011 606 1117 678 τοῦτο
1135 598 1192 676 καῖ
1213 595 1276 673 οῖον

73 716 239 825 ἀνθρώπου
252 722 348 825 φησὶ
360 720 424 801 τὸν
436 720 572 802 ἀνωθεν
585 721 629 829 ἐξ
640 722 792 825 ούρανοῦ
808 721 1129 827 καταφοιτήσαντα
1141 717 1274 819 Λόγου·

74 839 176 949 σάρξ
191 841 263 947 γάρ
280 843 429 945 ἐγένετο,
443 842 535 925 κατά
553 843 617 925 τὸν
634 842 810 949 μακάριον
829 845 1119 948 Εύαγγελιστήν,
1135 845 1193 922 καῖ
1212 843 1276 921 ούκ
1321 845 1430 972 {fmi-

41 969 124 1054 5εῖς
144 965 265 1068 σάρκα
287 965 549 1072 μεταχωρήσας
575 970 614 1048 ἐκ
640 971 885 1071 παρατροπῆς·
921 968 1095 1072 ἄτρεπτος
1120 964 1192 1069 γάρ
1218 970 1276 1045 καὶ

74 1091 318 1175 ἀναλλοίωτος
346 1091 438 1172 κατά
466 1092 580 1198 φύσιν
605 1094 717 1189 ε’στῖν,
741 1095 790 1176 ὡς
818 1090 923 1177 Θεύς·
956 1095 1112 1177 ἀλλ’ὡς
1138 1094 1175 1171 έν
1199 1092 1275 1196 ῖδῖερ

75 1211 292 1315 κατοικήσας
319 1219 404 1323 ναῷ,
428 1220 481 1324 τῷ
507 1218 546 1296 ἐκ
574 1212 753 1318 παρθένου
783 1216 887 1321 φημὶ,
913 1217 971 1295 καὶ
999 1216 1188 1314 ἅνθρωπος
1215 1247 1274 1314 γε·
1287 1249 1306 1288 ο
1326 1236 1390 1292 ³76
1402 1233 1441 1290 A.

76 1336 190 1439 γονάις
216 1338 307 1419 κατά
332 1338 447 1443 λόγον
469 1338 652 1439 ἀληθινόν.
697 1334 951 1438 ἀναβήσεσθαι
977 1337 1016 1418 δέ
1043 1339 1172 1440 λέγων,
1191 1336 1276 1417 ἔνθα

77 1465 138 1543 καὶ
167 1464 314 1572 πρύτεριι
344 1458 388 1562 ήν,
417 1463 547 1542 δίδωσί
573 1497 650 1547 πως
680 1464 811 1543 ἐννοεῖν
840 1469 915 1547 τοῖς
945 1461 1191 1566 ἀκροωμένοις,
1221 1459 1276 1539 ’ότι

22 1620 62 1663 10
75 1590 320 1690 καταβέβηκεν
338 1591 382 1699 έξ
404 1592 568 1695 ούρανοῦ·
600 1587 645 1689 ἦν
664 1588 736 1694 γάρ
760 1591 873 1674 οὕτως
899 1588 990 1674 εῖκὸς
1014 1589 1186 1672 συνέντας
1212 1596 1275 1667 τοῦ

75 1712 189 1818 λύγου
206 1713 272 1816 τὴν
289 1715 448 1814 δύναμιν,
467 1715 534 1818 ούχ
559 1717 607 1799 ὡς
631 1713 809 1821 ἀνθρώπῳ
832 1714 1024 1818 προσέχειν
1042 1712 1167 1812 μόνον,
1189 1714 1272 1791 ἀλλ’

75 1839 199 1919 εῖδέναι
226 1837 357 1919 λοιπὸν
380 1839 439 1918 καὶ
466 1834 532 1918 τὸν
558 1839 595 1917 έν
623 1839 733 1940 σαρκὶ
760 1835 857 1917 Θεὸν
877 1835 1009 1940 Λύγον,
1032 1838 1212 1918 πιστεύειν
1237 1870 1275 1918 τε

75 1961 131 2042 ὅτι
149 1965 207 2042 καὶ
226 1960 397 2064 ζωοποιὸν
416 1961 519 2043 έσται
538 1958 580 2040 τὸ
598 1967 709 2061 σῶμα
727 1962 845 2042 αύτοῦ.

120 2203 166 2270 Τὸ
194 2205 320 2282 πνεῦμά
348 2204 481 2274 ἔστιτὸ
508 2209 699 2294 ζωοποιοῦν,
728 2203 747 2267 ἡ
774 2203 856 2292 σὰρξ
883 2204 941 2268 οὐκ
968 2199 1094 2292 ὠφελεῖ
1121 2203 1227 2270 οὐδέν.
1288 2207 1327 2283 ⁶3

1287 2305 1309 2369 b

24 2389 61 2448 15
132 2367 190 2446 Ού
215 2363 373 2473 σφόδρα,
397 2370 524 2473 φησὶν,
545 2363 726 2452 ἀσυνέτως
750 2365 793 2447 τὸ
817 2364 867 2467 μὴ
894 2365 1070 2446 δύνασθαι
1096 2365 1276 2470 ζωοποιεῖν

75 2491 332 2593 περιτεθείκατε
360 2495 405 2597 τῇ
433 2492 555 2594 σαρκί·
600 2489 688 2572 ὅταν
715 2488 787 2593 γάρ
821 2488 912 2589 μόνη
946 2493 1068 2589 νοῆται
1102 2495 1159 2570 καὶ
1193 2491 1276 2572 καθ’

76 2610 203 2713 ἑαυτὴν
223 2615 247 2713 ἡ
271 2618 335 2714 τῆς
361 2610 498 2718 σαρκδς
523 2612 635 2722 φύσις
659 2648 747 2710 πως,
771 2615 835 2695 οὐκ
863 2613 966 2694 ἔσται
995 2612 1162 2714 δηλονότι
1189 2614 1277 2718 ζωο·

75 2735 189 2820 ποιός·
221 2741 437 2841 ζωογονήσει
455 2737 520 2836 μὲν
538 2735 609 2840 γάρ
633 2771 668 2817 τι
694 2744 768 2816 τῶν
787 2735 900 2818 ὄντων
919 2739 1093 2835 οὐδαμῶς,
1113 2740 1221 2818 δεῖται
1240 2737 1278 2817 δέ

75 2867 221 2959 μᾶλλον
239 2859 329 2962 αύτή
346 2869 411 2942 τοῦ
428 2861 614 2965 ζωογονεῖν
633 2859 834 2967 ἰσχύοντος.
874 2860 966 2942 έπὰν
984 2860 1022 2940 δέ
1048 2859 1089 2940 τά
1114 2862 1194 2964 περὶ
1214 2865 1278 2960 τῆς

23 3013 63 3052 20
75 2981 379 3087 ένανθρωπήσεως
418 2987 764 3088 πολυπραγμοιήται
805 2982 1014 3088 μυστήριον,
1054 2981 1129 3064 εἶτα
1165 2984 1218 3068 τίς
1257 2987 1277 3064 ὀ

75 3108 218 3186 ε’νοικῶν
247 3112 333 3213 τῇδε
365 3113 410 3213 τῇ
442 3112 552 3212 σαρκὶ
583 3106 797 3207 μανθάνήτε,
827 3105 1086 3207 διατεθήσεσθε
1116 3106 1274 3208 πάντως,
1360 3166 1363 3171 >

77 3235 203 3336 φησὶν,
229 3235 259 3310 εῖ
285 3229 335 3331 μὴ
363 3235 421 3310 καὶ
449 3233 558 3311 αὑτοῦ
585 3240 813 3335 κατηγορεῖτε
839 3240 903 3312 τοῦ
930 3232 1025 3312 θείου
1055 3232 1308 3332 Πνεύματος,ο

76 3354 131 3434 ὅτι
164 3354 310 3435 δύναται
337 3354 528 3458 ζωοποιεῖν,
557 3354 624 3436 κάν
651 3357 763 3456 μηδὲν
788 3355 883 3441 ὅλως
911 3360 928 3451 ἦ
961 3355 1048 3465 οῖιρξ
1079 3357 1123 3465 ἐξ
1152 3359 1278 3458 έαυτῆς

76 3482 211 3586 ὠφελῇ.
260 3477 380 3580 ἐπειδὴ
406 3479 478 3584 γάρ
502 3481 634 3581 ἥνωται
660 3485 711 3588 τῷ
738 3476 965 3582 ζωοποιοῦντι
991 3479 1112 3588 Λόγῳ,
1130 3479 1278 3583 γέγονεν

22 3623 63 3685 25
77 3602 146 3703 ὅλη
166 3603 335 3706 ζωοποιδς
354 3602 446 3709 πρῖις
468 3603 533 3706 τὴν
551 3612 616 3685 τοῦ
632 3603 818 3700 βελτίονος
836 3606 1094 3708 ἀναδραμοῦσα
1112 3602 1274 3702 δύναμιν,

76 3727 141 3806 ούκ
168 3725 257 3828 αύτή
284 3725 375 3831 πρὸς
402 3724 469 3828 τήν
494 3728 585 3808 ῖδίαν
609 3728 814 3829 βιασαμένη
843 3727 968 3836 φύσιν,
991 3727 1055 3809 τὸν
1079 3726 1277 3826 οὐδαμόθεν

77 3846 289 3946 ἡττώμενον.
320 3849 387 3930 κάν
405 3853 541 3958 ἀσθενῇ
560 3859 751 3956 τοιγαροῦν
768 3851 789 3951 ἡ
809 3855 873 3951 τῆς
891 3848 1026 3955 σαρκὸς
1045 3850 1168 3952 φύσις,
1187 3850 1277 3929 ὅσον

76 3971 160 4072 ἧκεν
185 3979 233 4058 εῖς
260 3972 398 4074 ἑαυτὴν,
423 3981 471 4059 εῖς
499 3976 540 4056 τὸ
569 3976 745 4056 δύνασθαι
773 3975 963 4079 ζωοποιεῖν,
985 3972 1070 4054 ἀλλ’
1097 3975 1160 4053 οὖν
1181 3976 1276 4079 ένερ-

75 4092 182 4198 γήσει
202 4104 307 4178 τοῦτο
324 4095 389 4179 τδν
405 4095 576 4201 ζωοποιὸν
594 4098 730 4204 έχουσα
750 4098 882 4200 Λόγον,
899 4101 958 4177 καὶ
975 4095 1066 4197 ὅλην
1085 4098 1192 4177 αύτοῦ
1209 4096 1276 4198 τήν

112 4325 138 4379 8.
157 4325 186 4379 δὲ
198 4342 252 4380 om.
267 4325 300 4381 B.
421 4342 432 4380 1
455 4366 462 4380 .
480 4327 555 4382 ἴαται
570 4326 602 4381 B.
616 4326 673 4382 ἐστι
688 4325 739 4380 Ed.
861 4324 902 4381 16.
920 4325 962 4380 καὶ
975 4333 1144 4397 assumptum
1157 4343 1190 4380 ex
1204 4325 1275 4380 B.D.

79 4409 121 4466 17.
140 4398 264 4464 ζωοποιός
276 4407 302 4451 et
313 4398 363 4469 γάρ
376 4414 429 4451 om.
470 4437 476 4452 .
602 4414 643 4468 19.
661 4398 721 4469 περὶ
734 4404 904 4468 assumptum
917 4415 950 4451 ex
965 4396 997 4450 B.
1118 4413 1161 4451 21.
1179 4397 1276 4465 μουθά·

76 4467 256 4594 γήτιέιίίύχνὴὶε
270 4485 351 4593 ests..
370 4468 435 4536 ζωήν
447 4485 496 4538 pro
508 4467 614 4537 δύναμιν
628 4468 660 4522 Β.
778 4481 821 4538 27.
836 4467 952 4538 ἀσθενής
965 4468 1035 4522 Catt.
1153 4484 1196 4538 29.
1215 4464 1273 4538 τὸν]
