3038 5018
263 303 328 366 εις
567 307 606 371 Β.
630 305 841 372 onum
871 305 1158 371 ALEXANDR.
1355 295 1469 382 vi.5⁶·

264 476 285 514 “
303 467 416 547 πίνων
443 470 482 547 ἐκ
510 477 575 549 τοῦ
601 471 774 572 ποτηρίου
805 469 960 576 ἀναξίως
987 475 1097 571 κρῖμα
1126 470 1239 573 ἑαυτῷ
1266 463 1383 544 ἐσθίει
1412 462 1471 538 καὶ

265 598 287 637 “
305 589 432 670 πίνει·”
470 590 670 692 δοκιμάσας
702 591 740 673 δὲ
772 592 818 673 τά
850 592 926 671 κατ’
955 589 1121 690 ἐμαυτὸν,
1150 591 1214 669 οὐκ
1244 586 1349 694 ἀξιον
1381 583 1472 663 ὅντα

264 713 405 806 βλέπω.

313 834 409 915 Πότε
426 838 546 917 τοίνυν
564 837 665 944 ἄξιος
683 837 761 943 ἔσῃ,
773 841 832 917 καὶ
848 836 933 939 παρ’
948 837 1049 936 ἡμῶν
1068 839 1089 917 ὁ
1106 845 1211 916 τοῦτο
1229 833 1348 935 λε’γων
1364 829 1472 910 ἀκού·

265 990 379 1069 σεται,
390 957 477 1040 πότε
495 959 633 1040 σαυτὸν
646 959 897 1064 παραστήσας
914 966 966 1068 τῷ
979 965 1132 1067 Χριστῷ
1146 993 1156 1055 ;
1179 964 1208 1039 εἰ
1226 954 1299 1059 γάρ
1317 955 1503 1054 μέλλοις5

266 1081 319 1158 ἀεὶ
337 1089 617 1163 καταπτοεῖσθαι
634 1090 708 1168 τοῖς
727 1082 985 1182 ὀλισθήμασιν,
1004 1080 1212 1162 ὀλισθάνων
1230 1078 1267 1159 δὲ
1287 1080 1352 1158 οὐκ
1373 1080 1470 1157 ἀπο·

150 1198 221 1250 “¹³⁸
236 1203 401 1309 οπαύση·
431 1215 453 1253 “
470 1205 537 1290 Τίς
563 1206 634 1310 γάρ
660 1205 813 1306 συνήσει
837 1203 1145 1308 παραπτώματα,”
1166 1201 1257 1283 κατά
1281 1198 1347 1281 τὸν
1367 1197 1473 1302 ἅγιον

267 1324 482 1435 ψαλμιρδύν,
511 1331 686 1434 ἀμέτοχος
714 1328 890 1436 εὐρεθήση
917 1335 1105 1413 παντελῶς
1133 1336 1197 1408 τοῦ
1229 1324 1474 1429 &aedanus

267 1450 463 1551 ἀγιασμοῦ.
503 1453 631 1531 οὐκοῦν
650 1458 759 1556 λογιῇ
782 1452 847 1552 μὲν
865 1453 1125 1553 εὐσεβέστερον
1142 1449 1326 1546 σύννομον
1343 1451 1470 1547 ε’πιτη·

268 1573 378 1652 δεύειν
405 1574 497 1669 βίον,
526 1573 724 1679 μεταλήψῃ
754 1575 792 1656 δὲ
820 1578 914 1656 οὕτω
942 1579 1006 1673 τῆς
1034 1575 1212 1676 εὐλογίας,
1239 1573 1282 1651 οὐ
1312 1568 1473 1650 θανάτου
1488 1601 1516 1639 1·

267 1695 390 1794 μόνον,
418 1695 520 1776 ἀλλά
555 1701 614 1776 καὶ
645 1704 717 1777 τῶν
749 1699 787 1776 έν
818 1699 903 1796 ἡμῖν
936 1695 1150 1796 νοσημάτων
1182 1691 1474 1797 ἀποκρουστικὴν

269 1815 357 1898 εἶναι
380 1820 593 1904 πιστεύσας·
624 1820 860 1923 κατακοιμίζει
885 1819 957 1923 γάρ
982 1822 1020 1899 έν
1042 1820 1125 1918 ἡμῖν
1143 1815 1301 1920 γεγονὼς
1327 1817 1348 1894 ὃ
1374 1820 1471 1918 Χρι·

269 1938 360 2025 στύς
376 1941 441 2022 τὸν
458 1945 496 2022 ἐν
514 1949 588 2026 τοῖς
610 1942 741 2040 μέλεσι
765 1947 829 2041 τῆς
855 1942 991 2045 σαρκὸς
1016 1943 1246 2045 ἀγριαίνοντα
1269 1938 1395 2038 νόμον,
1414 1939 1473 2017 καὶ

271 2063 492 2166 ἀναζωπυρεῖ
516 2064 581 2164 μέν
608 2063 675 2164 τὴν
702 2070 750 2148 εἱς
780 2063 876 2144 Θεὸν
906 2064 1107 2161 εὐλάβειαν,
1135 2067 1326 2164 ἀπονεκροῖ
1356 2061 1396 2140 δὲ
1426 2059 1475 2140 τὰ

271 2185 382 2285 πάθη,
399 2185 450 2286 μὴ
475 2184 703 2291 λογιζόμενος
727 2187 812 2286 ἡμῖν
837 2187 883 2267 τά
908 2190 946 2267 έν
968 2187 1020 2271 οἷς
1044 2190 1154 2286 ε’σμεν
1176 2184 1472 2288 παραπτώματα,
1490 2221 1519 2264 ι-

103 2369 169 2424 300
179 2367 218 2422 A·
243 2307 478 2422 ιιθεραπεύων
496 2307 534 2389 δὲ
559 2317 705 2408 μᾶλλον
729 2313 778 2394 ὡς
802 2311 1051 2411 νενοσηκότας.
1091 2311 1310 2407 καταδεσμεῖ
1330 2306 1407 2410 γὰρ
1432 2307 1476 2387 τό

104 2443 229 2492 Cfflflk
273 2432 582 2533 συντετριμμένον,
602 2433 727 2535 ἐγείρει
750 2430 793 2511 τὸ
816 2430 1013 2530 πεπτωκὸς,
1034 2435 1083 2515 ὡς
1102 2428 1236 2528 ποιμὴν
1253 2430 1395 2532 ἀγαθὸς
1413 2433 1479 2511 ’καὶ

104 2523 192 2622 {3¹¹⁹
273 2549 339 2652 τὴν
356 2551 482 2659 ψυχὴν
499 2555 626 2634 ἑαυτοῦ
644 2554 807 2639 τεθεικύις
826 2555 915 2658 ὑπὲρ
932 2562 1005 2636 τῶν
1022 2551 1228 2658 προβάτων.

99 1199 144 1250 Ρι.

102 1277 141 1329 13.

310 2791 337 2847 5.
355 2777 462 2848 μέλλοις
475 2778 508 2834 Β.
520 2778 627 2848 μέλλεις
639 2780 691 2836 Ed.
815 2782 841 2838 6.
860 2783 1008 2838 ὀλισθάνειν
1020 2781 1053 2836 Β.
1065 2779 1224 2836 θλιοθαίνων
1235 2777 1288 2834 Ed.
1350 2780 1401 2836 οὐκ
1412 2782 1481 2837 ἀπο-

274 2848 363 2918 παύση
377 2848 410 2902 Β.
423 2850 469 2903 οὐκ
481 2848 513 2904 ἀν
523 2871 587 2904 ποτε
598 2850 687 2921 παύση
700 2850 752 2906 Ed.
902 2853 929 2907 8.
948 2853 1119 2920 διασώζοντος
1133 2850 1165 2904 Β.
1178 2850 1264 2906 ἀϊδίοις
1277 2851 1415 2917 σώζοντος
1426 2852 1481 2910 M

275 2918 538 3062 ἑρσμμητὲλάἡψεοθαι
551 2919 585 2977 Β.
707 2939 749 2979 12.
766 2920 831 2996 γὰρ]
845 2923 892 2994 μὲν
902 2923 954 2995 γὰρ
968 2922 1001 2978 Β.
1117 2921 1159 2977 16.
1178 2920 1336 2991 καταδεσμεῖ
1350 2921 1391 2978 D.
1402 2945 1483 2979 κατα·
