3038 5018
765 1244 1003 1319 ΚΕΦΑΛΗ
1046 1245 1074 1318 1.

389 1540 461 1604 'Ort
481 1541 573 1618 μόνος
596 1542 669 1603 κοτδ
691 1540 785 1620 φύσιν
805 1538 877 1606 was
898 1541 930 1602 ἐκ
954 1538 1074 1617 Πατρός
1095 1539 1112 1601 δ
1135 1537 1322 1620 Μονογενῆς,
1346 1539 1385 1606 ὡς
1408 1537 1444 1616 ἐξ

757 1667 846 1731 αὗτοΰ
869 1668 916 1731 καὶ
938 1669 972 1731 έν
994 1667 1083 1752 αὐτῷ.

271 1894 405 1961 ῐὸθεόυ
432 1895 540 1961 οὐδεὶς
566 1895 695 1985 ἑώρακε
722 1896 866 1962 πώποτε·
899 1895 1131 1972 ὁΜονοτενιλο
1154 1895 1237 1963 Θεὸς
1263 1897 1282 1962 ὁ
1310 1895 1357 1961 ὢν
1385 1893 1431 1961 εἰς
1461 1898 1516 1965 τὸν

546 2039 669 2106 κόλπον
696 2045 754 2105 τοῦ
781 2037 920 2127 Πατρός,
946 2032 1070 2103 ἐκεῖνος
1097 2039 1289 2112 ἐξυρήσατο.

284 2191 305 2255 d
669 2245 671 2255 ,
1249 2258 1254 2269 .

374 2281 479 2356 θΕΑ
499 2275 543 2376 δὴ
561 2275 674 2357 πόλιν
691 2278 729 2356 έν
747 2275 884 2361 τούτοις
902 2284 967 2355 τοῦ
985 2274 1283 2380 πνευματοφόρου
1303 2272 1369 2373 τὴν
1389 2279 1513 2380 νῆψιν.

317 2400 381 2478 οὐκ
409 2400 588 2500 ἠγνόησεν
614 2400 668 2478 ότι
696 2399 839 2484 πάντως
866 2402 991 2502 ε’ροῦσί
1016 2432 1104 2483 τινες
1130 2397 1178 2478 τὰ
1201 2401 1280 2501 περὶ
1303 2407 1366 2477 τοῦ
1386 2403 1511 2478 Μονο·

315 2531 439 2625 γενοῢς
472 2522 636 2626 εἰρημένα
668 2521 876 2627 πικρότερον
904 2522 1154 2626 βασανίζοντες
1178 2519 1310 2628 Ἔφης,
1339 2518 1368 2600 ὦ
1395 2521 1513 2620 οὗτος,

316 2653 507 2726 τεθεᾶσθαι
529 2657 551 2694 “
564 2646 631 2746 τὴν
658 2646 770 2753 δόξαν
797 2649 916 2745 αὐτοῦ,
945 2645 1055 2753 δόξαν
1083 2650 1131 2730 ὡς
1160 2653 1390 2747 Μονογενοῦς
1415 2646 1518 2750 παρὰ

316 2780 339 2816 “
358 2768 539 2873 Ποτρός·”
577 2767 652 2850 εἶτα
682 2769 760 2851 δέον
792 2770 1066 2851 ἀπολεπτύνειν
1080 2771 1164 2870 ἡμῖν
1193 2769 1259 2870 τὴν
1290 2773 1346 2851 ἐπὶ
1378 2770 1518 2856 τούτοις

316 2892 501 3001 ἐξήγησιν,
521 2897 580 2974 καὶ
599 2894 789 2996 θεοπρεπές
811 2928 845 2973 τι
867 2901 1018 2997 πρᾶγμα
1043 2896 1100 2974 καὶ
1125 2894 1286 3001 ἐξαίσιον
1305 2899 1422 2990 εἰπεῖν,
1442 2895 1517 2976 ἀπὸ

315 3021 380 3116 τῆς
417 3016 508 3097 κατὰ
542 3018 731 3102 Μωυσέως
764 3019 940 3122 ὑπεροχῆς
976 3020 1035 3097 καὶ
1071 3023 1145 3097 τῶν
1175 3016 1343 3097 Ἰωάννου
1375 3017 1517 3119 μέτρων

285 3142 475 3240 οέποιήσω
505 3139 573 3241 τὴν
601 3139 794 3247 ἀπόδειξιν,
824 3145 873 3225 ὡς
904 3142 967 3221 οὐκ
999 3140 1079 3220 ἐνὸν
1107 3139 1231 3244 ἑτέρως
1263 3144 1417 3242 ὁρᾶσθαι
1449 3139 1516 3241 τὴν

317 3260 428 3370 δόξαν
455 3264 575 3362 αὐτοῦ,
602 3266 715 3343 καίτοι
742 3273 806 3344 τοῦ
833 3263 899 3362 μέν
925 3265 1101 3366 μακαρίου
1128 3263 1317 3371 προφήτου
1345 3263 1516 3365 λέγοντος

148 3388 236 3516 Qvi.
315 3385 475 3466 Ἡσαΐου
494 3398 515 3433 “
535 3384 645 3466 Εἶδον
663 3384 726 3466 τὸν
746 3388 881 3490 Κύρων
902 3387 1059 3482 σοβαὼθ
1080 3387 1279 3487 καθήμενον
1301 3389 1358 3467 ἐπὶ
1385 3387 1515 3491 θρόνου

316 3520 337 3558 “
356 3513 503 3615 ὑψηλοῦ
535 3512 593 3590 καὶ
624 3510 830 3614 ἐπηρμένου,
863 3514 921 3590 καὶ
953 3511 1096 3612 πλήρης
1128 3512 1148 3590 ὁ
1180 3507 1274 3595 οἶκος
1306 3515 1370 3608 τῆς
1405 3510 1515 3618 δόξης

316 3646 338 3682 “
356 3635 475 3731 αὐτοῦ,
496 3636 554 3712 καὶ
574 3636 739 3741 Σεραφὶμ
758 3632 986 3734 εἱστήκεισαν
1004 3632 1126 3741 κόκλερ
1144 3635 1262 3730 αὐτοῦ,
1281 3633 1325 3742 ἓξ
1343 3636 1515 3738 πτέρυγες

317 3763 407 3866 “193
427 3760 488 3855 ἑνὶ,
508 3761 567 3838 καὶ
591 3757 635 3864 ἓξ
656 3756 829 3860 πτέρυγες
852 3764 903 3865 τῷ
923 3760 984 3854 ἐνὶ,
1003 3757 1061 3835 καὶ
1079 3765 1156 3840 ταῖς
1173 3756 1239 3857 μέν
1258 3761 1341 3837 δυσὶ
1360 3758 1513 3840 κατεκό·

145 3893 258 3948 1⁰4ss
286 3893 339 3952 a“
358 3894 497 3963 λυπτον
524 3880 566 3962 τὸ
597 3879 808 3983 πρόσωπον,
836 3885 893 3961 καὶ
920 3887 997 3964 ταῖς
1026 3884 1108 3960 δυσὶ
1137 3878 1405 3962 κατεκόλνπτον
1431 3880 1517 3968 τοὺς

317 4016 338 4052 “
356 4005 478 4102 πόδας,
498 4008 556 4084 καὶ
574 4012 650 4089 ταῖς
668 4007 775 4084 δυσὶν
793 4004 971 4084 ἐπέτοντο·
1002 4007 1060 4082 καὶ
1078 4002 1270 4107 έκέκραγον
1288 4004 1406 4109 ἕτερος
1422 4004 1517 4109 πρὸς

350 4274 375 4312 2.
393 4262 473 4312 dom.
489 4259 521 4312 B.
598 4278 624 4326 4,
644 4260 709 4316 θεὸς
722 4258 755 4313 B.
768 4260 822 4315 υἱὸς
836 4258 871 4313 Ι).
886 4258 936 4313 Ed.
973 4258 1518 4386 Αᾶοολεῐῦτοᾶόςόπδτῆςέρμηνςέας

313 4331 481 4398 στοχάζομαι,
494 4330 552 4386 θεὸς
563 4332 660 4400 γράφει
673 4330 728 4384 ἀντὶ
741 4333 787 4383 τοῦ
799 4331 908 4386 ulma
926 4352 973 4388 ιος.
1017 4330 1149 4385 “Filius'’
1188 4349 1220 4385 00
1254 4333 1295 4386 ’us
1306 4331 1517 4402 Tmpezuntius,

312 4399 358 4468 qui
371 4399 525 4452 affinitatem
537 4417 600 4453 cum
614 4400 636 4453 E
649 4408 748 4453 arctam
761 4418 866 4470 semper
877 4353 992 4455 αςόίλιςι.
1110 4418 1152 4472 13.
1171 4349 1275 4470 ἐνῆνῗ.
1391 4420 1435 4458 20.
1453 4405 1516 4460 ἐπέ-

310 4489 386 4522 τοντο
400 4469 432 4522 Β.
445 4471 531 4540 (309.)
544 4470 578 4525 cs.
595 4469 677 4525 Hom.
691 4470 785 4526 Pasch.
799 4471 834 4525 xi.
852 4471 899 4542 167
910 4471 936 4526 b.
950 4472 1075 4528 ε’πέτοντο
1088 4470 1140 4528 Ed.
