3038 5018
106 290 291 376 ἀεικιῶ.
315 291 374 355 IN
404 291 437 357 s,
461 291 716 356 JOANNEM.
761 290 914 357 οιαν.
960 293 1062 357 cAP.
1087 292 1135 356 11.
1241 293 1300 355 τοι

107 455 263 557 γνιόμας,
282 461 315 536 οἱ
331 454 397 553 μέν
416 452 502 535 εἶναι
519 455 583 535 τὸν
600 454 793 561 προφήτην
811 453 929 552 αὑτὸν,
948 461 981 535 οὶ
999 454 1037 536 δέ
1055 454 1119 534 τὸν
1137 452 1332 558 Χριστὸνθ

108 577 435 678 ὑπολαμβάνοντες.
476 581 535 659 καὶ
562 580 749 686 πρόφασις
776 580 894 663 αὐτοῖς
921 583 985 678 τῆς
1012 581 1172 658 ε’ντεῦθεν
1199 580 1299 681 διχο-

108 702 214 797 νοίας,
239 699 281 782 τὸ
308 702 359 802 μή
386 703 513 782 είδέναι
539 699 603 782 τδν
624 699 800 806 Χριστὸν,
824 700 913 802 μηδὲ
939 699 1006 802 τὴν
1033 703 1071 782 ἐν
1097 708 1172 785 τοῖς
1200 706 1304 804 ἱεροῖς

107 822 320 928 γράμμασιν
346 826 530 930 ἀκρίβειαν
550 829 718 906 συνιδεῖν·
759 822 783 924 ἢ
813 823 884 929 γὰρ
913 824 958 904 ἀν
980 826 1047 929 οῦχ
1074 825 1193 927 ἕτερον
1215 820 1303 903 εῖναι
1348 814 1431 939 {38³⁸

74 947 172 1037 ετδν
189 951 335 1049 Ἰησοῦν
358 948 458 1052 παρά
485 946 549 1029 τδν
574 952 612 1029 ἐν
635 954 687 1056 τῷ
714 946 810 1058 νόμιρ
838 947 1031 1056 προφήτην
1057 947 1300 1044 πιστεύοντες,

107 1076 172 1171 τῆς
194 1074 342 1176 ἀκαίρου
363 1074 539 1178 διχονοίας
564 1071 778 1180 ἐξέστησαν.

1317 1193 1459 1252 um

108 1321 204 1388 Τινὲς
231 1321 267 1388 δὲ
293 1323 330 1393 ἐξ
357 1322 466 1390 αὐτῶν
494 1322 613 1389 ἀθελον
639 1323 753 1389 πιάσαι
781 1323 888 1404 αὐτὸν,
915 1323 984 1389 ἀλλ’
1010 1321 1117 1390 οὐδεὶς
1143 1321 1302 1401 ἐπέβαλεν
1316 1331 1355 1388 44

508 1450 556 1515 ἐπ’
583 1447 681 1515 αὐτὸν
708 1448 766 1515 τὰς
793 1443 913 1537 χεῖρας.

165 1615 215 1690 Οἱ
247 1609 347 1714 παρὰ
378 1617 452 1690 τῦν
483 1610 674 1716 ἀρχιερέων
706 1613 764 1690 καὶ
796 1610 1007 1714 Φαρισαίων
1041 1606 1306 1707 ἀπεσταλμένοι

55 1732 199 1836 ιοτιρδς
228 1731 271 1813 τδ
299 1741 505 1829 συλλαβεῖν
533 1732 598 1814 τὸν
623 1733 767 1836 Κύριον,
795 1735 955 1836 εὔκαιρον
982 1741 1046 1813 τοῦ
1075 1730 1305 1832 τολμήματος
1323 1720 1332 1757 ”

109 1860 292 1938 ἐποιοῦντο
318 1855 508 1963 πρόφασιν
529 1856 597 1958 τὴν
617 1859 655 1937 ἐν
676 1854 852 1956 ἀλλήλοις
876 1862 949 1936 τῶν
972 1854 1094 1962 ὄχλων
1111 1853 1302 1958 διχόνοιαν·

110 1979 419 2087 ἀφιλονεικότερον
450 1981 523 2084 γάρ
557 2015 634 2064 ποις
665 1978 867 2086 ἐπιτρέψειν
898 1979 1016 2063 αὐτοῖς
1049 1978 1306 2077 ὑπελάμβανον

110 2103 334 2207 ἀποκομίζειν
352 2103 471 2201 αὐτὸν,
489 2102 590 2184 οῦδέν
605 2102 669 2202 μέν
688 2102 738 2182 ἔτι
762 2103 957 2207 ζηλοῦντας
981 2103 1038 2208 ἐφ’
1057 2100 1110 2186 οἷς
1132 2100 1176 2180 ἀν
1194 2134 1230 2180 τι
1248 2104 1306 2180 καὶ

59 2270 63 2276 ·
110 2227 230 2325 πάθοι,
257 2227 422 2331 γεγονότι
449 2227 487 2308 δὲ
515 2225 641 2328 ὥσπερ
667 2226 830 2326 πολέμου
858 2231 916 2307 καὶ
944 2225 1110 2310 στάσεως
1139 2229 1302 2333 ἀφορμῇ,

60 2373 98 2435 15
111 2354 170 2430 καὶ
189 2348 405 2460 ὑβριζομένῳ
423 2348 567 2436 πάντως
584 2349 874 2457 ἐφησθήσεσθαι.
910 2355 994 2430 ἀλλ’
1016 2345 1115 2435 οὐδεὶς
1136 2347 1339 2441 ἐπέβαλινο

111 2475 164 2554 ἐπ’
186 2474 282 2555 αῦτδν
300 2474 364 2560 τῖις
383 2479 513 2581 χεῖρας,
531 2474 596 2554 οὐκ
614 2478 768 2578 αῖδοῖτή
786 2478 865 2577 περὶ
887 2473 1005 2570 αὐτὸν,
1024 2473 1108 2552 ἀλλ’
1129 2472 1209 2555 οὐδὲ
1233 2481 1307 2557 τοῖς

111 2603 236 2696 θυμοῖς
260 2596 324 2678 τδν
342 2598 386 2706 ἐξ
408 2598 596 2694 εὐλαβείας
622 2599 872 2703 ε’πιῤῥίψαντες
899 2596 1061 2703 χαλινὸν,
1079 2595 1171 2702 μόνη
1199 2594 1236 2676 δέ
1262 2603 1308 2703 τῇ

110 2722 194 2823 παρ’
228 2721 337 2800 αὑτοῦ
370 2722 666 2826 καταραῖσθεῦτες
697 2717 853 2820 δυνάμει·
905 2727 1015 2826 καιρῷ
1046 2719 1119 2824 γάρ
1156 2722 1233 2829 ίδίιρ
1265 2720 1308 2800 τό

110 2850 237 2923 παθεῖν
261 2842 349 2945 ῦπέρ
376 2844 477 2943 ήμῶν
501 2844 692 2950 ἐχαρίζετο,
723 2845 781 2923 καὶ
809 2848 1026 2924 δυσωπεῖται
1052 2842 1159 2942 μόλις
1187 2845 1309 2944 ἡτῶν

57 2968 291 3049 εῦἸουδαίων
320 2966 494 3068 ἐπιβουλή
526 2975 599 3052 τοῖς
636 2969 772 3048 ἀνωθεν
804 2967 988 3071 εἰργομένη
1021 2966 1304 3066 διακωλύμασιν.

110 3093 151 3170 οῦ
170 3090 241 3195 γάρ
259 3091 328 3170 ἔδει
350 3092 516 3196 πρόαρον
534 3089 600 3191 τὴν
617 3091 825 3196 μιαιφονίαν
843 3093 1038 3196 ἐπιχειρεῖν,
1057 3091 1253 3194 περιμένειν
1270 3090 1338 3171 δέο

108 3220 264 3313 μᾶλλον,
282 3214 409 3319 καίπερ
428 3214 533 3298 ὄντας
552 3216 729 3306 ἀνοσίους,
747 3218 810 3314 τῆς
829 3213 1060 3315 ἀνοσιότητος
1078 3212 1143 3294 τδν
1160 3212 1293 3318 καιρόν.

120 3461 246 3529 Ἠλθου
273 3461 330 3531 οῦν
357 3462 388 3530 οἶ
416 3466 574 3554 ὑπηρέται
600 3465 683 3554 πρὸς
709 3464 785 3531 τοὺς
812 3462 973 3554 ἀρχιερεῖς
1001 3464 1053 3528 καὶ
1081 3462 1292 3554 Φαρισαίους·
1322 3477 1361 3539 45

223 3591 276 3654 καὶ
303 3583 396 3656 εἶπον
423 3586 534 3655 αὐτοῖο
561 3587 679 3655 ἐκεῖνοι
704 3588 797 3656 Διατί
823 3589 882 3654 οὐκ
910 3589 1046 3665 ῦτάτετε
1075 3589 1194 3672 αὐτόν;

60 3772 98 3834 ²5
168 3753 286 3833 Οὐδὲν
304 3753 476 3861 ἐξανῦσαι
494 3759 566 3831 τῶν
584 3752 910 3856 προστεταγμένων
929 3752 1146 3858 ἰσχύσαντες
1165 3759 1197 3833 οἱ
1219 3752 1311 3857 πρδς

110 3874 153 3955 τὸ
184 3882 342 3979 θηρᾶσαι
373 3874 437 3956 τὸν
468 3874 602 3979 Κύριον
631 3875 846 3976 ἐσταλμένοι
878 3877 960 3986 πρὶς
990 3875 1064 3961 τοῦς
1095 3875 1311 3978 ἡγουμένους

147 4117 173 4165 4.
192 4097 290 4151 ίδεῑνα.
391 4111 418 4164 5.
435 4094 552 4167 Ἰησοῦν]
566 4098 681 4167 Χριστὸν
693 4114 717 4151 a.
822 4114 862 4150 11.
881 4096 1041 4153 τινενόλλοις
1054 4095 1095 4165 (=
1108 4095 1309 4166 τήνένὸλλοις)

113 4168 146 4221 Β.
159 4168 205 4235 τὴν
217 4168 245 4221 ἐν
256 4166 382 4235 ἀλλήλοις
394 4184 408 4220 e
421 4165 480 4220 Cat.
496 4165 572 4220 Harl.
586 4167 736 4222 emendavit
749 4166 821 4221 Aub.
921 4183 962 4221 ιτ.
981 4165 1132 4236 ἐπιτρέψειν
1145 4165 1203 4220 B.a.
1218 4165 1309 4221 Holst.

113 4238 760 4363 διαβεβαιοῦνται
774 4238 808 4292 ¹³·
822 4236 1310 4378 ἣτιθαπιιειοιιιέαι

113 4327 191 4434 iharl.
204 4388 234 4432 ut
246 4331 400 4460 viJJAub3
443 4348 703 4433 Niliildeanotavi:
749 4378 781 4432 Β.
795 4329 1141 4458 elausfilamffimorebiq
1154 4346 1310 4457 danaum-⁰

112 4448 252 4518 ριισθέντες
272 4467 357 4518 pruna
377 4466 442 4512 Vlce,
462 4449 662 4516 καταρεσθέντες
681 4449 722 4520 (=
735 4448 958 4520 καταραισθέντες)
978 4447 1096 4503 secunda
1116 4465 1173 4502 vlce
1193 4446 1309 4505 exhlbet.

113 4518 182 4591 ἰδίῳ]
197 4519 280 4592 οῖκείφ
292 4537 317 4575 a.
427 4536 468 4591 19.
487 4520 633 4594 ἐχαρίζετο]
647 4519 793 4591 ε’τομιεύετο
805 4537 830 4575 a.
843 4517 902 4575 Cat.
917 4519 993 4575 Harl.
