3038 5018
226 299 290 363 310
528 299 565 362 Β.
590 298 799 363 CYRILLI
830 298 1115 363 ALEXANDR.
1262 311 1423 372 v.11-14.

177 514 266 581 ΙΙὈ
295 516 329 581 δὲ
357 517 517 607 ἀπεκρίθιι
547 516 657 584 αὐτοῖς
679 518 722 584 ‘0
751 520 890 585 ποιιίοας
919 543 959 596 με
989 521 1070 598 ὑτιιῖ,
1097 512 1221 584 ἐκεῖνός
1249 539 1303 592 μοι
1333 507 1423 578 εἶπεν

179 653 214 694 ¹2
254 638 356 731 Ἀρον
375 644 431 712 τὸν
452 645 634 733 κράββατόν
653 668 710 713 σου
730 645 782 710 καί
801 646 983 734 περιπάτει.
1015 643 1189 733 ιἰρώτιιοαν
1208 639 1264 706 οὖν
1284 641 1394 708 αὐτόν.

754 818 763 847 Ι
858 814 868 841 λ
920 817 938 846 2

198 830 216 872 ⁰
286 814 509 920 Σοφωτάτην
527 819 547 896 6
567 815 678 918 λόγος
696 819 810 897 ὠδινει
829 852 895 915 την
914 852 1061 913 εννοιαν,
1080 820 1138 896 καὶ
1163 819 1227 913 τῆς
1245 813 1425 894 Ἰουδαίων

229 939 448 1041 δυστροπίας
485 938 785 1042 ἀποκρουστικήν.
845 939 964 1039 ἐπειδὴ
1002 939 1073 1042 γὰρ
1110 941 1173 1019 ούκ
1210 938 1351 1046 ἔξεστιν
1387 939 1426 1015 ἐν

228 1060 419 1170 σαββάτῳ,
439 1067 565 1169 φησίν,
584 1063 702 1143 οίκαδε
726 1062 793 1165 τὴν
815 1068 942 1165 κλίνην
960 1063 1091 1144 ἑλόντα
1115 1063 1280 1165 βαδίζειν,
1301 1094 1421 1163 παρα·
1440 1086 1457 1145 5

228 1187 352 1282 νομίας
387 1193 439 1294 τῷ
475 1188 763 1295 τεθεραπευμείιῳ
798 1188 994 1291 ῥάπτοντες
1030 1189 1187 1294 γραφὴν,
1225 1184 1426 1286 ἀναγκαίως

228 1310 347 1394 αὐτοῖς
375 1311 593 1413 γοργοτέραυ
620 1310 806 1419 ἀντεξάγει
837 1311 903 1410 τὴν
930 1312 1144 1414 ἀπολογίαν,
1172 1314 1302 1391 ἐκεῖνον
1330 1309 1427 1415 αύτῷ

228 1441 435 1535 περιπατεῖν
451 1434 686 1516 ἐντέλλεσθαι
711 1437 840 1538 λέγων,
860 1433 900 1520 δς
925 1439 984 1515 καὶ
1009 1439 1072 1535 τῆς
1097 1435 1214 1536 ὑγείας
1241 1433 1426 1537 ἀνεδείχθη

230 1554 349 1658 δοτὴρ,
367 1557 479 1657 μόνον
502 1557 539 1637 δέ
563 1559 641 1664 οὐχὶ
667 1556 829 1639 τοιοῦτόν
854 1593 889 1639 τι
917 1559 1034 1663 φησίν
1051 1551 1429 1664 Ἀξιολογκύτατον,ὦ

230 1680 339 1772 οὗτοι,
359 1684 453 1789 φημὶ
477 1679 567 1784 πρὸς
592 1679 633 1762 τό
659 1686 788 1787 χρῆναι
812 1688 995 1781 τιμάσθω,
1016 1679 1083 1761 κοῖν
1105 1688 1231 1761 λυπεῖν
1251 1678 1427 1760 ἐπιτάττει
1444 1713 1482 1754 ιο

61 1824 123 1881 210
134 1821 172 1880 A.
201 1802 295 1890 στάς
313 1815 376 1887 τοῦ
394 1803 588 1900 σαββάτου
605 1805 720 1904 τιμὰς,
739 1806 802 1886 τὸν
821 1803 850 1914 ᾧ
868 1805 1029 1904 τοσαύτη
1047 1804 1247 1908 πρόσεστιν
1265 1805 1371 1907 ἰσχύς
1388 1836 1428 1881 τε

229 1933 288 2009 καί
306 1928 420 2034 χάρις,
441 1933 488 2014 ὡς
506 1928 572 2030 τὴν
590 1928 678 2029 ε’μὴν
695 1929 869 2037 ἐξελάσαι
888 1929 1009 2011 νόσον.
1038 1936 1068 2008 εί
1086 1926 1157 2031 γάρ
1175 1937 1239 2008 τοῦ
1256 1926 1430 2032 τυχόντος

228 2057 307 2133 ε’στὶ
326 2052 367 2133 τὸ
390 2055 427 2133 ἐν
446 2052 583 2137 τούτοις
601 2053 805 2156 διαπρέπειν
824 2052 1029 2158 ἀλλότριου,
1048 2053 1199 2156 ἁρμόσει
1222 2049 1260 2131 δέ
1281 2057 1430 2147 μᾶλλον

227 2180 384 2284 ἐνεργείᾳ
412 2181 469 2257 καὶ
497 2175 642 2276 δυνάμει
670 2183 867 2280 θεοπρεπεῖ,
891 2184 969 2260 πῶς
996 2175 1042 2255 ἂν
1068 2175 1231 2279 ἁμάρτοι,
1255 2177 1381 2281 φησὶν,
1407 2175 1428 2253 6

227 2300 364 2379 τούτων
383 2298 557 2404 ἐργάτης;
587 2298 611 2399 ἢ
630 2306 707 2385 πῶς
725 2299 771 2380 ἂν
789 2302 831 2380 ού
847 2298 989 2384 πάντως
1012 2298 1058 2380 τὰ
1085 2298 1326 2405 κεχαρισμένα
1344 2302 1429 2405 θεῷ
1446 2333 1487 2390 15

228 2423 533 2520 συμβουλεύσειεν
552 2425 572 2502 6
592 2427 772 2527 θεοπρεπῆ
790 2423 856 2524 τὴν
871 2425 1019 2523 δύναμιν
1033 2423 1144 2529 ἔχωνς
1169 2423 1289 2530 τρέφει
1308 2422 1431 2503 τοίνυν

228 2549 265 2625 ἐν
282 2547 395 2655 ἑαυτῷ
411 2545 543 2652 πικρὰν
561 2549 581 2627 ό
602 2546 713 2650 λόγος
731 2547 797 2648 τὴν
815 2549 988 2655 ἔμφασιν.

196 2787 287 2860 bTic
317 2789 404 2855 ἐστιν
432 2790 450 2857 6
481 2790 655 2881 ἄνθρωποι
686 2793 705 2857 6
735 2788 837 2857 εἰπών
865 2814 915 2859 σοι
939 2787 1039 2879 Ἀρον
1067 2791 1123 2858 τὸν
1156 2791 1336 2878 κράββατόυ
1368 2812 1429 2854 σου

182 2927 217 2984 13
283 2915 335 2980 καί
360 2916 552 3005 περιπάτει,
579 2918 597 2986 6
625 2917 659 2982 δὲ
685 2915 785 2984 ἰαθεὶς
808 2918 867 2982 οὐκ
893 2918 964 3008 ᾤδει
985 2915 1034 2982 τίς
1057 2917 1153 2982 ἐστιν·
1181 2918 1199 2982 6
1225 2915 1430 3004 τὰρἸιισοῦε

181 3058 218 3112 14
281 3038 450 3108 ἐξένευσεν
486 3042 584 3129 ὄχλου
616 3043 711 3111 ὄντος
746 3043 781 3108 ἐν
812 3046 860 3128 τῷ
890 3043 994 3127 τόσῳ.
1041 3043 1123 3119 μετὰ
1153 3047 1255 3107 ταῦτα
1286 3039 1431 3130 εὑρίσκει
1450 3063 1491 3100 20

281 3166 380 3235 αὐτὸν
408 3167 576 3236 ὁἸιιοοῡο
603 3170 638 3234 ἐν
664 3173 713 3254 τῷ
737 3165 822 3259 ἱερῷ,
850 3167 900 3234 καί
928 3161 1018 3233 εἶπεν
1046 3167 1148 3252 αὐτῷ.

279 3335 501 3436 Ἀπληστος
525 3344 574 3423 είς
598 3339 805 3446 μιαιφονίαν
822 3344 894 3418 τῶν
912 3339 1133 3419 Ἰουδαίωνὸ
1159 3345 1252 3423 νοῦς.
1293 3341 1430 3438 διερευ-

232 3468 324 3542 νῶσι
355 3459 420 3541 τὸν
447 3463 674 3568 ἐπιτάξαντα,
701 3462 973 3544 συνεπιπλέκειυ
1001 3461 1109 3542 αὐτὸν
1137 3469 1188 3570 τῷ
1215 3459 1434 3567 παραδόξως

233 3585 438 3687 ύγιασθέντι
467 3583 730 3685 βουλευόμενοι·
767 3587 876 3685 μόνος
903 3585 986 3690 γὰρ,
1014 3590 1062 3671 ὡς
1090 3586 1191 3683 εἰκὸς,
1221 3585 1435 3665 κινδυνεύων

231 3708 355 3790 ἐλύπει
377 3709 499 3791 διὰτὸ
521 3707 727 3807 σάββατον,
748 3713 768 3790 6
786 3710 942 3815 βρόχους
966 3711 1046 3814 ἄρτι
1072 3714 1130 3790 καὶ
1154 3712 1309 3811 παγίδας
1336 3709 1434 3813 ἀφύ-
1452 3734 1491 3794 25

202 3867 337 3918 ακτυνς
354 3829 569 3937 διαδραμὼν,
589 3837 648 3913 καὶ
666 3834 782 3913 αὐτῶν
800 3834 1073 3939 ἐξειλκυσμένος
1097 3839 1169 3913 τῶν
1188 3843 1252 3913 τοῦ
1276 3829 1437 3912 θανάτου

230 3964 371 4039 πυλῶν·
400 3965 510 4039 εἰπεῖν
527 3956 565 4038 δέ
587 3955 651 4038 τὸν
669 3955 792 4058 ἰατρὸν
810 3958 923 4037 καίτοι
949 3956 1097 4063 σφόδρα
1122 3964 1437 4064 φιλυπευστοῦσιυ

231 4083 297 4162 ούκ
319 4083 400 4188 ε’χει,
424 4088 545 4166 καλῶς
572 4115 611 4160 τε
639 4086 697 4161 καὶ
725 4087 952 4182 οἰκονομικῶς
981 4083 1278 4189 κατακρύψαντας
1306 4077 1438 4160 ἑαυτὸν

240 4391 247 4409 ἱ
267 4337 294 4391 3.
315 4322 471 4391 Σοφώτστον
485 4320 516 4374 Β.
624 4320 649 4374 8.
668 4317 838 4373 ἐντέλλεσθαι
851 4316 884 4372 Β.
896 4317 1045 4372 ἐντετάλθαι
1059 4316 1109 4372 Ed.
1223 4332 1264 4370 10.
1283 4316 1329 4370 κᾶν
1341 4318 1439 4370 λυπεῖν

232 4393 361 4446 τπιτκίττει
376 4391 410 4444 Β.
422 4393 464 4444 καὶ
476 4393 566 4445 λυπεῖν
578 4391 721 4445 ἐπιτάττειν
733 4388 786 4443 Ed.
920 4405 960 4441 ιι.
979 4410 1008 4441 τε
1021 4387 1054 4442 Β.
1067 4388 1126 4443 ἐστι
1139 4385 1190 4441 Ed.
1327 4402 1368 4441 12.
1387 4390 1439 4442 τοῦ

230 4461 368 4534 τυχόντος]
382 4460 429 4516 τού
441 4460 480 4515 τοι
492 4464 615 4534 τυχόντος
629 4461 661 4516 Β.
781 4475 822 4528 13.
841 4459 886 4513 τδν
898 4476 946 4528 pro
957 4460 988 4512 τὸ
1002 4457 1035 4512 Β.
1152 4475 1193 4530 ι5.
1212 4457 1386 4530 κεχαρισμένα
1401 4457 1438 4516 Β.

230 4549 275 4603 24.
292 4535 449 4603 βουλόμενοι
463 4531 496 4587 Β.
603 4546 645 4602 27.
663 4533 771 4603 σφόδρα
784 4538 952 4600 assumptum
965 4546 997 4583 ex
1012 4528 1044 4583 B.
