3038 5018
232 299 276 361 44
535 297 574 361 B.
599 297 806 361 CYRILLI
837 297 1123 362 ALEXANDR.
1363 288 1385 350 i.
1403 306 1429 349 1.

233 458 256 559 ἢ
276 467 402 543 σκεῦος
421 461 458 539 ε’ν
475 460 604 559 σκεύει,
624 464 734 545 οὕτως
753 460 840 541 εἶναι
858 459 1021 567 χωρητῦν
1040 463 1077 539 ἐν
1092 464 1168 564 Υἱηῖ
1187 455 1250 537 τὸν
1271 455 1430 556 Πατέρα,

234 581 257 684 ἢ
296 584 341 662 αῦ
375 583 488 664 πάλιν
520 582 583 664 τὸν
612 582 702 666 Υῖὸν
734 585 1056 688 ἀντεμβιβάζεσθαι
1094 582 1227 686 τρόπον
1264 577 1344 658 τινὰ
1381 583 1433 683 τῷ

238 706 368 809 Πατρί·
400 707 502 793 οὗτος
531 707 568 788 δὲ
594 711 632 788 ἐν
653 709 783 816 ἐκείνῳ,
809 711 964 792 κάκεῖνος
993 710 1030 787 ἐν
1051 706 1166 812 τούτῳ
1194 705 1355 810 φαίνεται
1384 704 1432 785 ὡς

206 832 274 909 οέν
295 829 482 931 ταυτότητι
507 835 570 931 τῆς
595 832 719 916 οῦσίας
743 830 1023 939 ἀπαραλλάκτερ,
1047 834 1105 911 καὶ
1129 833 1175 934 τῇ
1199 825 1291 907 κατὰ
1318 825 1433 933 φύσιν

236 953 377 1055 ἑνότητί
397 989 437 1034 τε
462 959 519 1035 καὶ
545 953 735 1054 ὁμοιότητι.
771 955 896 1058 ὥσπερ
916 954 959 1035 ἂν
976 953 1009 1034 εἴ
1028 988 1081 1038 τις
1106 956 1165 1033 καὶ
1186 953 1224 1030 ἐν
1242 947 1348 1031 εἰκόνι
1367 948 1463 1046 τὴν5

236 1079 365 1159 οἰκείαν
383 1078 646 1177 καταθεώμενος
670 1076 815 1185 μορφὴν
833 1077 976 1179 λε’γοιτο
996 1074 1086 1180 πρός
1110 1110 1208 1158 τινας
1232 1071 1430 1172 ἀληθεύων,
1474 1114 1477 1121 ·

237 1203 295 1280 καὶ
322 1199 388 1302 τὴν
410 1206 458 1285 εἷς
483 1202 592 1305 ἀκρον
613 1201 859 1308 ἐξησκημένην
881 1200 1068 1307 ἐμφέρειαν
1088 1208 1152 1279 τοῦ
1182 1197 1307 1277 οἰκείου
1332 1194 1428 1300 σχή-

236 1356 349 1422 ματος
376 1322 619 1428 άποθαυμάᾷιι
652 1330 750 1418 βοῶν
777 1322 876 1425 Ἐγὼ
908 1325 945 1402 ἐν
974 1325 1058 1428 τῇδε
1089 1328 1134 1426 τῇ
1165 1324 1290 1427 γραφῄ
1324 1319 1433 1418 καὶὴ

236 1445 362 1549 γραφη
387 1445 425 1527 δὲ
450 1448 488 1525 ἐν
510 1448 598 1546 ἐμοί.
647 1446 670 1548 ἢ
699 1451 757 1527 καὶ
782 1445 864 1527 καθ’
883 1446 1003 1551 ἕτερον
1025 1445 1169 1549 τρόπον,
1187 1444 1312 1546 ὥσπερ
1338 1441 1382 1521 ἀν
1404 1447 1434 1520 εί

237 1573 296 1649 καὶ
321 1569 344 1669 ἡ
371 1564 602 1667 τοῦμέλιτος
626 1579 773 1673 γλυκεῖα
799 1568 945 1671 ποιότης
969 1572 1151 1650 ἐντεθεῖσα
1177 1568 1325 1672 γλώττη
1353 1569 1435 1667 περὶ
1450 1598 1487 1638 10

238 1695 364 1794 ἑαυτῆς
388 1694 489 1795 λε’γοι
507 1693 605 1798 Ἐγὼ
630 1697 668 1774 ἔν
686 1698 737 1802 τῷ
759 1693 878 1793 με’λιτι
905 1696 964 1773 καὶ
989 1693 1030 1773 τὸ
1055 1691 1139 1792 με’λι
1164 1690 1202 1771 δὲ
1226 1692 1264 1769 ἐν
1284 1691 1375 1787 ἐμοί·
1410 1686 1434 1788 ἢ

72 1838 166 1894 2912„
209 1820 297 1897 ικαὶ
315 1817 439 1921 ὥοπερ
457 1814 569 1898 πάλιν
588 1824 617 1897 εἰ
641 1819 663 1918 ἡ
687 1821 726 1897 ἐκ
751 1815 862 1920 πυρός
885 1823 1047 1923 φυσικῶς
1065 1823 1244 1918 προϊοῦσα
1262 1811 1435 1916 θερμότης

240 1937 365 2045 φωνην
392 1943 539 2046 ἀφιεῖσα
566 1940 667 2044 λε’γοι
693 1940 791 2044 Ἐγὼ
820 1944 857 2020 ἐν
884 1947 934 2048 τῷ
961 1944 1047 2043 πυρὶ
1077 1942 1135 2019 καὶ
1162 1936 1203 2018 τὸ
1230 1945 1304 2039 πῦρ
1332 1934 1370 2015 δὲ
1398 1938 1436 2014 ἐν

239 2064 329 2161 ε’μοί.
372 2062 451 2144 ἔστι
482 2062 548 2161 μὲν
579 2063 650 2168 γάρ
681 2077 758 2149 πως
790 2071 862 2144 τῶν
893 2065 1083 2168 εἰρημένων
1114 2062 1268 2142 ἕκαστον
1299 2059 1436 2165 ἐπινοίᾳ

238 2183 419 2285 μεριστὸν,
439 2184 476 2265 ἓν
495 2186 534 2267 δὲ
558 2194 604 2292 τῇ
630 2189 749 2295 φύσει,
769 2192 827 2268 καὶ
851 2188 889 2267 ἓν
908 2188 953 2296 ἐξ
974 2185 1062 2288 ἑνὸς,
1080 2187 1263 2292 ἀμερίστῳ
1286 2186 1354 2263 τινὶ
1378 2185 1436 2261 καὶ
1453 2216 1488 2277 15

238 2305 444 2416 ἀδιαστάτῳ
462 2307 606 2417 προόδῳ
625 2311 841 2414 προκῦπτον,
860 2308 985 2412 ὥσπερ
1003 2313 1061 2391 καὶ
1079 2309 1291 2416 χωρίζεσθαι
1310 2312 1437 2387 δοκοῦν

238 2439 303 2511 τοῦ
321 2433 358 2509 ἐν
376 2427 473 2537 ᾧπέρ
491 2435 601 2514 ἐστιν.
638 2433 733 2531 ὅμως
751 2435 784 2513 δ’
806 2436 867 2514 οὖν
886 2441 914 2515 εἰ
933 2437 992 2515 καὶ
1010 2443 1135 2514 τοῦτον
1153 2433 1224 2537 ἔχει
1242 2430 1306 2512 τὸν
1323 2430 1438 2510 τόπον

239 2561 313 2633 τῶν
335 2555 388 2634 ἐπ’
413 2556 531 2639 αὐτοῖς
556 2556 742 2656 νοημάτων
766 2558 788 2657 ἡ
816 2557 971 2658 δυ’ναμις,
990 2556 1074 2637 ἀλλ’
1094 2555 1133 2635 ἓν
1156 2559 1194 2636 ἐν
1215 2556 1322 2662 ἑτέρῳ
1347 2555 1434 2658 φαί-

242 2711 348 2772 νεται,
367 2680 425 2756 καὶ
443 2678 572 2759 ταῦτόν
590 2683 680 2759 εἰσιν
698 2681 788 2760 ὅσον
807 2687 853 2765 εῖς
873 2683 999 2761 οῦσίαν
1017 2680 1214 2786 ἀμφότερα.
1255 2678 1351 2781 ε’ίπερ
1375 2677 1439 2755 οῦν

209 2798 300 2880 Βδιῦ
327 2796 369 2879 τῦ
396 2804 460 2898 τῆς
488 2803 612 2886 οὐσίας
636 2804 918 2906 ἀπαράλλακτον
946 2811 1005 2885 καὶ
1032 2802 1074 2884 τὸ
1101 2808 1139 2885 ἓν
1167 2811 1217 2910 τῷ
1244 2805 1440 2908 χαρακτῆρι
1454 2839 1491 2880 20

241 2929 428 3008 παντελῶς
460 2926 739 3028 ἀπαραποίητον,
771 2928 792 3005 ὁ
824 2927 953 3030 Πατήρ
985 2931 1085 3008 ἐστιν
1118 2931 1155 3006 ἐν
1185 2932 1272 3034 m,
1304 2931 1382 3010 πῶς
1419 2927 1440 3004 ὁ

240 3044 367 3148 μείζων
388 3048 426 3125 ἐν
447 3048 609 3129 ἐλάττονι
634 3051 710 3130 κατ’
732 3052 879 3155 ἐκείνους
908 3050 984 3131 ὄντι
1013 3056 1065 3159 τῷ
1085 3055 1164 3159 Υῖῴ
1194 3047 1351 3155 χωρήσει
1382 3052 1441 3128 καὶ

242 3167 469 3274 ὀφθήσεται;
512 3170 631 3273 ἐπειδὴ
667 3173 705 3253 δὲ
741 3173 826 3258 ὅλος
862 3177 962 3253 ἐστὶν
994 3176 1031 3253 ἐν
1063 3176 1169 3282 αὐτῷ,
1201 3172 1334 3257 τέλειος
1370 3172 1442 3275 ἄρα

242 3289 386 3377 πάντως
403 3295 502 3373 ἐστὶν
521 3296 541 3374 ὁ
560 3294 657 3393 Υἱὸς,
675 3298 694 3375 ὁ
714 3305 776 3376 τοῦ
795 3298 930 3377 τελείου
955 3297 1151 3403 χωρητικός
1174 3300 1233 3378 καὶ
1257 3295 1441 3402 χαρακτὴρ

243 3421 308 3492 τοῦ
329 3414 491 3516 μεγάλου
510 3416 665 3521 Πατρός.
1457 3449 1493 3509 25

283 3639 307 3677 1.
326 3620 390 3678 εἶναι
401 3642 455 3680 om.
468 3626 551 3681 Euth.
688 3643 712 3681 2.
731 3628 776 3682 τὸν
787 3629 848 3682 Υἱόν
858 3636 1027 3698 assumptum
1039 3647 1072 3684 ex
1083 3629 1117 3684 B.
1131 3630 1214 3685 Euth.
1352 3646 1379 3701 3.
1397 3630 1443 3685 οῦ-

244 3715 289 3750 τος
302 3693 383 3749 Euth.
398 3695 469 3750 D.E.
483 3696 585 3767 Migne.
601 3696 681 3753 οὕτως
693 3697 765 3752 Aub.
836 3699 949 3755 κάκεῖνος
961 3699 1043 3754 Euth.
1058 3699 1126 3756 ΒΕ.
1139 3701 1179 3755 Μ’
1201 3718 1242 3755 ne.
1258 3700 1357 3756 κάκεῖνο
1369 3701 1442 3756 Aub.

245 3782 271 3830 4.
290 3767 335 3832 τῆς
347 3775 517 3836 asumptum
529 3785 561 3820 ex
575 3767 657 3821 Euth.
672 3767 737 3822 B.E.
836 3787 915 3839 9-11.
934 3769 1162 3839 ηκαὶ-ἐμοίοιο.
1201 3772 1259 3826 uth.
1359 3787 1400 3826 12.
1420 3771 1444 3825 cl

245 3845 415 3905 assumptum
427 3853 459 3889 ex
472 3836 555 3891 Euth.
700 3855 741 3905 14.
759 3839 809 3910 γάρ
822 3861 876 3895 πως
887 3839 938 3894 hoc
951 3841 1043 3895 ordine
1057 3841 1089 3896 B.
1104 3841 1187 3898 Euth.
1340 3854 1382 3912 15.
1400 3842 1443 3895 καὶ

245 3903 392 3978 dammam
404 3923 459 3960 om.
472 3906 555 3961 Euth.
684 3909 724 3962 18.
744 3907 772 3962 ἓν
782 3918 952 3981 assumptum
963 3930 996 3966 ex
1009 3912 1091 3967 Ruth.
1218 3928 1261 3967 τι.
1280 3912 1371 3985 Ml&
1383 3911 1442 3968 ἔστι

245 3972 350 4029 inverso
361 3974 455 4031 ordine
467 3976 550 4032 Euth.
659 3994 702 4049 ²3·
721 3978 789 4035 ὅλως
801 3979 883 4034 Euth.
991 3998 1034 4049 τη.
1052 3983 1093 4037 καὶ
1105 4000 1159 4038 om.
1173 3982 1206 4038 B.
1218 3983 1299 4038 habet
1311 3981 1395 4038 Euth.
