3038 5018
229 274 294 338 ονε
534 276 573 340 Β.
597 276 805 341 cmm
836 276 1126 342 ALEXANDR.
1322 269 1447 354 vii33'·

178 527 217 585 33
273 511 371 584 Εἶπεν
397 515 454 585 οὖν
483 515 594 586 αὐτοῖς
622 522 791 589 ὁἸιιοοῦο
813 521 886 588 Ἔτι
913 522 1028 611 μικρὸν
1055 520 1172 610 χρόνον
1199 517 1274 596 μεθ’
1310 514 1409 592 ὑμῶν

441 642 516 727 εἰμι,
544 646 597 711 καί
625 647 741 722 ὑπάτω
766 647 850 737 πρὸς
878 647 934 714 τὸν
961 647 1138 727 πέμψαντά
1165 668 1217 722 με.

288 809 368 888 Οὐκ
392 807 551 910 ἠγνόησε
576 809 700 908 πάλιν,
721 810 783 893 ἅτε
801 811 845 912 δὴ
864 811 958 895 Θεὸς
977 810 1149 913 ὑπάρχων
1166 806 1261 888 κατὰ
1282 805 1407 912 φύσιν
1425 808 1447 885 ὁ

234 932 377 1036 Κύριος,
406 933 452 1013 τὰ
483 933 659 1040 μιαιφόνα
685 942 759 1014 τῶν
782 936 994 1038 Φαρισαίων
1021 931 1249 1033 τολμήματα,
1281 933 1344 1010 καῖ
1376 927 1446 1029 τὴν

232 1053 290 1158 ἐφ’
317 1058 430 1164 ἐαυτῷ
457 1065 530 1137 τῶν
559 1059 751 1164 ἀρχιερέων
779 1056 928 1139 ἀνόσιον
955 1057 1104 1163 σκέψιν.
1144 1063 1272 1158 θεωρεῖ
1297 1050 1338 1135 δέ
1367 1060 1474 1138 τοῖς5

196 1182 296 1277 δτῆς
321 1178 486 1281 θεότητος·
510 1183 716 1287 ὀφθαλμοῖς
739 1180 808 1282 ἤδη
835 1185 893 1265 καὶ
918 1181 1109 1286 παρόντας,
1129 1181 1187 1258 καῖ
1208 1186 1288 1263 τοῖς
1310 1177 1444 1281 ὄχλοις

232 1304 534 1406 ἀναμεμιγμένους
559 1303 641 1389 τοὺς
668 1307 769 1409 οἵπερ
794 1304 892 1406 ἦσαν
916 1304 1156 1413 ἐξειλεγμένοι
1183 1302 1271 1404 παρ’
1293 1301 1442 1382 ἐκείνων

231 1427 403 1531 ὑπηρέται
429 1426 520 1530 πρδς
546 1427 589 1508 τδ
616 1436 822 1523 συλλαβεῖν
843 1426 965 1509 αὐτόν.
1013 1426 1073 1507 διὰ
1097 1434 1203 1507 τοῦτο
1228 1423 1357 1505 κοινὸν
1374 1425 1442 1524 μέν

231 1553 280 1634 ὡς
305 1549 396 1655 πρὸς
420 1547 566 1632 ἅπαντα
591 1550 656 1630 τδν
672 1559 895 1655 περιεστῶτα
920 1556 1034 1652 δῆμον
1051 1558 1199 1632 ποιεῖται
1217 1548 1285 1629 τδν
1303 1549 1438 1652 λόγον,

230 1674 360 1779 ἔχοισα
376 1673 414 1754 δέ
432 1672 556 1778 ὥσπερ
573 1673 665 1778 πρδς
682 1677 833 1760 ἐκείνους
851 1675 1045 1778 ἀπόκρισιν
1064 1671 1189 1773 ίδικὴν,
1208 1673 1302 1772 ὁμοῦ
1320 1673 1363 1753 δέ
1381 1677 1439 1753 καὶ
1454 1707 1485 1747 ιο

230 1797 268 1876 ἐν
294 1797 413 1904 ταύτῷ
440 1798 568 1877 πολλὰ
600 1797 759 1879 διδάσκει
789 1796 835 1878 τὰ
863 1796 1038 1904 χρήσιμα.
1092 1799 1235 1876 ἀπειλεῖ
1264 1793 1336 1894 μέν
1367 1796 1440 1899 γὰρ

230 1920 432 2025 χαριέντως,
455 1919 557 2000 ἀλλὰ
580 1925 649 2019 καὶ,
672 1923 730 2030 ἐφ’
750 1922 802 2007 οἷς
830 1923 982 2023 ἥδεσθαι
1009 1923 1091 2026 χρὴ,
1113 1924 1440 2024 μικροψυχοῦντας

230 2044 381 2148 ἐλέγχει·
423 2046 608 2148 ἄπρακτον
626 2045 665 2125 δέ
692 2050 751 2126 καὶ
775 2046 902 2148 ἑτέρως
929 2046 1048 2129 αὐτοῖς
1073 2044 1224 2124 ἐσεσθαι
1248 2041 1293 2124 τδ
1316 2046 1438 2150 ἐγχεί·

200 2203 328 2272 ορημα
342 2167 408 2249 κᾶν
421 2171 591 2272 γενέσθαι
604 2176 742 2274 συμβῇ.
769 2175 828 2249 καὶ
847 2168 954 2266 ὅπως,
969 2172 1128 2271 ἐροῦμεν,
1138 2165 1203 2246 τδν
1217 2169 1274 2273 ἐφ’
1288 2167 1439 2278 ἑκάστῳ

231 2291 408 2378 διελόντες
437 2292 563 2396 λόγον·
611 2295 648 2372 ἐν
676 2293 741 2390 μέν
768 2292 841 2396 γὰρ
869 2298 920 2400 τῷ
949 2298 1058 2374 εἰπεῖν
1077 2292 1156 2371 Ἔτι
1183 2292 1302 2398 μικρδι
1326 2295 1439 2397 χρίων
1452 2318 1485 2380 15

230 2416 305 2524 μεθ’
332 2416 420 2520 ὑμεῖς
446 2425 525 2521 εἰμι,
551 2418 742 2520 μονονουχὶ
769 2425 875 2495 τοῦτο
903 2416 1084 2496 διδάσκων
1110 2414 1275 2521 φαίνεται
1301 2414 1444 2518 Λέγετέ

231 2573 302 2638 μοι,
322 2544 427 2645 φησὶ,
446 2539 504 2619 διδ
531 2541 639 2619 ποίαν
661 2540 778 2619 αἰτίαν
803 2542 851 2623 ὡς
878 2542 915 2620 ἐν
938 2541 1028 2647 τῷδε
1055 2544 1107 2646 τῷ
1136 2535 1265 2645 κόσμῳ
1293 2538 1438 2642 βραδιί·

231 2666 331 2741 νοντί
359 2697 421 2760 μοι
453 2663 583 2743 λοιπὸν
610 2663 891 2770 ἐπασχαὶλλετες
933 2662 1103 2771 φορτικός
1136 2668 1207 2762 εἶμι
1239 2668 1318 2746 τοῖς
1353 2663 1438 2743 καθ’

231 2787 331 2884 ὑμᾶς,
351 2787 531 2887 ὁμολογῶ,
550 2790 609 2866 καὶ
627 2794 700 2871 τοῖς
719 2788 761 2865 οὐ
781 2793 915 2885 τιμῶσι
932 2784 1000 2885 τὴν
1017 2784 1147 2889 ἀρετὴν
1166 2787 1208 2864 οὗ
1225 2784 1315 2864 λίαν
1335 2786 1438 2887 ἡδὺς,

231 2909 437 3013 συντρίβων
458 2909 522 2990 τὸν
543 2912 585 2989 οὐ
611 2907 794 3018 φιλόθεον,
812 2913 871 2989 καὶ
897 2907 1140 3010 ὑποπλήττων
1159 2909 1328 3014 ἐλέγχοις
1353 2910 1438 2993 ἔσθ’
1453 2943 1487 2986 ιο

231 3031 290 3113 ὅτε
321 3031 386 3114 τὸν
415 3037 594 3132 δυσσεβῆ.
647 3041 756 3132 μῖσος
784 3035 924 3140 ἐμαυτῷ
952 3033 1166 3136 γεωργήσας
1199 3035 1263 3113 οὐκ
1293 3037 1437 3137 ἀγνοεῖ.

64 3162 181 3232 mu.
201 3156 332 3236 αάλλὰ
359 3155 409 3257 μὴ
436 3155 602 3259 πρὸωρον
620 3159 732 3240 οὕτως
756 3158 810 3237 ἐπ’
833 3159 910 3255 ε’μοὶ
934 3154 999 3237 τδν
1022 3166 1086 3236 τοῦ
1111 3154 1268 3237 θανάτου
1292 3159 1442 3265 βρόχον

231 3282 409 3362 ἐκτείνετε.
440 3279 553 3389 μικρδν
572 3279 618 3359 ίτι
637 3277 711 3385 μεθ’
731 3277 820 3385 ὑμεῖς
838 3279 968 3378 ἔσομαι
987 3282 1103 3385 χρίων,
1121 3279 1441 3381 ἀπαναστήσομαι

231 3405 377 3509 χαίρων,
398 3403 485 3483 ὅταν
510 3407 530 3483 ὁ
556 3410 609 3511 τῷ
632 3408 761 3484 παθεῖν
777 3403 925 3507 πρέπων
949 3401 1040 3509 ’έλθῃ
1065 3403 1196 3506 καιρὸς,
1216 3405 1299 3484 οὔτε
1327 3405 1442 3490 αὐτὸς

231 3526 404 3633 ἀνέξομαι
434 3534 593 3607 συνεῖναι
626 3533 758 3624 κακοῖς,
788 3528 856 3631 οὐχ
889 3527 1000 3625 ἡδεῖαι
1032 3528 1096 3627 μοί
1123 3535 1240 3634 φησιν
1269 3533 1310 3607 αῖ
1344 3529 1487 3630 μετᾶς5

233 3649 427 3756 φονῶντων
455 3655 643 3753 διατριβαὶ,
666 3653 940 3753 ἀποδραμοῦμαι
967 3657 1040 3731 τῶν
1067 3649 1364 3750 δυσσεβοιίντων,
1389 3658 1442 3740 ὡς

233 3774 337 3872 Θεὸς,
355 3775 556 3873 συνέσομαι
574 3774 612 3856 δέ
630 3782 704 3860 τοῖς
723 3777 818 3874 ἐμοῖς
835 3772 960 3859 πάσας
977 3772 1043 3860 τὰς
1062 3775 1194 3877 ἡμέρας
1216 3783 1279 3855 τοῦ
1305 3782 1443 3864 αἰῶνος

232 3896 300 3977 κᾶν
323 3900 463 3978 ἀπεῖναι
486 3904 581 3979 δοκῶ
608 3904 653 4003 τῇ
681 3902 802 4001 σαρκί.
843 3901 880 3977 ἐν
898 3896 937 3977 δέ
958 3903 1009 4006 τῷ
1038 3896 1158 4000 λέγειν
1173 3898 1327 4002 ’Ὑπάγω
1353 3904 1441 4010 πρὶς

475 4067 793 4140 Ψυιιιιοιιιιιι.
904 4099 945 4138 ιι.
964 4082 1292 4154 flammant.
1334 4086 1443 4142 nmen-

508 4151 623 4222 15.”Ετι
637 4153 696 4208 B.a.
709 4153 749 4207 ὅτι
763 4153 811 4209 Ht.
826 4152 876 4207 Ed.
994 4154 1034 4211 16.
1054 4154 1184 4209 διδάσκειν
1195 4172 1220 4208 ιι.
1233 4154 1372 4210 διδάσκειν
1385 4157 1441 4213 Ed.

484 4240 508 4280 Ι.
523 4223 596 4297 λέγει
654 4224 733 4278 ι’νεται
753 4224 785 4278 B.
802 4227 874 4295 λόγῳ
891 4225 1012 4296 φαίνεται
1030 4223 1181 4278 emendavit
1202 4223 1250 4278 Ht.
1266 4224 1343 4280 unde
1362 4228 1442 4283 Aub.

480 4311 522 4350 ος.
533 4317 578 4385 μοι
626 4304 646 4349 t.
665 4294 716 4348 Ed.
783 4294 821 4348 ἐπ’
841 4295 897 4363 ἐμοὶ
915 4294 1066 4349 emendavit
1084 4312 1099 4348 ο
1118 4293 1177 4348 Cat.
1195 4295 1272 4350 Harl.
1288 4295 1365 4352 Aub.
1382 4299 1444 4354 εἰπέ

472 4380 508 4436 ,3.
526 4365 742 4433 απαναοτὴσομαι
756 4365 814 4419 Ra.
827 4364 995 4434 ἐπανοστίγσο
1015 4387 1041 4419 αι
1055 4364 1103 4418 Ht.
1118 4363 1169 4419 Ed.
1219 4365 1318 4420 Statim
1331 4367 1361 4422 δέ
1376 4369 1443 4425 add.

472 4437 519 4491 τοῦ
530 4452 555 4490 ιι.
601 4436 669 4507 αὐτῷ
684 4435 716 4489 Β.
729 4435 804 4492 αὐτὸς
816 4435 966 4491 emendavit
1008 4444 1029 4491 t.
1041 4445 1067 4489 et
1079 4436 1117 4490 οἱο
1129 4437 1156 4503 (ο
1168 4437 1223 4506 sil.)
1235 4453 1260 4490 a.
1312 4440 1358 4494 πό.
1372 4440 1442 4513 τῶν]

485 4518 530 4578 27.
548 4507 602 4562 τοῖς
614 4505 696 4576 ἐμοῖς]
709 4510 764 4562 τοῖς
775 4509 879 4575 σεμνοῖς
891 4525 915 4562 ιι.
928 4517 954 4562 οι
967 4508 1046 4577 (teste
1057 4504 1141 4575 Aub.)
1155 4504 1216 4561 cat.
1231 4507 1311 4562 Harl.
