3038 5018
233 301 298 363 412
537 299 576 362 B.
599 295 807 364 CYRILLI
839 296 1127 362 ALEXANDR.
1284 293 1326 360 vi.
1341 293 1438 359 8-10.

233 466 291 544 καὶ
308 463 479 565 Ἀνδρέου
498 461 622 566 λόγοις
643 463 708 562 Μή
728 468 805 568 χεὶρ
824 466 958 566 Κυρίου
977 465 1040 542 οὐκ
1059 461 1225 564 ἀρκέσει;
1253 459 1440 563 δεχόμενοι

234 587 272 667 δέ
300 591 357 667 καὶ
385 588 483 687 ἡμεῖς
511 593 559 671 εἶς
586 588 874 691 παραδείγματος
897 585 1032 690 τρόπον
1051 585 1118 686 τήν
1135 595 1199 665 τοῦ
1224 582 1439 687 πράγματος

235 711 359 810 φύσιν,
384 710 598 810 νοσημάτων
626 713 782 817 ἔσχατον
805 716 862 791 καὶ
887 708 1022 794 παντὸς
1049 711 1208 790 ἐπέκεινα
1236 716 1347 788 κακοῦ
1371 705 1439 807 τήν

233 836 486 937 ὀλιγοπιστίαν
514 836 694 937 ἡγώμεθα,
718 833 785 915 κᾶν
812 833 999 939 ἐργάζηται
1024 831 1127 932 Θεὸς,
1152 833 1175 934 ἢ
1203 837 1262 916 καὶ
1290 831 1439 935 δράσειν

233 955 515 1060 ἐπαγγέλληται,
547 961 670 1039 πίστει
688 1039 690 1043 ,
707 955 752 1058 δή
789 958 933 1043 πάντως
969 956 1241 1066 ἀπεριεργάστερ
1280 956 1471 1060 γινέσθω5

234 1082 367 1179 δεκτόν,
388 1085 446 1161 καὶ
474 1082 523 1182 μή
551 1089 602 1191 τῷ
630 1081 679 1181 μή
709 1083 884 1162 δύνασθαι
913 1091 1015 1180 νοεῖν,
1035 1083 1131 1166 ὅπως
1149 1082 1253 1162 ἐσται
1277 1082 1323 1161 τὰ
1349 1079 1438 1184 όπέρ

205 1205 337 1304 οήμᾶς,
368 1208 421 1286 ἐπ’
456 1208 622 1313 ἀσθενείᾳ
655 1210 700 1309 τῇ
737 1206 798 1286 ἐπί
829 1240 904 1285 τισι
942 1206 1213 1309 κατηγορείσθω
1250 1204 1292 1285 τὸ
1325 1211 1435 1286 θεῖον.

233 1328 360 1432 πρέποι
384 1327 418 1409 δ’
438 1328 483 1409 ἀν
507 1337 558 1436 τῷ
586 1332 712 1436 ἀγαθῷ
740 1333 798 1410 καὶ
825 1330 991 1435 σώφρονι
1019 1336 1076 1412 καὶ
1104 1329 1289 1430 βεβηκότα
1315 1336 1438 1413 καλῶς

233 1462 425 1559 φρονοῦντι
448 1452 512 1533 τόν
531 1452 722 1556 λογισμόν,
742 1455 881 1533 κάκεῖνο
901 1455 1100 1551 λαμβάνειν
1119 1462 1167 1539 είς
1193 1462 1291 1551 νοῦν,
1310 1458 1359 1537 ὡς
1377 1457 1437 1532 καὶ

233 1579 253 1656 ὃ
272 1586 337 1657 τοῦ
355 1576 525 1677 σώματος
544 1575 746 1684 ὀφθαλμός,
761 1579 825 1657 οὐκ
843 1577 933 1657 ὅσον
952 1577 996 1657 ἀν
1013 1577 1185 1672 βούλοιτό
1202 1613 1266 1676 τις,
1280 1587 1437 1658 τοσοῦτο
1455 1610 1484 1651 ιι

233 1699 277 1800 δὴ
304 1698 447 1785 πάντως
475 1704 534 1780 καὶ
562 1697 769 1805 κατόψεται,
789 1702 873 1779 ἀλλ’
898 1700 988 1780 ὅσον
1012 1701 1196 1808 ἐνδέχεται,
1216 1707 1274 1782 καὶ
1302 1700 1345 1782 τό
1372 1707 1438 1799 τῆς

233 1824 379 1932 φάσεως
407 1826 508 1924 ἡμῶν
534 1825 660 1929 ἐφίησι
687 1825 829 1928 μέτρον·
876 1823 922 1904 τὰ
949 1825 986 1905 δέ
1013 1827 1052 1904 ἐν
1080 1827 1164 1932 ὕφει
1191 1833 1324 1934 πολλῷ
1351 1829 1437 1906 λίαν

146 2053 149 2059 Ι
232 1948 489 2047 ἀνατεθειμένα,
515 1948 581 2028 κάν
608 1948 703 2032 ὅλως
732 1947 964 2055 φαντάζηται,
989 1949 1174 2051 διακρίνειν
1202 1952 1244 2030 οὐ
1272 1950 1434 2047 δύναται,

233 2071 459 2173 λεπτοτάτην
496 2072 550 2154 ἐπ’
584 2074 703 2157 αὐτοῖς
737 2076 795 2151 καὶ
833 2073 940 2170 μόλις
976 2074 1144 2178 ἁρπάζων
1175 2074 1240 2174 τήν
1271 2074 1433 2176 θεωρίαν.

200 2199 325 2276 δοῦτω
355 2231 418 2296 μοι
449 2194 520 2276 νόει
555 2200 614 2276 καὶ
646 2195 710 2276 τὸν
738 2195 963 2299 ἀνθρώπινον
995 2206 1089 2277 νοῦν·
1121 2198 1225 2302 μέχρι
1257 2197 1330 2300 γὰρ
1363 2205 1436 2277 τῶν
1455 2232 1491 2291 15

233 2319 407 2402 δοθέντων
435 2319 528 2422 ὅρων
556 2322 652 2427 αὐτῷ
679 2318 779 2423 παρά
807 2329 870 2399 τοῦ
898 2320 1132 2421 πεποιηκότος
1157 2324 1347 2429 ἐφικνεῖται
1376 2327 1437 2403 καὶ

232 2445 428 2542 ἐκτείνεται,
462 2443 527 2523 κάν
564 2443 659 2527 ὅλως
697 2440 840 2549 ὑπάρχῃ
878 2445 1148 2546 κεκαθαρμένος·
1195 2445 1327 2552 ὄψεται
1362 2447 1438 2551 γὰρ

232 2566 334 2646 οὐδέν
351 2573 423 2647 τῶν
442 2568 711 2668 ὑπερκειμένων,
731 2567 990 2673 παραχωρήσει
1015 2568 1054 2648 δέ
1078 2573 1136 2649 καὶ
1162 2573 1229 2675 οὐχ
1253 2569 1350 2651 ἑκὼν.
1361 2580 1439 2657 τοῖς

233 2690 320 2792 ὑπὲρ
358 2689 424 2790 την
457 2691 581 2796 φύσιν,
616 2689 813 2789 οὐδαμόθεν
844 2693 936 2797 ἔχων
974 2693 1090 2772 αὐτῶν
1122 2690 1435 2796 περιδράττεσθαι·

232 2815 354 2894 πίστει
371 2815 490 2894 τοίνυν
509 2813 555 2894 τὰ
578 2813 664 2918 όπέρ
683 2816 784 2915 ἡμᾶς,
804 2819 861 2896 καὶ
887 2816 929 2895 οὐ
953 2816 1098 2919 ζητήσει
1123 2816 1359 2916 λαμβάνεται,
1378 2823 1439 2897 καὶ
1456 2857 1495 2898 ιο

233 2937 447 3040 θαυμάζεται
464 2937 531 3037 μέν
549 2942 569 3017 ὁ
588 2942 681 3018 οὕτω
699 2939 841 3038 πιστὸς,
856 2942 930 3020 ἐπεὶ
949 2942 1197 3041 ἀνεπιτίμητος
1216 2941 1253 3021 δέ
1272 2943 1441 3041 οὐδαμῶς

233 3064 253 3141 ὁ
272 3071 345 3146 τοῖς
363 3064 531 3147 ἐναντίοις
549 3063 767 3166 περιπεσών
797 3067 854 3143 καὶ
879 3067 936 3143 ἐπὶ
959 3067 1074 3173 τούτῳ
1097 3063 1209 3145 πάλιν
1228 3064 1334 3150 αὐτὸς
1352 3066 1442 3165 ἡμῖν

65 3186 154 3302 ἓξὲξ.
204 3187 254 3264 οὸ
274 3184 402 3289 Σωτὴρ
427 3187 646 3289 μαρτυρήσει
676 3184 795 3288 λέγων
813 3198 835 3233 “
849 3187 898 3267 Ὁ
915 3187 1096 3268 πιστεύων
1121 3195 1169 3274 είς
1197 3187 1260 3270 τόν
1278 3187 1370 3270 Υίὸν
1395 3195 1441 3272 οὗ

234 3319 256 3355 “
274 3309 440 3412 κρίνεται,
463 3312 483 3387 ό
502 3310 540 3389 δέ
559 3307 609 3408 μὴ
628 3310 808 3391 πιστεύων
828 3312 894 3410 ἤδη
914 3309 1101 3415 κέκριται.”

290 3431 527 3540 Διειληφότες
555 3433 593 3513 δέ
621 3431 672 3513 ἀπ
748 3433 811 3512 τὸν
837 3433 951 3535 λόγον
975 3436 1040 3515 τὸν
1064 3437 1122 3517 ἐπὶ
1148 3442 1200 3545 τῷ
1228 3442 1357 3542 χρῆναι
1385 3440 1441 3541 μὴ
1456 3472 1494 3532 ²5

233 3558 399 3636 ἀπιστεῖν
417 3563 468 3663 τῷ
488 3561 580 3661 Θεῷ,
602 3556 687 3662 φέρε
715 3555 759 3656 δή
785 3592 820 3636 τι
844 3557 958 3638 πάλιν
982 3561 1021 3638 ἐκ
1046 3566 1116 3638 τῶν
1139 3565 1242 3663 ίερῶν
1260 3563 1435 3663 γραμμαί-ι

233 3714 305 3760 των
335 3679 591 3786 ἀναδεξάμενοι
618 3687 835 3781 παραθῶμεν
864 3689 911 3765 είς
939 3684 1069 3781 μέσον,
1094 3687 1151 3764 καὶ
1178 3683 1244 3784 τήν
1272 3689 1330 3766 ἐπὶ
1357 3697 1440 3772 ταῖς

234 3805 416 3887 ἀπιστίαις
437 3801 593 3884 κόλασιν
613 3806 916 3906 ἐκλαμπριίνωμεν
929 3806 1019 3909 πρὸς
1038 3805 1217 3915 ὠφέλειαν
1229 3816 1302 3888 τῶν
1319 3813 1440 3891 ε’ντευ-

234 3927 404 4034 ξομένων.
446 3929 583 4008 οὐκοῦν·
612 3927 665 4009 ἐπ’
686 3929 795 4008 αὐτὸν
813 3929 885 4032 γὰρ
911 3927 980 4027 είμι
1005 3930 1118 4011 πάλιν
1141 3930 1204 4012 τὸν
1222 3933 1439 4041 ἱεροφάντην

235 4051 409 4131 Μωυσέα·
449 4050 628 4133 ἐκελειίετό
655 4087 742 4133 ποτε
771 4052 862 4132 κατὰ
889 4052 955 4153 τήν
980 4054 1112 4158 ἐρημον
1135 4055 1308 4165 ἀφορήτφ
1336 4059 1438 4165 δίψει
1452 4099 1492 4156 30

269 4252 295 4305 3.
314 4236 440 4308 ἔσχατον]
455 4238 573 4309 αἰσχρῶν
587 4239 619 4293 Β.
692 4239 717 4293 6.
736 4240 766 4292 τὸ
780 4239 812 4294 Β.
861 4240 896 4310 μή
909 4241 955 4294 alt.
971 4240 1002 4294 B.
1015 4241 1046 4295 οὐ
1059 4241 1110 4297 Ed.
1201 4262 1227 4314 9.
1246 4247 1389 4314 φρονοῦντι
1404 4248 1438 4302 Β.

222 4309 358 4378 χφοροῦντι
370 4308 420 4362 Ed.
518 4327 558 4363 12.
576 4307 649 4375 ήμῶν
660 4327 714 4364 om.
729 4310 832 4381 Migne.
881 4310 952 4382 λίαν]
967 4314 1137 4379 μᾶλλονλίαν
1146 4313 1178 4367 Β.
1209 4314 1306 4370 Statim
1318 4315 1438 4372 ἀνατιθέ-

232 4398 295 4444 ,mea
306 4378 338 4431 B.
412 4395 454 4432 20.
467 4379 530 4444 ἡμᾶς
541 4380 576 4432 D.
590 4381 653 4448 ὑμᾶς
666 4381 717 4436 Ed.
826 4396 868 4435 21.
888 4382 943 4435 ἐπεὶ
956 4391 1124 4452 assumptum
1136 4402 1168 4438 ex
1183 4384 1215 4438 B.
1314 4403 1358 4442 22.
1378 4387 1440 4456 ἡμῖν

232 4448 308 4502 αὐτὸς
319 4448 424 4502 inverso
438 4449 529 4503 ordine
544 4451 575 4502 Β.
667 4450 709 4505 26.
728 4450 773 4506 οὖν
785 4468 833 4521 pro
845 4474 869 4505 τι
884 4452 916 4506 Β.
1007 4470 1049 4524 27.
1067 4454 1248 4522 ἀναδεξάμενοι
1262 4456 1294 4510 Β.
1306 4456 1439 4528 ἀναλεξιί·

231 4539 302 4586 μενοι
317 4518 366 4569 Ed.
453 4535 494 4584 2η.
513 4521 564 4588 γὰρ
577 4515 627 4588 είμι
642 4521 676 4575 D.
689 4523 793 4592 πάρειμι
808 4521 839 4575 Β.
853 4519 904 4592 εἶμι
918 4522 968 4576 Ed.
