3038 5018
68 288 137 376 i.9.
236 291 295 358 IN
325 295 358 362 S.
382 296 774 363 JOANNEM.·LIB.
799 297 827 362 Ι.
872 296 974 362 CAP.
999 294 1098 362 VIII.
1211 295 1272 367 ,99

70 456 121 538 ὡς
144 455 236 560 πρὸς
257 457 322 539 τὸν
339 469 404 541 τοῦ
423 468 518 542 Θεοῦ
537 460 661 566 Λόγον
679 474 701 512 “
713 462 802 545 Ὅτι
820 460 870 543 σῦ
888 467 1032 569 φωτιεῖς
1049 460 1184 566 λύχνον
1201 494 1272 560 μου
1317 475 1360 528 Ps.
1372 475 1433 527 xvii.

71 587 95 624 “
115 578 238 683 Κύριε,
256 583 276 661 5
296 583 390 668 Θεός
405 620 476 684 μου
494 592 634 690 φωτιεῖς
655 584 698 667 τδ
724 585 856 672 σκότος
874 587 979 685 μου·”
1009 586 1072 665 οῦκ
1098 585 1169 688 ἀρα
1192 588 1273 692 φῶς
1319 555 1358 609 ²⁹⁸

71 701 165 782 κατά
197 703 369 806 ἀλήθειαν
402 710 509 808 ἡμεῖς,
539 711 683 815 μέτοχοι
715 708 753 790 δὲ
785 717 930 811 μᾶλλον
961 717 1025 789 τοῦ
1057 706 1303 815 φωτίᾷιντοςο

72 824 208 927 Λόγου,
227 831 286 908 καὶ
304 831 492 934 ἀλλότριοι
512 832 603 913 κατά
621 833 736 940 φύσιν
753 843 817 914 τοῦ
844 832 966 941 φωτὸς
990 841 1054 912 τοῦ
1081 834 1269 932 ἀληθινοῦ,

38 967 58 1028 5
73 944 162 1052 ὅπερ
180 952 281 1032 ἐστὶν
300 956 320 1033 5
339 954 438 1040 Υἱός.

130 1105 222 1154 Amo
247 1109 294 1156 Εκ
318 1111 384 1158 τοι
408 1112 526 1160 mom
574 1086 620 1161 Εἰ
649 1081 783 1186 λύχνος
812 1082 832 1160 5
861 1080 1082 1184 ἀνθρώπινος
1112 1073 1271 1158 κατωνό·

72 1232 212 1296 μσοπαι
247 1211 338 1301 νοῦς,
377 1204 468 1285 κατὰ
504 1204 546 1286 τὸ
584 1209 622 1286 ἐν
653 1211 817 1311 φαλμοῖς
854 1204 1028 1312 ᾀδόμενον
1065 1201 1187 1282 “’Ότι
1223 1197 1274 1280 σῦ
1319 1223 1359 1273 Ib.

72 1328 96 1369 “
116 1328 259 1430 φωτιεῖς
285 1325 421 1432 λύχνον
442 1364 513 1429 μου
537 1330 677 1433 Κύριε,”
698 1336 775 1413 πῶς
802 1330 959 1427 ἐσόμεθα
986 1326 1078 1408 κατά
1103 1324 1275 1425 ἀλήθειαν

73 1444 173 1549 φάςς
201 1448 412 1531 ἐπείσακτον
434 1451 507 1557 γάρ
532 1456 591 1533 καὶ
618 1452 723 1532 δοτδν
741 1459 792 1560 τῷ
818 1452 941 1560 λύχνερ
963 1450 1004 1532 τὸ
1030 1457 1121 1556 φῶς.
1162 1451 1219 1529 καὶ
1244 1454 1275 1529 εί

21 1595 60 1637 10
72 1564 117 1648 τδ
138 1567 271 1656 σκότος
293 1571 336 1654 τὸ
360 1577 398 1655 ἐν
414 1578 499 1676 ἡμῖν
516 1575 660 1684 φωτίζει
683 1575 790 1676 μόνος
814 1577 833 1655 5
855 1574 1075 1678 Μονογενὴς,
1094 1579 1171 1657 πῶς
1196 1573 1305 1676 οὐχὶο
1346 1593 1389 1650 07
1403 1592 1444 1647 λ

72 1698 220 1790 μᾶλλον
247 1695 352 1783 αῦτῖις
381 1699 472 1779 κατά
501 1702 672 1802 ἀλήθειαν
697 1707 786 1805 φῶς,
812 1700 911 1799 ἡμεῖς
939 1697 978 1779 δὲ
1006 1698 1144 1792 οῦκέτι;
1180 1702 1209 1776 εί
1237 1693 1276 1776 δὲ

71 1822 180 1896 τοῦτο
216 1819 364 1921 ἀληθὲς,
404 1830 481 1910 πῶς
516 1822 561 1903 ἂν
598 1824 651 1923 εἴη
689 1822 820 1904 λοιπὸν
854 1821 1018 1931 ὁμοφυὴς
1059 1826 1105 1926 τῇ
1146 1821 1273 1918 κτίσει,

72 1948 252 2021 τοσοῦτον
279 1946 387 2044 αὐτῆς
415 1949 684 2051 ῦπερκείμενος;

130 2093 232 2145 mmo,
263 2074 308 2148 Εῖ
324 2077 510 2174 προσεῖναι
529 2071 675 2151 δύναται
693 2075 739 2176 τῇ
758 2071 870 2150 κτίσει
895 2069 938 2150 τῦ
963 2067 1050 2150 εἶναι
1075 2075 1155 2176 φῶς
1180 2073 1274 2169 ἀλη-

20 2204 59 2264 15
74 2188 185 2288 θινδυ,
208 2191 335 2296 ὥσπερ
362 2195 424 2274 οῦν
449 2196 572 2294 ἀμέλει
601 2198 659 2274 καὶ
686 2201 737 2300 τῷ
762 2199 851 2300 Υίῷ,
875 2193 978 2273 ἔσται
1006 2189 1173 2293 δηλονότι
1201 2191 1277 2300 φῶς

74 2309 220 2405 ἀληθιιδι
243 2316 265 2395 ὁ
292 2316 490 2421 ἀνθρωπος,
509 2319 615 2420 μέρος
643 2317 814 2422 ῦποίρχων
837 2318 958 2416 αὐτῆς.
998 2317 1095 2396 τίσιν
1119 2316 1182 2395 οῦν
1208 2315 1278 2419 ἀρα

75 2434 136 2515 διὰ
159 2444 233 2518 τῶν
257 2440 370 2542 ἁγίων
392 2449 591 2548 προφητῶν
614 2445 633 2522 5
657 2441 750 2526 Θεός
775 2444 833 2521 καὶ
859 2439 989 2544 Πατὴρ
1012 2439 1273 2542 ἐπηγγέλλετο,

76 2558 194 2662 λέγων
213 2572 236 2609 “
252 2565 324 2643 Καὶ
349 2568 515 2647 ἀνατελεῖ
537 2569 619 2666 ῦμῖν
640 2572 712 2650 τοῖς
739 2563 975 2671 φοβουμένοις
999 2563 1042 2646 τὸ
1068 2561 1181 2665 ὅνομά
1207 2571 1385 2690 μουίιξίῑῐ·
1400 2573 1433 2626 iv.

76 2690 99 2731 “
118 2683 220 2783 ἡλιος
238 2690 464 2792 δικαιοσύνης
476 2691 510 2788 ;”
540 2691 577 2770 τί
599 2688 670 2792 γάρ
696 2687 741 2768 ἀν
760 2689 854 2773 ὅλως
878 2688 982 2789 ἡλίου
1006 2696 1070 2769 τοῦ
1093 2685 1274 2791 καταυγά·
1340 2677 1347 2691 ’

23 2829 64 2871 ²0
78 2805 197 2911 ζουτος
219 2808 262 2889 τὸ
283 2813 358 2891 κατ’
379 2813 551 2914 ἀλήθειαν
569 2813 694 2914 ἐδεήθη
712 2820 814 2918 φῶς;
846 2811 948 2892 ἀλλά
965 2810 1037 2911 μὴν
1056 2815 1104 2896 ὡς
1122 2815 1159 2892 ἐν
1178 2813 1279 2920 χρείᾳ

77 2933 342 3031 καθεστηκόσιν
361 2938 381 3015 5
401 2934 492 3020 Θεὸς
517 2939 576 3016 καὶ
596 2934 725 3040 Πατὴρ
743 2934 989 3038 ἐπηγγέλλετο
1007 2934 1136 3014 δώσειν
1155 2933 1275 3032 αὐτὸν,

76 3057 136 3134 καὶ
163 3055 338 3151 λαβόντες
359 3062 633 3167 πεφωτίσμεθα.
672 3060 787 3162 ἕτερος
817 3059 887 3161 ἄρα
913 3054 1004 3160 πρός
1032 3090 1069 3135 τε
1097 3056 1189 3156 ἡμᾶς
1218 3060 1277 3136 καὶ

76 3175 144 3278 τὴν
169 3178 298 3279 κτίσιν,
318 3181 408 3263 ὅσον
426 3189 474 3269 είς
498 3182 697 3283 ταυτότητα
723 3181 893 3289 φυσικὴν,
912 3182 933 3262 5
959 3180 1181 3283 Μονογενὴς,
1201 3180 1277 3289 φιῖε

78 3299 250 3409 ύπάρχων
267 3303 420 3405 ιἰληθυὶι,
440 3309 498 3388 καὶ
517 3308 681 3414 φωτίζειν
699 3305 858 3414 πεφυκὸς
876 3303 922 3384 τά
940 3302 1061 3411 φωτῖις
1080 3300 1240 3401 δεόμενα.

24 3441 63 3502 ²5
133 3457 235 3507 κκκο.
264 3434 308 3509 Ei
326 3428 377 3530 μὴ
395 3429 504 3529 μόνος
522 3429 643 3515 ὁΥὶδς
662 3429 737 3537 φῦς
755 3433 855 3509 ε’στιν
873 3425 1028 3523 ἀληθινόν,
1043 3427 1114 3532 ἔχει
1133 3425 1171 3508 δὲ
1189 3424 1308 3508 αῦτδο

76 3554 136 3630 καὶ
154 3552 177 3650 ἡ
196 3552 321 3651 κτίσις,
341 3553 443 3633 ἕσται
461 3554 627 3653 δηλονότι
644 3556 702 3633 καὶ
719 3556 756 3633 ἐν
775 3554 868 3652 ἡμῖν.
903 3559 1006 3636 ποῖος
1024 3551 1087 3630 οῦν
1106 3551 1176 3654 ἀρα
1194 3548 1277 3636 τοῦς

69 3670 199 3777 Ιἁγίους
223 3677 387 3756 ἀνέπεισε
412 3676 521 3779 λόγος
545 3676 636 3779 πρὸς
661 3675 757 3756 Θεὸν
774 3682 934 3771 ἀναβοᾶν
954 3674 1277 3781 “Ἐξαπόστειλον
1321 3687 1363 3740 Pa.
1376 3689 1429 3741 ¹lii·

78 3808 102 3846 ‘⁴
120 3797 164 3880 τδ
183 3805 262 3905 φῶς
284 3834 356 3881 σου
380 3803 438 3879 καὶ
461 3798 528 3899 τὴν
544 3797 715 3898 ἀλήθειάν
733 3834 802 3879 σου
815 3800 848 3895 ;”
878 3801 916 3879 τί
940 3796 978 3878 δὲ
1002 3799 1094 3898 ἡμᾶς
1119 3800 1276 3877 ε’ντεῦθευ
1322 3767 1346 3818 3’

77 3922 285 4028 ὠφελήσειν
302 3921 454 4023 οἰόμενοι
472 3920 536 4006 τάς
556 3922 718 4006 τοιαύτας
737 3921 916 4006 πολλάκις
934 3923 1100 4028 ἠφίεσαν,
1114 3920 1192 4000 εἰπέ
1205 3954 1275 4018 μοι,

23 4072 63 4129 30
76 4043 224 4152 φωνάς;
267 4051 297 4125 εί
323 4044 389 4145 μὲν
416 4043 488 4149 γάρ
515 4042 651 4150 ᾔδεσαν
676 4048 714 4126 ἐν
738 4047 839 4153 χρείᾳ
867 4043 988 4152 φωτὸς
1017 4044 1187 4149 ὑπάρχειν
1213 4043 1277 4123 τὸν

76 4168 278 4270 ἄνθρωπον,
297 4172 355 4249 καὶ
380 4173 443 4267 τῆς
467 4172 550 4271 παρ’
575 4171 694 4273 ἑτέρου
719 4167 929 4270 προσθήκης
953 4170 1082 4265 ἐπιδεᾶ,
1106 4173 1182 4250 ποῦς
1207 4170 1281 4268 ε’ρεῖ

74 4327 131 4378 τις
149 4293 344 4392 ἀληθεύων,
365 4292 420 4373 ὅτι
439 4292 515 4400 φῶς
533 4292 681 4398 ὑπάρχει
703 4298 760 4372 καὶ
781 4290 885 4375 αῦτδς
904 4289 1072 4385 ἀληθιιίνς
1102 4297 1131 4370 εί
1153 4289 1191 4371 δὲ
1213 4293 1277 4370 οῦκ

112 4471 139 4524 6.
159 4474 217 4528 νοῦς
228 4473 421 4540 κατωνόμασται
433 4472 538 4526 inverso
550 4458 643 4525 ordine
656 4469 689 4523 Β.
776 4486 816 4540 19.
835 4469 866 4525 δν
878 4485 932 4524 om.
947 4467 979 4524 B.
1064 4479 1107 4538 27.
1125 4467 1229 4523 ἔπεισεν
1242 4465 1277 4521 Β.

75 4542 191 4607 ἀναβοᾶν
202 4545 267 4614 πρὸς
279 4544 346 4597 θεὸν
356 4543 463 4598 inverso
474 4541 567 4597 ordine
582 4541 614 4594 Β.
1250 4547 1262 4564 '

651 4628 706 4677 02
