3038 5018
244 284 286 348 ιο
440 231 446 241 ’
546 285 585 350 Β.
610 285 821 350 ουοιοοι
850 286 1137 351 ALEXANDR.
1378 287 1398 350 i.
1411 309 1442 368 4.

1252 446 1390 481 κλῖ

73 462 117 517 52
131 462 170 518 A
212 444 344 525 οάλλά
368 452 414 554 τῇ
440 449 518 556 θείη
542 458 606 529 τοῦ
627 450 774 554 Πατρὸς
791 448 1001 531 συντάττων
1020 447 1181 558 οῦσίηῆ
1207 485 1265 530 και
1290 483 1332 528 το
1358 485 1445 529 ειναι

242 568 313 673 ζωὴ
331 569 513 675 πρόσεστι
531 578 708 678 φυσικῶς.

298 724 400 773 mo.
428 695 485 776 Τὸ
511 695 600 800 ζωῆς
624 695 773 800 μετίχον
792 698 856 776 οῦκ
881 697 1095 801 αῦτοκυρίως
1121 698 1199 778 ἐστὶ
1225 695 1306 799 ζωῆ,
1326 696 1445 801 ἕτερον

240 815 313 923 γάρ
331 852 367 898 τι
386 817 549 924 ὑπάρχον
566 822 604 900 ἐν
621 820 719 927 αὐτῷ
736 819 912 926 φαίνεται·
943 826 973 900 εἷ
991 821 1111 902 τοίνυν
1127 819 1298 919 μεθεκτὸς
1317 822 1337 898 ὁ
1356 819 1444 904 Υῖὸς

240 948 314 1026 τοῖς
346 951 509 1043 γενητοῖς
541 944 589 1026 ῶς
619 941 700 1045 ζωῆ,
731 943 849 1046 ἕτερος
881 941 928 1021 ἀν
956 942 1009 1043 ε’ίη
1040 942 1139 1046 παρὰ
1170 941 1216 1023 τὰ
1247 945 1475 1048 μετέχονταᾶ

240 1067 348 1146 αὐτοῦ
374 1071 431 1146 καὶ
456 1066 545 1170 ζωῆς
570 1064 730 1164 δεόμενα·
762 1067 890 1146 οὐκοῦν
913 1067 955 1145 οῦ
978 1067 1136 1169 γενητὸς,
1155 1069 1235 1147 οὔτε
1259 1067 1332 1168 μὴν
1350 1069 1440 1172 ζωο-

238 1196 421 1270 ποιεῖσθαι
454 1191 567 1294 ζητῶν
595 1193 679 1294 παρ’
712 1191 844 1290 ἑτέρου·
894 1189 986 1274 Θεὸς
1023 1191 1086 1270 οῦν
1123 1190 1194 1294 ἀρα
1230 1189 1360 1271 λοιπὸν
1392 1195 1441 1275 ὡς

239 1310 419 1415 ζωοποιός·
448 1321 478 1394 εἰ
496 1314 534 1396 δὲ
552 1322 669 1412 τοῦτο,
688 1317 748 1394 καὶ
765 1318 829 1414 τῆς
848 1322 912 1395 τοῦ
932 1314 1078 1417 Πατρός
1104 1315 1229 1399 οὐσίας
1254 1317 1437 1416 όμολογη·

205 1435 520 1542 οθῆσετααείπερ
547 1437 609 1518 ἕνα
635 1446 907 1541 προσκυνοῦμεν
926 1436 1031 1536 Θεὸν,
1057 1441 1116 1518 καὶ
1144 1439 1211 1544 οῦχ
1238 1437 1345 1547 ἑτέριρ
1372 1441 1441 1518 τινὶ

239 1560 340 1665 παρὸ
357 1561 421 1641 τὸν
439 1560 527 1641 ὄντα
546 1560 777 1664 λατρεόομεν.
1457 1596 1495 1637 ιο

296 1715 397 1762 mo.
425 1684 505 1785 Τῆν
528 1691 600 1765 τῶν
623 1685 736 1765 όντων
759 1687 916 1787 ἀκριβῶς
943 1682 1164 1792 ἐξετάζοντες
1192 1683 1320 1790 φύσιν,
1345 1682 1442 1763 Θεὸν

239 1809 378 1912 ὁρῶμεν
397 1811 455 1888 καὶ
481 1808 611 1906 κτίσιν,
630 1811 691 1887 καὶ
716 1806 835 1912 ἕτερον
853 1809 911 1887 ἐπὶ
938 1807 1076 1892 τούτοις
1101 1807 1214 1888 οὐδέν.
1254 1805 1274 1887 ὃ
1299 1806 1371 1912 γὰρ
1396 1807 1441 1887 ἀν

239 1933 392 2039 ἐκπίπτῃ
421 1941 486 2013 τοῦ
518 1928 606 2012 εἶναι
637 1929 730 2014 Θεὸς
763 1930 855 2011 κατὰ
887 1929 1013 2037 φύσιν,
1044 1940 1167 2011 τοῦτο’
1185 1930 1329 2016 πάντως
1361 1934 1441 2012 ἐστὶ

238 2058 398 2158 γενητὸν,
418 2061 476 2136 καὶ
500 2055 589 2160 ὅπερ
613 2055 658 2135 ἀν
683 2055 746 2136 τὸν
771 2063 835 2135 τοῦ
859 2059 1079 2155 πεποιῆσθαι
1104 2055 1281 2162 διαφεόγη
1307 2054 1437 2157 λόγον,

238 2181 326 2260 εἴσω
344 2179 488 2265 πάντως
505 2182 585 2260 ἐστὶ
602 2185 674 2259 τῶν
691 2183 756 2279 τῆς
774 2177 940 2278 θεότητος
959 2178 1062 2283 ὅρων.
1091 2178 1150 2260 ότε
1169 2180 1288 2259 τοίνυν
1306 2176 1440 2283 ἀριστά
1456 2211 1493 2272 15

208 2339 315 2390 οπως
345 2303 392 2384 τὸ
423 2313 570 2384 τοιαῦτα
598 2301 846 2402 διεσκέμμεθιι,
871 2301 1082 2404 λεγέτωσαν
1109 2304 1194 2402 ῆμῖν
1221 2307 1254 2382 οἱ
1283 2306 1347 2402 τῆς
1374 2310 1439 2382 τοῦ

240 2432 336 2508 Θεοῦ
369 2431 427 2508 καὶ
462 2423 607 2530 Πατρός
644 2426 769 2510 οὐσίας
805 2425 1020 2532 ἐξωθοῦντες
1051 2423 1115 2506 τὸν
1147 2426 1248 2524 Υίὸν,
1280 2433 1358 2510 πῶς
1394 2423 1440 2505 ἀν

239 2551 383 2630 δύναιτο
416 2550 603 2654 ζωογονεῖν
630 2551 679 2633 ὡς
711 2547 792 2652 ζωὴ,
821 2549 911 2628 ’ίδιον
941 2548 1096 2655 ε’χοιίσης
1127 2548 1215 2630 αὐτὸ
1248 2554 1312 2649 τῆς
1345 2550 1440 2634 θείας

238 2672 396 2780 φύσεως,
427 2674 534 2782 ἑτίρερ
571 2670 611 2752 δὲ
646 2670 935 2777 παραχωροόσης
972 2673 1097 2753 οὐδενί.
1156 2678 1185 2752 εί
1217 2672 1256 2753 δὲ
1291 2672 1440 2774 γενητὸς

239 2794 410 2903 ὑπάρχων
442 2794 529 2878 εἶναι
561 2797 707 2878 δυ’ναται
741 2798 799 2876 καὶ
832 2793 913 2900 ζωῆ,
948 2796 1083 2904 φθάσει
1120 2795 1164 2896 δὴ
1201 2795 1344 2880 πάντως
1381 2800 1439 2877 ε’πὶ
1453 2832 1494 2873 20

237 2920 357 3000 πάντα
388 2919 434 3001 τὰ
465 2921 598 3025 γενητὸ
628 2930 693 3001 τοῦ
725 2918 1038 3020 πλεονεκτήματος
1071 2920 1093 3020 ῆ
1125 2920 1238 3024 χάρις,
1267 2920 1369 3000 ἕσται
1401 2919 1439 3001 δὲ

237 3043 356 3124 πάντα
374 3043 466 3125 κατὰ
484 3043 599 3152 φύσιν
617 3043 699 3147 ζωῆ
730 3046 783 3129 τίς
807 3044 871 3123 οῦν
890 3044 1008 3128 αιἰτοῖς
1031 3044 1134 3124 ἔσται
1159 3044 1261 3148 χρεία
1284 3048 1348 3144 τῆς
1374 3053 1440 3124 τοῦ

238 3174 328 3249 Υὶοῦ
346 3172 510 3273 μετοχῆς,
528 3167 551 3269 ῆ
570 3170 608 3249 τί
623 3168 665 3248 τὸ
688 3166 803 3249 πλίον
821 3170 981 3249 ἐντεῦθεν
999 3166 1239 3271 εῦρήσουσιν;
1270 3168 1341 3273 ἔχει
1366 3166 1439 3272 γάρ

238 3294 297 3369 καὶ
328 3289 419 3371 αὐτὸ
448 3290 490 3372 τὸ
523 3289 611 3371 εἶναι
641 3290 733 3371 κατὰ
765 3290 880 3397 φύσιν
908 3289 991 3395 ζωή.
1040 3293 1126 3370 ἀλλ’
1156 3292 1220 3371 οῦκ
1252 3290 1391 3391 ἀληθῆς
1418 3294 1439 3372 ό

203 3412 361 3515 θλόγος,
387 3416 525 3520 μετέχει
552 3414 591 3495 δὲ
618 3416 819 3517 ἀναγκαίως
846 3419 895 3499 ῶς
923 3415 1012 3518 ζωῆς
1040 3412 1219 3521 χρῄζοντα
1246 3424 1309 3496 τοῦ
1334 3422 1435 3496 Υῖοῦ.
1454 3444 1492 3504 25

235 3536 345 3636 μόνος
370 3536 441 3642 ἀρα
466 3540 566 3619 ἐστὶν
587 3540 607 3618 ό
633 3537 845 3641 Μονογενῆς
869 3537 961 3619 κατὰ
986 3537 1100 3645 φύσιν
1123 3537 1203 3643 ζωὴ,
1222 3543 1280 3620 καὶ
1309 3541 1372 3619 οὐκ
1400 3542 1438 3619 ἐν

235 3668 310 3744 τοῖς
331 3669 489 3763 γενητοῖς
514 3660 572 3742 διὰ
596 3671 703 3743 τοῦτο
721 3661 915 3769 τετάξεται,
935 3663 1020 3741 ἀλλ’
1040 3668 1089 3745 εἷς
1108 3659 1174 3761 τῆν
1192 3670 1256 3742 τοῦ
1273 3660 1438 3748 τεκόντος

235 3782 345 3864 αὐτὸν
382 3784 604 3886 ἀναβήσεται
649 3785 776 3893 φύσιν·
824 3781 894 3888 ζωῆ
931 3783 1003 3889 γὰρ
1041 3783 1132 3865 κατὰ
1170 3784 1285 3892 φύσιν
1320 3791 1380 3866 καὶ
1417 3788 1437 3866 ό

237 3907 377 4013 Πατήρ.

291 4064 393 4111 κκκο.
425 4031 509 4134 Ζωῆ
537 4031 630 4114 κατὰ
657 4032 771 4139 φύσιν
793 4029 965 4136 ὑπάρχων
992 4031 1012 4111 ό
1036 4027 1135 4131 Υίὸς,
1163 4029 1185 4133 ῆ
1214 4029 1330 4136 ἕτερός
1358 4028 1491 4120 ἐστι’ςο

271 4260 298 4314 3.
315 4242 364 4369 ’[ιὲ
381 4251 410 4308 ÷
425 4246 470 4314 τῆς
481 4244 533 4299 Ed.
545 4244 636 4300 invitis
649 4241 757 4298 B.D.E.
847 4239 1045 4312 ἐτοχονΒιιιη.
1116 4241 1270 4312 αιίτοκυρίιις
1281 4240 1361 4296 edidi.
1373 4243 1436 4296 αὐτὸ

235 4316 327 4383 κυρίως
366 4313 439 4370 .Ed.
487 4314 558 4386 ε’στι]
575 4313 700 4384 ψῆΕθ.
713 4313 798 4368 invito
838 4351 845 4366 .
989 4330 1016 4378 4.
1035 4312 1225 4384 ε’ναῦτῷΙ).Ε.
1238 4314 1275 4370 εἷς
1286 4313 1348 4367 αὐτὸ
1362 4312 1394 4366 Β.
1408 4314 1436 4367 ίν

234 4385 315 4474 ίσυτῶ
330 4384 381 4476 E'd.
522 4399 548 4456 5.
566 4388 682 4458 γενητοῖς
694 4384 731 4439 Ι).
745 4382 797 4438 Ed.
809 4399 866 4453 mg.
878 4384 1009 4453 γεννητοῖς
1021 4382 1073 4437 Ed.
1206 4384 1296 4508 ἐᾶόις
1308 4382 1342 4437 Β.
1355 4386 1369 4435 ὁ
1382 4383 1433 4437 Ed.

237 4470 279 4540 13:
298 4477 407 4525 ικπιπτη
421 4457 454 4513 E.
466 4456 582 4521 ιἰιπίπτιι
596 4456 632 4511 D.
646 4453 699 4510 Ed.
773 4470 814 4520 14.
832 4451 960 4524 διαφεῦγη
974 4453 1046 4509 D.E.
1058 4451 1193 4524 διαφεύγει
1333 4470 1376 4524 23.
1394 4453 1435 4509 ε’ν·

233 4525 324 4580 τευθιν
334 4543 388 4581 om.
403 4526 435 4582 Β.
541 4543 585 4598 30.
603 4526 801 4596 &assumptum
812 4539 846 4579 ex
858 4522 893 4578 Β.
