3038 5018
224 290 290 353 510
528 290 568 354 B.
592 288 798 355 CYRILLI
827 287 1116 355 ALEXANDR.
1319 286 1365 351 vi.
1377 284 1432 366 46·

135 535 141 544 ,
224 452 288 534 τὸν
315 454 360 561 ἐξ
384 455 495 535 αὐτοῦ
522 457 737 557 γεννηθέντα
765 453 865 553 Υίὸν,
893 455 1017 557 ὥσπερ
1049 455 1111 533 οὖν
1138 450 1267 552 ἀμέλει
1298 454 1362 531 καὶ
1391 446 1434 529 τὸ

225 579 357 682 ἕτερον.
418 580 438 659 ὁ
480 579 550 683 γὰρ
588 578 679 659 Υίδν
722 580 914 682 ὁμολογῶν
956 581 1019 659 οὐκ
1054 576 1223 680 ἀγνοήσει
1263 573 1332 656 τὸν
1373 608 1435 677 γε-

208 701 431 806 ’γεννηκότα

171 927 176 933 .
283 823 474 933 Οὑκοῦνῇ
501 827 566 926 μέν
590 829 669 905 ε’στι
695 825 826 929 Πατὴρ
854 830 874 906 ὁ
900 825 1004 924 Θεὸς,
1023 829 1115 908 οὕτω
1142 862 1181 908 τε
1210 831 1346 904 νοεῖται
1375 826 1437 903 καὶ

92 1028 101 1037 ,
175 1010 177 1014 ⁴
225 950 443 1053 κηρύττεται,
462 950 528 1050 τὴν
545 953 628 1053 περὶ
646 958 710 1030 τοῦ
732 951 821 1029 ίδίου
846 948 1065 1053 γεννήματος
1090 959 1163 1035 ταῖς
1189 947 1466 1051 άκροωμεῖιοιςὸ

225 1076 384 1175 ε’ντίθησι
403 1082 551 1178 γνῶσιν·
582 1071 768 1179 ᾗδέΥίὸς
790 1076 810 1154 ὁ
834 1075 879 1181 ἐξ
900 1075 1009 1154 αὐτοῦ
1034 1074 1126 1154 κατὰ
1150 1071 1267 1181 φύσιν
1286 1069 1431 1170 ὀνομά-

227 1192 321 1301 ζεται
358 1203 417 1278 καὶ
454 1200 556 1279 ἔστιν
586 1201 744 1299 άληθῶς,
779 1197 987 1301 διαγγέλλει
1023 1195 1088 1278 τὸν
1117 1198 1273 1301 Πατέρα·
1314 1193 1435 1276 διάτοι

228 1324 334 1404 τοῦτό
362 1329 478 1430 φησιν
506 1327 554 1406 ὡς
580 1320 671 1427 πρὸς
698 1320 807 1401 αὐτόν
834 1333 857 1370 “
874 1321 1115 1428 Ἐφανέρωσά
1141 1354 1212 1402 σου
1236 1320 1283 1401 τὸ
1315 1318 1436 1418 ὄνομα

229 1456 251 1496 “
269 1454 343 1532 τοῖς
371 1446 601 1551 άνθρῶττοις.”
640 1444 759 1544 ἐπειδὴ
787 1444 860 1549 γάρ
891 1447 1057 1548 ἐγνώσθη
1090 1443 1190 1549 παρὰ
1216 1451 1293 1528 τοῖς
1320 1477 1434 1525 πεττι·

60 1586 178 1645 348Δ·
199 1570 421 1651 νστευκάσιν
445 1571 464 1648 ὁ
487 1568 585 1665 Υἱὸς,
603 1570 887 1676 πεφανερῶσθαί
908 1575 1004 1676 φησι
1027 1567 1069 1650 τὸ
1094 1577 1158 1648 τοῦ
1183 1566 1435 1670 γεννήσαντος
1450 1602 1484 1644 ιο

227 1693 353 1794 ὄνομα·
386 1695 527 1795 νοηθείη
546 1692 579 1772 δ’
600 1690 646 1772 ἂν
661 1691 728 1792 τὴν
744 1695 824 1794 περὶ
850 1700 915 1773 τοῦ
939 1694 1028 1773 ίδίου
1049 1693 1269 1796 γεννήματος
1290 1700 1436 1795 γνῶσιν

226 1820 370 1902 ε’ντιθεὶς
398 1819 481 1917 ἡμῖν
505 1818 525 1896 ὁ
549 1815 644 1901 Θεὸς
671 1819 730 1897 καὶ
757 1816 896 1919 Πατὴρ,
919 1818 961 1895 οὐ
989 1821 1111 1922 φωνῆς
1139 1817 1276 1898 ἄνωθεν
1297 1821 1436 1923 καταῤ-

195 1941 458 2045 Βρηγνυμένης,
493 1944 552 2021 καὶ
586 1945 743 2042 βροντῆς
778 1975 874 2024 τινος
910 1941 1012 2040 δίκην
1043 1939 1335 2043 περικτυποτίσης
1368 1941 1436 2042 τὴν

227 2065 444 2166 οἰκουμένην,
463 2064 564 2145 ἀλλὰ
583 2065 679 2147 θείας
697 2060 865 2165 δηλονότι
885 2064 1123 2171 φωταγωγίας
1141 2063 1436 2166 άναλαμττοιίσης

227 2192 265 2269 ἐν
283 2191 367 2290 ἡμῖν
384 2189 476 2292 πρὸς
495 2185 714 2290 κατανόησιν
732 2193 796 2288 τῆς
816 2185 1057 2269 θεατνειίσταυ
1080 2192 1235 2295 γραφῆς·
1268 2186 1437 2292 εὑρήσεις
1451 2225 1484 2285 15

228 2312 266 2393 δέ
284 2313 397 2394 πάλιν
416 2315 474 2393 καὶ
492 2310 582 2415 πρὸς
600 2320 705 2392 τοῦτο
724 2313 761 2391 ε’ν
774 2312 859 2413 ἡμῖν
876 2309 1021 2415 ἐνεργὸν
1033 2309 1096 2392 τὸν
1109 2311 1208 2392 Υἱόν·
1227 2309 1438 2415 γέγραπται

230 2435 301 2539 γάρ
334 2470 405 2517 που
437 2439 518 2540 περὶ
553 2442 626 2515 τῶν
658 2435 771 2537 ἁγίων
802 2442 973 2534 μαθητῶν
1000 2434 1055 2516 ὅτι
1083 2446 1105 2484 “
1123 2436 1216 2517 Τότε
1254 2435 1439 2545 διήνοιξεν

195 2563 253 2676 {W
272 2560 389 2639 αὐτῶν
407 2557 489 2643 τοὺς
514 2557 764 2664 ὀφθαλμοδς,”
784 2564 833 2644 εἰς
856 2558 899 2639 τὸ
925 2566 1017 2640 νοεῖν
1043 2559 1210 2660 δηλονότι
1234 2558 1302 2646 τὰς
1329 2562 1440 2665 ἁγίας

230 2683 387 2790 γραφάς.

58 1322 132 1372 Infn

58 1389 120 1439 xvii.
133 1385 158 1438 6.

61 2434 156 2513 spuo.

61 2516 130 2551 mv.
140 2512 182 2562 45.

179 2947 217 3022 46
233 2940 300 3028 Οὐχ
325 2942 375 3008 ὅτι
401 2941 458 3012 τίν
485 2941 617 3033 Πατέρα
644 2939 774 3032 ἑώρακέ
801 2968 858 3024 nc,
886 2940 914 3009 εἰ
941 2944 985 3022 μδ
1013 2945 1031 3015 ὁ
1058 2942 1105 3010 ὢν
1132 2944 1221 3034 παρὰ
1249 2950 1309 3012 τοῦ
1341 2946 1439 3012 θεοῦ·
1454 2968 1484 3012 ις

576 3081 672 3150 οὗτοι
699 3084 828 3174 ἑώρακε
855 3085 911 3153 τὸν
938 3087 1081 3176 Πατέρα.

288 3263 630 3365 Προανασκοπήσας
654 3265 776 3364 πάλιν,
801 3271 851 3351 ὡς
873 3265 980 3365 Θεὸς,
1001 3267 1057 3348 ὅτι
1081 3267 1350 3376 παραδέξονται
1373 3270 1443 3372 μὲν

232 3387 394 3486 οὐδαμῶς
427 3386 493 3487 τήν
525 3388 584 3468 διὰ
620 3398 683 3469 τοῦ
715 3389 926 3490 Πνεάματας
963 3390 1212 3496 ἀποκάλυψιν,
1249 3393 1336 3474 οὐδὲ
1373 3395 1442 3496 τήν

232 3507 368 3589 άνωθεν
394 3509 460 3610 μέν
488 3513 525 3591 ε’ν
555 3515 809 3617 φωταγωγίαις
844 3513 1057 3614 ἐννοήσουσι
1088 3515 1249 3613 σύνεσιν,
1281 3519 1441 3620 ἀπαιτή-

233 3667 345 3713 σουσι
381 3633 419 3713 δὲ
456 3632 514 3715 διὰ
549 3635 696 3735 πολλὴν
733 3639 957 3734 δυσβουλίαν
995 3640 1053 3719 καὶ
1090 3637 1176 3718 αὐτὸ
1217 3635 1260 3720 τὸ
1304 3646 1441 3746 χρῆναι
1455 3676 1484 3732 25

203 3762 376 3861 οθεωρεῖν
403 3755 466 3837 τὸν
492 3759 648 3861 Πατέρα,
672 3763 741 3859 καὶ,
766 3761 824 3840 ἵνα
852 3762 963 3846 οὕτως
992 3762 1153 3861 εἴπωμεν,
1181 3764 1225 3841 δι’
1255 3764 1440 3869 αὐτοπρο

233 3880 362 3960 σοίττου
398 3881 629 3962 παιδεύεσθαι
667 3882 760 3976 θέας,
794 3883 883 3989 άπερ
915 3888 963 3969 ὡς
999 3881 1113 3992 ᾤοντο
1144 3892 1218 3969 ταῖς
1250 3889 1442 3992 πατράσιν

234 4005 350 4083 αὐτῶν
379 4004 545 4110 ιἰτήρχθη
572 4006 669 4105 τοτὲ,
698 4008 973 4115 καταφοιτῶσης
1001 4011 1058 4090 ἐπὶ
1085 4008 1127 4089 τὸ
1155 4008 1238 4115 ὅρος
1267 4009 1312 4091 τὸ
1347 4018 1444 4094 Σινᾶ

233 4132 298 4227 τῆς
316 4127 425 4235 δόξης
447 4137 512 4209 τοῦ
530 4134 639 4210 Θεοῦ·
668 4131 962 4235 τροανασειράζει
989 4131 1111 4230 πάλιν,
1130 4137 1188 4213 καὶ
1213 4130 1345 4239 ὥσπερ
1369 4141 1443 4219 τινὶ

273 4397 295 4434 1.
314 4380 344 4448 ἐξ
356 4380 447 4453 αυτου]
461 4384 521 4452 εξου
535 4382 567 4437 Β.
692 4405 717 4452 4.
736 4381 832 4527 ᾖφήεῖ
845 4386 877 4441 Β.
944 4386 1011 4443 οὕτω
1022 4385 1064 4459 τε]
1078 4386 1154 4443 οὗτός
1165 4409 1197 4459 γε
1211 4385 1244 4443 Β.
1378 4392 1408 4447 6.
1425 4390 1444 4463 ᾗ

233 4449 275 4521 δὲ]
290 4449 305 4518 ἣ
318 4453 368 4505 τιδέ
383 4452 414 4506 B.
590 4471 630 4508 ιι.
649 4461 747 4526 γνῶσιν
774 4458 851 4512 δόσιν
864 4456 896 4510 Β.
1072 4458 1113 4513 16.
1132 4459 1160 4513 ἐν
1172 4467 1347 4530 assumptum
1360 4480 1394 4517 ax
1410 4463 1444 4518 B.

235 4537 277 4574 αα.
295 4525 341 4574 τοῦ
353 4532 520 4593 assumptum
533 4543 565 4578 ex
580 4524 612 4579 Β.
