3038 5018
106 316 152 361 ιιι
165 314 220 381 34.
280 295 337 360 IN
368 296 401 363 S.
425 297 681 364 JOANNEM.
727 299 823 364 LIB.
847 299 896 364 11.
940 301 1132 367 cAP.111.
1242 305 1302 367 251

107 457 172 538 τὸν
199 468 264 540 τοῦ
290 467 368 548 πῶς
395 459 483 543 εἶναι
510 463 635 566 λόγον,
663 472 727 544 τοῦ
754 461 966 568 πράγματος
992 464 1056 545 τόν
1078 465 1179 545 Υἰόν·
1211 477 1304 545 καλ-

107 582 241 684 λίστην
260 584 297 665 δί
315 592 461 684 μᾶλλον
478 588 534 668 ε’πί
552 596 617 667 τοῦ
634 585 813 690 παρόντος
833 589 998 687 μάλιστα
1021 587 1088 689 τὴν
1106 592 1308 687 οἰκονομίαν

108 707 328 812 εἰσάγοντος.
369 711 506 809 οὐκοῦν,
524 710 612 792 ὅταν
629 710 798 813 λε’γοντος
822 712 1029 792 ἀκούσωσιν
1046 716 1155 792 αὐτοῦ
1173 711 1422 842 “'}Ey‹}110{¹0¹fra
1433 727 1460 761 ¹·

109 842 131 881 ‘⁴
149 835 209 912 καί
227 835 248 913 ὁ
269 832 400 940 Πατήρ
415 835 454 921 ἕν
470 837 630 936 ε’σμεν,ό
654 834 817 941 ἑωρακὼς
834 835 893 935 ἐμὲ
911 836 1041 938 ἑόρακε
1061 835 1124 917 τὸν
1145 837 1303 951 Πατέρα·
1351 843 1456 974 ὲῦηξὶν·

75 966 132 1035 5“
150 954 222 1060 ε’γάι
240 959 343 1066 ε’ντῷ
357 963 476 1063 Πατρί
493 961 552 1039 καί
570 962 592 1040 ό
608 957 737 1064 Πατὴρ
756 963 793 1041 ἐν
811 961 924 1058 ε’μοί·”
953 960 1242 1058 λαμβανέτωσαν
1256 961 1308 1054 τήν
1369 945 1376 966 ’
1420 944 1427 958 ⁸

109 1085 291 1190 μαρτυρίαν
309 1086 418 1180 αότιῧ,
435 1082 741 1192 τφριιγιζέτωσαν,
755 1084 803 1164 ’ότι
822 1095 836 1166 ί
856 1084 942 1170 Θείς
961 1088 1018 1162 καί
1038 1081 1168 1187 Πατὴρ
1186 1081 1309 1177 ἀληθής

110 1207 209 1302 ε’στιι,
232 1204 321 1309 όπερ
348 1202 442 1286 οἰδεν
469 1209 625 1310 ἀκριβῶς
652 1209 854 1288 ἀναπείθων
882 1215 1009 1287 λαλεῖν
1036 1207 1099 1286 τὸν
1121 1208 1222 1287 Υἰόν·
1255 1205 1310 1308 μή

110 1329 381 1410 ἀπιστείτωσαν
416 1339 489 1414 τοῖς
526 1339 591 1410 τοῦ
630 1336 797 1435 Σωτῆρος
833 1331 981 1437 ῥήμασι,
1019 1331 1065 1411 τά
1104 1330 1204 1435 παρὰ
1247 1339 1311 1410 τοῦ

113 1451 258 1557 Πατρός
285 1452 370 1553 ἡμῖν
396 1453 657 1556 ἑρμηνεύοντος.
1026 1448 1031 1453 ⁸

60 1840 99 1881 ιο
172 1823 232 1888 ’ον
260 1824 321 1915 τὰρ
347 1825 538 1892 ἀπέστειλεν
565 1827 584 1892 ὁ
612 1824 695 1894 Θεὸς
722 1825 762 1891 τὰ
791 1827 921 1914 ῥήματα
949 1831 1005 1892 τοῦ
1030 1828 1118 1893 Θεοῦ
1145 1826 1246 1896 λαλεῖ.
1324 1853 1362 1912 34

1324 1984 1341 2024 0

171 2043 281 2127 Οἶδεν
303 2048 365 2127 οὖν
385 2048 455 2152 ἀρα
482 2048 574 2129 κατὰ
602 2049 716 2156 φύσιν
743 2048 830 2130 ὄντα
857 2048 921 2130 τόν
944 2049 1094 2129 αότὸνό
1121 2049 1248 2153 Πατήρ
1275 2051 1313 2128 ε’ν

113 2173 229 2279 ἑαυτῷ
247 2168 311 2252 τόν
330 2173 528 2254 ἰδίονΥἰόν·
556 2183 664 2254 τοῦτο
681 2172 754 2278 γὰρ
773 2170 871 2272 οἶμαι
888 2171 932 2253 τό
943 2170 1015 2254 Ἕν
1032 2176 1152 2272 ἐσμεν,
1172 2175 1229 2252 καί
1247 2174 1314 2276 οὐχ

115 2294 236 2398 ἕτερόν
253 2330 288 2375 τι
307 2298 597 2397 κατασημαίνειν·
619 2296 710 2379 Υἰὸν
728 2286 825 2397 ὄντα,
841 2301 900 2377 καί
918 2299 960 2377 οὐ
975 2298 1113 2396 ποίημα
1131 2295 1311 2398 γινώσκει·

115 2417 205 2499 Υἰόν
223 2418 266 2498 δέ
279 2426 373 2526 φημι
391 2420 454 2501 τὸν
472 2424 512 2501 ἐκ
529 2426 592 2521 τῆς
617 2422 740 2506 οὐσίας
764 2423 884 2520 αι’ποῦ,
903 2425 961 2502 καί
987 2422 1028 2501 οὐ
1051 2425 1154 2527 ψιλῷ
1177 2425 1228 2527 τῷ
1251 2423 1314 2518 τῆς

62 2561 100 2622 ¹5
117 2541 276 2644 υἰότητος
294 2544 521 2644 τετιμημένον
539 2545 698 2643 ὀνόματι·
731 2543 824 2626 οἶδεν
842 2545 930 2626 ὄντα
946 2549 1010 2644 τῆς
1029 2547 1118 2628 ἰδίας
1143 2543 1316 2643 ἰδιότητος

115 2666 399 2771 ἀπαράλλακτον
431 2667 558 2768 εἰκόνα,
588 2672 635 2754 ὡς
667 2672 822 2773 ὁρᾶσθαι
859 2667 925 2767 μὲν
957 2669 1099 2751 τελείως
1135 2669 1173 2745 ἐν
1205 2668 1313 2773 αὐτῷ,

117 2788 377 2897 ζωγραφεάδί
404 2795 442 2874 ε’ν
467 2795 580 2902 ἑαυτῷ
607 2792 671 2874 τὸν
693 2794 737 2901 ἐξ
762 2796 871 2873 αι’ποῦ
899 2790 990 2872 κατὰ
1017 2794 1131 2898 φύσιν
1156 2788 1315 2894 ἀρρήτως

115 2914 369 3023 ε’κλάμψαντα,
391 2907 452 2996 καί
477 2918 570 3022 ἔχειν
594 2916 660 3016 μὲν
685 2920 723 2996 ἐν
748 2919 862 3025 ἑαυτῷ
886 2916 949 2996 τὸν
968 2913 1067 3012 Υἰὸν,
1090 2912 1177 2995 εἶναι
1206 2911 1243 2993 δί
1271 2913 1350 2995 abd

116 3037 230 3119 πόλιν
249 3041 287 3120 ἐν
304 3046 392 3149 Υἰῷ,
412 3040 470 3119 διά
488 3041 553 3140 τήν
571 3045 635 3141 τῆς
653 3043 778 3128 οὐσίας
797 3037 1008 3140 ταυτότητα.

59 3190 102 3271 29
173 3168 300 3244 Ταῦτα
319 3163 518 3270 φρονήσας,
533 3164 692 3268 αἰρετικί,
710 3173 839 3267 πικροῦ
857 3162 922 3263 μίν
939 3160 1077 3242 σαυτὸν
1094 3157 1316 3264 ἀπαλλάξεις

119 3285 334 3388 νοσήματος,
354 3291 480 3390 τριβῆς
498 3287 536 3368 δί
555 3289 648 3388 ἡμᾶς
666 3293 729 3387 τῆς
751 3292 788 3368 ἐν
807 3286 931 3390 λόγοις
955 3289 1013 3365 καί
1036 3283 1246 3387 ζητήμασιν.
1285 3284 1317 3362 ἰν

116 3409 188 3516 γίιρ
215 3409 417 3493 ἀπίοτιιλεν
439 3422 454 3493 ἰ
478 3413 564 3499 Θείς
592 3411 637 3492 τίι
665 3415 800 3517 ῥήματα
827 3414 880 3491 τοῦ
903 3413 988 3491 Θιιῧ
1016 3413 1131 3490 λαλεῖ.
1171 3407 1257 3487 ὅταν
1278 3408 1318 3485 ἐκ

117 3541 182 3613 τοῦ
208 3535 402 3639 προχείρου
436 3540 558 3636 νοῆται
589 3534 632 3616 τὸ
662 3536 907 3638 προκείμενον,
938 3534 976 3613 τί
1000 3529 1114 3614 πόλιν
1141 3531 1244 3612 ἔσται
1276 3527 1318 3609 τὸ

119 3657 330 3756 θαυμαστόν
357 3660 395 3739 ἐν
422 3664 525 3767 Υίῷ;
567 3657 589 3759 ἢ
621 3658 691 3761 γὰρ
724 3660 803 3763 οὐχὶ
835 3662 893 3738 καί
927 3663 1000 3736 τῶν
1028 3657 1141 3758 ἀγίων
1168 3655 1319 3736 ἕκαστος

61 3810 102 3870 25
118 3787 326 3887 προφητῶν,
363 3787 422 3863 καί
459 3781 708 3863 ἀπεστέλλετο
744 3781 844 3884 παρὰ
880 3786 986 3879 Θεοῦ,
1020 3785 1079 3860 καί
1116 3776 1198 3862 τοὺς
1233 3774 1317 3879 παρ’

119 3907 228 3985 αὐτοῦ
254 3904 422 4008 διήγγελε
449 3907 603 4008 λόγους;
635 3909 693 3985 καί
720 3914 808 4007 γοῦν
825 3902 916 4008 πρὸς
940 3904 1006 4004 μὲν
1024 3903 1087 3983 τὸν
1106 3900 1350 4007 ἰεροφάντηνο

118 4029 255 4135 εἴρηταί
282 4065 344 4112 ποι
378 4030 543 4111 Μωυσέα
573 4041 593 4078 “
614 4033 687 4110 Καὶ
720 4038 783 4110 νῦν
811 4032 914 4133 δεῦρο
944 4025 1167 4110 ἀποστίλλω
1196 4059 1241 4105 σε
1271 4029 1319 4108 εἰς
1365 4031 1486 4081 ΔΜΒ·

1364 4098 1417 4161 Δρ.
1426 4096 1469 4145 vii.

1366 4175 1406 4225 34·

159 4335 200 4373 ιι.
220 4319 264 4371 τὸν
276 4328 445 4389 assumptum
459 4337 491 4374 ex
504 4319 537 4372 B.
595 4317 622 4372 ἐν
634 4334 687 4372 οιυ.
703 4316 735 4370 Β.
951 4333 990 4382 14.
1009 4318 1045 4386 τῷ
1058 4321 1226 4383 assumptum
1239 4331 1271 4366 ex
1288 4312 1319 4366 Β.

124 4405 165 4456 15.
182 4389 326 4457 α’ῑδιότητος
339 4388 373 4443 Β.
506 4389 546 4442 ι8.
568 4387 719 4457 ἐκλάψαντα
734 4386 765 4441 Β.
896 4401 939 4455 ²3·
958 4389 988 4440 τὸ
1000 4387 1044 4439 alt.
1058 4394 1228 4453 assumptum
1240 4401 1272 4436 ex
1287 4383 1320 4438 B.
1427 4433 1429 4439 .

122 4462 165 4515 26.
185 4458 325 4531 διήγγελλε
340 4459 375 4514 D.
527 4471 569 4529 27.
588 4457 687 4527 εἴρηταί
697 4480 743 4513 ποι
756 4454 869 4512 Μωυοία
883 4454 933 4510 hoc
946 4455 1038 4511 ordine
1052 4455 1084 4509 B.
1098 4454 1212 4510 Μωυσέα
1223 4452 1323 4526 ιίρηταί

120 4553 166 4587 ποι
179 4529 231 4586 Ed.
278 4529 434 4586 ἀποστίλλω
447 4529 480 4584 Β.
493 4529 643 4584 ἀποστείλω
656 4527 708 4582 Ed.

678 4610 774 4678 ιλιι
