3038 5018
705 1249 944 1324 ΚΕΦΑΛΗ
985 1250 1034 1324 Θ.

306 1539 379 1608 Ὀτι
401 1542 436 1607 οὔ
457 1541 641 1626 προϋπάρχει
662 1547 715 1606 τοῦ
737 1543 873 1622 σώματος
893 1543 912 1622 ἡ
934 1547 987 1607 τοῦ
1007 1542 1162 1623 ἀνθρώπου
1177 1541 1280 1625 Ιφυχίχ,
1299 1541 1368 1607 οὐδὲ
1390 1543 1423 1606 ἐκ

421 1669 634 1752 πρεσβυτέρων
657 1670 871 1753 ἁμαρτημάτων
892 1671 911 1751 ἡ
934 1669 1108 1752 σωμότωσις
1130 1671 1204 1735 κατά
1224 1694 1314 1738 τινας.

334 1898 377 1964 ⁰0
404 1899 535 1990 φωτίζει
563 1901 669 1967 πάντα
695 1900 870 1990 ἄνθρωπον
897 1899 1073 1989 ἐρχόμενον
1100 1895 1147 1964 είο
1173 1898 1230 1967 τὸν
1259 1899 1390 1976 κόσμον.

322 2137 584 2219 ἈΣΦΑΛΗΣ
604 2141 624 2219 ὁ
643 2136 827 2241 θεολόγος*
851 2138 893 2217 οὐ
911 2136 983 2239 γὰρ
1000 2136 1111 2236 μόνον
1125 2137 1232 2216 σ’ίετοιι
1252 2138 1334 2232 δεῖν,
1347 2133 1402 2215 ὅτι
1420 2133 1465 2236 δὴ
1480 2158 1498 2217 5

101 2286 143 2343 '18
154 2285 195 2341 Δ.
236 2260 342 2368 αφῶς
368 2260 520 2367 ὑπάρχοι
545 2260 582 2342 τὶ
608 2261 793 2357 ιἰληθιιίνὸ
818 2259 1039 2364 Μονογενὴς,
1057 2258 1215 2366 ἐξειπεῖν,
1235 2260 1321 2338 ἀλλ’
1341 2257 1465 2361 ἐπάγει

266 2391 340 2468 τοῖς
378 2385 570 2488 εἰρημένοις
601 2389 823 2490 παραχρῆμα
855 2384 921 2485 τὴν
954 2381 1151 2490 ἀπόδειξιν,
1184 2385 1374 2487 μονονουχὶ
1407 2386 1467 2462 καί

266 2506 431 2615 συντόνῳ
461 2509 545 2588 λίαν
572 2507 892 2613 ἀνακεκραγὼςτῇ
926 2514 1030 2615 φωνῇ
1059 2512 1143 2590 Φῶς
1176 2502 1267 2586 εἷναί
1297 2512 1391 2613 φημι
1423 2503 1466 2585 τὸ

267 2629 441 2730 ἀληθινὸν
465 2637 481 2713 δ
507 2633 644 2742 φωτίζει
671 2633 789 2713 πιόντα
814 2629 975 2739 ιίιθρωπιν
997 2632 1165 2738 ἐρχόμενον
1183 2638 1230 2716 είς
1254 2629 1306 2711 τὶν
1326 2633 1461 2737 κόσμον.

266 2751 323 2859 ἆρ’
349 2755 421 2852 οὖν,
446 2753 537 2836 εἴποι
564 2789 617 2839 τις
645 2751 690 2834 ἂν
712 2753 856 2864 ὅτῳδῆ
885 2754 997 2863 φίλον
1018 2756 1082 2836 οὐκ
1108 2755 1367 2849 ἀβασανίστως
1392 2760 1466 2833 τῶν
1482 2782 1516 2822 1·

267 2876 371 2958 θείων
397 2881 643 2984 ἐπακροᾶσθαι
671 2880 870 2981 δογμάτων,
900 2880 943 2959 ὀύ
970 2876 1187 2984 φωτίζουσιν
1214 2877 1366 2979 ἄγγελοι
1393 2885 1467 2958 τῶν

145 3111 152 3124 ⁹
201 3040 222 3129 χ
267 3001 466 3105 ἀνθρώπων
484 3002 548 3083 τὸν
566 3011 671 3098 νοῦν;
704 3003 906 3106 Κορνήλιος
925 3001 972 3100 δέ,
991 3001 1070 3082 είπέ
1081 3036 1153 3101 μοι,
1173 3000 1232 3079 διὰ
1247 3001 1342 3085 τίνος
1360 3003 1467 3100 ἐμάν-

197 3117 205 3133 “
266 3131 381 3223 θανεν,
394 3126 448 3207 ὅτι
466 3125 536 3232 χρὴ
553 3128 802 3223 βαπτισθέντα
821 3124 1060 3228 διασώζεσθαι
1078 3124 1178 3229 παρὰ
1189 3130 1303 3220 Θεοῦ;
1327 3123 1464 3205 Μανωέ

99 3248 220 3379 stiffi·
233 3256 255 3321 b
268 3247 305 3328 δὲ
323 3256 387 3328 τοῦ
407 3248 573 3354 Σαμψὼν
592 3253 611 3330 ὁ
628 3248 759 3353 πατὴρ,
779 3251 820 3330 οὐ
839 3248 897 3329 διὰ
916 3254 1039 3357 φωνῆς
1057 3248 1218 3352 ἀγγέλου
1242 3247 1288 3328 τὰ
1311 3248 1466 3348 ἐσόμενα

267 3372 561 3475 προεπαιδειίετο;
596 3376 778 3478 Ζαχαρίας
805 3374 842 3454 δὲ
869 3373 997 3473 ὁμοίως
1021 3374 1144 3472 ἡμῖνό
1169 3369 1358 3480 προφήτης
1386 3374 1466 3477 οὐχί
1483 3402 1519 3440 1*

100 3513 175 3563 zach.
188 3514 206 3565 i·
267 3501 400 3601 σαφῶς
427 3497 692 3602 ἀναφθέγγεται
719 3509 741 3545 “
763 3504 834 3577 Καὶ
863 3495 959 3579 εἶπεν
986 3500 1006 3577 ὁ
1035 3498 1192 3600 ἅγγελος
1222 3499 1242 3576 ό
1274 3502 1400 3575 λαλῶν
1428 3500 1466 3576 ἐν

101 3595 124 3646 9’
268 3631 290 3668 “
308 3619 390 3719 ε’μοί
408 3617 507 3721 Ἐγὼ
532 3619 637 3726 δείξω
663 3655 724 3700 σοι
748 3622 786 3701 τί
807 3623 886 3701 ἐστι
911 3623 1057 3701 ταῦτα·”
1096 3623 1155 3701 καὶ
1179 3618 1292 3701 πάλιν
1311 3618 1370 3700 διὰ
1393 3626 1467 3699 τῶν

266 3745 385 3823 αὐτῶν
412 3744 496 3842 ἡμῖν
523 3744 711 3847 ἐρχόμενος
743 3743 880 3847 λόγων,
911 3747 974 3826 οὐκ
1006 3743 1208 3825 ἐπιδεικνύει
1240 3749 1381 3851 σαφῶς,
1410 3742 1466 3822 ὅτι

266 3874 339 3945 τῶν
368 3866 615 3969 κεκρυμμένων
647 3865 713 3966 τὴν
745 3876 882 3970 γνῶσιν
915 3869 1158 3975 ἐξεκάλυπτον
1191 3867 1341 3969 ἄγγελοι
1373 3866 1466 3946 κατὰ

304 4135 329 4175 2.
347 4122 393 4174 τοῦ
405 4119 541 4192 ἀνθρώπου
552 4130 720 4192 assumptum
733 4139 767 4176 ex
779 4121 814 4177 Ε.
827 4122 899 4177 deest
911 4123 940 4177 in
953 4123 990 4179 D.
1144 4142 1171 4189 4.
1191 4123 1223 4177 In
1236 4122 1354 4193 capitum
1365 4121 1465 4188 tabula,

269 4199 419 4260 sequuntur
431 4193 511 4247 verba
523 4193 550 4246 ἐν
562 4197 597 4264 τῷ
611 4195 700 4265 κόσμῳ
712 4191 751 4261 ἦν,
765 4193 799 4247 εί.
812 4194 881 4247 infra
892 4207 927 4318 χ5
937 4212 961 4248 ε.
1100 4206 1126 4265 5.
1144 4192 1285 4265 Ἀσφαλὴς
1296 4196 1311 4246 ὁ
1324 4194 1465 4264 θεολόγος·

267 4259 359 4331 οὐγὰρ
373 4260 406 4314 B.
418 4261 732 4336 Ἀσφαλῶςὸθεολόγος
744 4264 775 4319 οὔ
788 4263 840 4318 Ed.
913 4265 988 4318 ⁸0m.
1003 4263 1037 4319 B.
1250 4263 1277 4317 6.
1295 4264 1418 4335 ὑπάρχων
1430 4263 1465 4318 Β.

270 4345 311 4395 14.
331 4331 446 4399 Σαμψὼν
459 4333 492 4386 Β.
505 4334 602 4388 Γεδεὼν
614 4333 665 4388 Ed.
780 4351 821 4404 15.
840 4334 900 4404 ἡμῖν
911 4335 1003 4423 ὁμοίως
1015 4335 1120 4389 inverso
1132 4334 1225 4390 ordine
1239 4333 1273 4389 B.
1389 4334 1430 4388 16.
1449 4336 1465 4388 ὁ

268 4400 357 4454 λαλῶν
368 4418 421 4455 om.
436 4402 468 4456 B.
638 4405 679 4459 18.
698 4403 757 4473 ἡμῖν
768 4405 907 4477 ἐρχόμενος
919 4407 978 4476 ημῖν
989 4405 1051 4477 (εἰς)
1065 4404 1116 4462 Ed.
1129 4405 1220 4463 invitis
1232 4405 1316 4462 libris.
1366 4404 1465 4460 Statim

266 4471 354 4540 λόγων
366 4470 436 4527 Ι).Ε.
449 4471 501 4528 Ed.
515 4490 570 4544 mg.
582 4476 662 4545 λόγον
673 4475 725 4531 Ed.
