3038 5018
91 276 124 341 ii.
141 299 190 360 14.
286 280 343 344 IN
373 281 407 344 S.
430 278 684 345 JOANNEM.
731 278 824 343 LIB.
848 277 896 344 II.
940 278 1043 342 CAP.
1067 278 1095 342 I.
1224 281 1287 342 207

92 439 215 522 λονότι
238 446 297 522 καί
321 443 413 523 κατά
436 441 546 538 μόνον
568 441 610 523 τὸ
636 444 673 522 έν
695 441 844 542 θελήσει
869 449 933 521 τοῦ
958 441 1113 542 Πατρός,
1137 440 1221 520 ότου
1246 440 1290 540 δὴ

91 564 196 669 χάριν
215 564 392 646 τὸκοινόν
411 566 526 667 δήπου
545 570 602 646 καὶ
620 573 715 647 πᾶσι
738 565 971 669 προκείμενον
989 564 1164 669 καύχημα,
1183 564 1320 663 μόνοςο

91 694 138 772 είς
157 687 281 769 ἑαυτόν
300 688 447 793 ἁρπάζει
466 689 584 791 λέγων
604 686 661 782 M&
685 693 811 771 ποιεῖτε
830 689 881 770 τδν
901 686 985 769 ιῖκιν
1003 691 1057 767 τοῦ
1078 689 1208 795 Πατρός
1226 725 1292 792 μου
1335 707 1404 822 ἔξω

91 811 149 891 καί
168 814 245 918 οὐχί
264 821 409 913 μᾶλλον
430 810 494 893 τὸν
512 809 610 892 οἷκον
628 820 692 891 τοῦ
713 810 858 912 Πατρός
878 813 1002 911 ἡμῶν;
1033 820 1139 892 τοῦτο
1157 811 1229 916 γάρ
1247 809 1292 910 ἦν
1336 789 1458 902 ωάζίη.

57 935 180 1026 5ίσως
207 935 489 1041 ἀκολουθότερον
514 943 636 1034 εἰπεῖν,
654 936 752 1038 ε’ίπερ
781 936 842 1014 ἕνα
870 942 943 1015 ταῖν
969 937 1033 1014 οὐκ
1061 934 1175 1016 ὄντων
1202 934 1293 1015 κατὰ

92 1058 207 1164 φύσιν
231 1065 314 1139 υίῶν
340 1064 398 1139 καὶ
425 1057 550 1140 ἑαυτὸν
575 1059 806 1166 ἐξηπίστατο.
854 1057 973 1159 ἐπειδὴ
1002 1058 1039 1139 δέ
1068 1061 1132 1138 οὐκ
1158 1062 1196 1138 ἐν
1219 1066 1294 1142 τοῖς

92 1182 183 1261 κατά
210 1183 315 1289 χάριν
343 1189 438 1281 υἱοῖς,
466 1184 550 1262 ἀλλ’
580 1186 619 1261 ε’κ
647 1187 710 1282 τῆς
743 1184 867 1268 οὐσίας
896 1181 984 1262 ὄντα
1014 1192 1078 1264 τοῦ
1106 1189 1202 1263 θεοῦ
1234 1187 1293 1263 καὶ

94 1306 238 1410 Πατρός
270 1306 395 1387 ἑαυτὸν
428 1309 448 1386 ό
479 1305 599 1406 Λόγος
631 1307 718 1386 ὄντα
751 1306 928 1409 γινώσκει,
960 1306 1030 1413 ἔξω
1062 1314 1134 1387 ταῖν
1166 1307 1292 1386 ἀλλων

93 1432 245 1531 τίθησιν,
273 1431 361 1511 ’ίδιον
392 1431 536 1534 Πατέρα
564 1437 687 1510 καλῶν
714 1429 778 1510 τὸν
805 1429 912 1510 θεόν.
953 1428 1105 1534 ἁρμόσει
1131 1431 1196 1531 μὲν
1219 1428 1290 1534 γάρ

45 1593 79 1633 ιο
93 1562 167 1638 τοῖς
184 1562 231 1640 είς
253 1551 397 1655 υῖότητα
424 1553 651 1654 κεκλημένοις
679 1558 738 1633 καὶ
763 1551 916 1635 ἐπακτόν
934 1554 1059 1659 ἔχουσι
1083 1552 1125 1634 τό
1150 1555 1292 1663 ἀξίωμα

92 1678 391 1784 προσευχομένοις
416 1681 577 1772 ἀναβοᾶν
596 1688 617 1724 “
633 1676 756 1780 Πάτερ
782 1678 883 1777 ἡμῶν
903 1680 923 1757 ὁ
946 1680 983 1757 ἐν
1001 1685 1074 1761 τοῖς
1097 1677 1291 1782 οὖρανοῖς·”
1305 1672 1410 1809 degn}

93 1801 141 1887 εἷς
160 1800 274 1882 δὲκαὶ
292 1799 402 1898 μόνος
419 1802 463 1908 ἐξ
479 1799 555 1886 ἑνός
575 1799 745 1906 ὑπάρχων
764 1803 784 1880 ό
806 1800 1026 1902 Μονογενὴς,
1044 1803 1134 1883 ίδιον
1152 1800 1293 1887 εἰκότως

93 1927 313 2006 ἀποκαλέσει
330 1925 467 2029 πατέρα
486 1923 549 2004 τόν
568 1924 676 2003 θεόν.

151 2055 196 2128 Ei
223 2047 260 2128 δὲ
285 2053 341 2128 δεῖ
360 2057 434 2132 τοῖς
455 2046 697 2152 προκειμένοις
714 2046 1035 2151 προσβάλλοντας,
1054 2050 1293 2153 λογικώτερον

45 2197 78 2258 ¹5
94 2171 300 2280 ἐφαρμόσαι
330 2180 403 2257 τοῖς
431 2171 594 2276 ἀνωτέρω
623 2175 683 2251 καὶ
712 2180 834 2269 ταῦτα,
863 2173 1060 2276 θεωρητέον
1091 2171 1217 2275 ἑτέρως
1251 2172 1294 2252 τὸ

94 2295 327 2399 ἀνάγνωσμα.

108 2565 166 2629 Καὶ
193 2564 286 2655 εὗρεν
311 2567 347 2632 ὲν
375 2573 422 2652 τῷ
447 2563 524 2655 ἱερῷ
550 2565 626 2631 τοὺς
654 2571 847 2630 πωλοῦνται
874 2563 914 2629 τὰ
941 2565 1090 2654 πρόβατα
1118 2564 1172 2628 καὶ
1198 2564 1274 2629 τοὺο
1310 2602 1422 2662 149qq,

516 2693 604 2773 βόας,
633 2692 686 2757 καὶ
712 2691 751 2756 τὰ
779 2693 868 2760 ἑξεῖο.

1306 2789 1324 2832 ο

151 2863 228 2942 θέα
253 2863 297 2963 δὴ
321 2862 434 2945 πάλιν
457 2864 545 2943 ὅλον
567 2869 630 2963 τῆς
657 2866 739 2943 καθ’
761 2864 852 2962 ἡμᾶς
877 2863 1076 2961 οἰκονομίας
1101 2861 1143 2941 τό
1168 2866 1295 2966 σχῆμα

45 3025 80 3064 ιο
94 2986 153 3066 διά
178 2987 241 3067 δύο
264 2986 487 3089 πραγμάτων
505 2987 770 3095 ε’ξυφασμένον.
814 2987 1029 3070 Καναναίοις
1050 2985 1116 3085 μὲν
1132 2984 1205 3088 γάρ
1223 2991 1296 3068 τοῖς

95 3109 186 3190 κατὰ
203 3110 269 3211 τὴν
287 3111 499 3209 Γαλιλαίαν,
519 3115 625 3219 φημί,
645 3114 701 3192 καί
721 3118 954 3191 συνεστιᾶται
973 3112 1030 3190 καὶ
1049 3108 1296 3212 συναυλίζεται

94 3233 266 3337 Χριστός,
285 3236 343 3313 καί
362 3233 622 3339 ὁμοτραπέζους
645 3238 796 3316 ἐποιεῖτο
821 3231 904 3319 τοὺς
927 3231 1145 3332 κεκληκότας
1169 3231 1293 3330 αὐτόν,

94 3362 150 3436 καὶ
177 3357 236 3437 διά
260 3365 366 3438 τοῦτο
391 3356 624 3458 τιμήσαντας·
655 3361 713 3439 καί
740 3358 798 3439 διά
823 3357 982 3458 σημείων
1008 3360 1151 3463 ὠφελεῖ,
1170 3357 1227 3436 καὶ
1253 3353 1295 3435 τό

94 3489 220 3561 λεῖπον
238 3483 356 3566 αὐτοῖς
374 3486 422 3566 είς
442 3483 644 3587 εὐφρασίαν
661 3485 875 3586 ἀναπληροῖ·
906 3485 963 3562 καῖ
982 3482 1021 3560 τί
1036 3479 1108 3583 ’γάρ
1126 3482 1205 3585 οὐχὶ
1223 3486 1296 3559 τῶν

45 3638 81 3696 ²5
94 3606 240 3706 ἀγαθοῖν
268 3606 583 3711 ἐπιδαψιλεύεται,
620 3609 668 3688 ὡς
696 3605 754 3685 διά
781 3606 896 3686 τόπου
928 3605 1120 3701 διδάσκων,
1148 3603 1203 3684 ὅτι
1237 3608 1295 3683 καὶ

93 3728 330 3834 προσδέξεται
367 3727 449 3814 τοὺς
486 3734 550 3828 τῆς
584 3731 787 3813 Γαλιλαίας
822 3725 1018 3832 οἰκήτορας,
1048 3726 1211 3808 τουτέστι
1247 3724 1324 3805 τάν
1347 3750 1411 3806 140
1420 3750 1462 3808 Δ.

93 3852 188 3951 ἔθνη,
225 3850 441 3951 κεκλημένος
477 3852 603 3956 ὥσπερ
640 3851 730 3955 πρὸς
767 3851 858 3933 αότά
902 3852 960 3932 διά
1001 3856 1065 3950 τῆς
1101 3854 1139 3931 ἐν
1175 3851 1293 3934 αὐτοῖς

90 3975 257 4072 πίστεως,
281 3979 339 4055 καῖ
367 3982 414 4060 είς
442 3973 505 4056 τόν
531 3975 695 4080 οὐράνιον
718 3974 852 4084 είσάξει
880 3974 1036 4072 παστδν,
1058 3981 1106 4058 είς
1133 3973 1199 4074 τὴν
1220 3981 1293 4053 τῶν

91 4098 329 4198 πρωτοτόκων
339 4100 564 4199 Ἐκκλησίαν
583 4098 732 4199 δηλαδὴ,
746 4102 803 4179 καῖ
821 4106 1076 4179 συνανακλινεῖ
1089 4105 1163 4180 τοῖς
1180 4098 1292 4200 ἁγίοις
1338 4102 1406 4231 ξοδ.
1416 4105 1461 4156 xii.

132 4324 155 4360 1.
175 4309 216 4360 καὶ
228 4325 282 4361 om.
297 4307 329 4360 Β.
438 4325 462 4361 2.
480 4307 576 4379 δίμτου]
590 4309 621 4377 δὴ
634 4312 711 4363 τοῦτο
725 4308 757 4363 Β.
865 4327 891 4374 4.
911 4308 981 4375 ὑμῶν
994 4308 1026 4361 Β.
1134 4306 1159 4360 6.
1178 4308 1239 4361 υίῶυ
1251 4308 1292 4360 καί

94 4376 198 4448 ἑαυτὸν]
212 4379 295 4432 αὐτῶν
307 4379 348 4432 καὶ
360 4380 421 4434 υίῶν
436 4378 468 4431 Β.
560 4395 600 4433 12.
618 4381 697 4446 μόνον
710 4378 812 4450 Migne.
907 4396 946 4449 19.
966 4378 993 4431 δι’
1007 4379 1038 4447 δὴ
1053 4378 1089 4432 D.
1174 4394 1215 4431 20.
1234 4377 1292 4445 ε’ξυ-

93 4448 230 4518 φασμίνον
244 4448 275 4502 Β.
289 4449 491 4520 ἐξυφαινόμενον
503 4448 555 4503 Ed.
611 4450 761 4506 Χαναναίοις
774 4450 806 4502 Β.
821 4449 969 4503 Χαναναίων
982 4448 1032 4502 Ed.
1141 4465 1183 4502 υ.
1202 4452 1292 4517 κεκλη·

93 4519 185 4587 μένους
198 4520 224 4573 D
237 4537 291 4588 mg·
402 4534 444 4589 η.
463 4521 553 4589 ὥσπερ
567 4519 598 4573 Β.
611 4521 646 4576 ὣς
660 4519 710 4574 Ed.
