3038 5018
247 291 312 354 220
550 292 590 356 B.
613 291 824 356 CYRILLI
853 292 1141 357 ALEXANDR.
1237 279 1238 282 ¹
1314 290 1357 354 iii.
1371 288 1448 352 6-8.

216 535 295 601 6Τὸ
324 538 552 613 τετεννιιμὲνον
574 538 610 602 ὲκ
637 541 695 601 τῶι
724 540 843 625 σαρκὸς
870 541 949 627 σάρξ
977 538 1054 618 ἐστι,
1078 537 1127 603 καί
1152 538 1189 604 τὸ
1215 536 1449 612 τετεννιιμόνον

544 662 581 727 ὲκ
607 669 664 728 τοῦ
691 665 879 740 Πνεὺματοι
906 665 1032 741 πνεῦμά
1059 665 1156 731 ἐστιν.

218 876 236 919 0
303 858 438 964 Ἑτέρῳ
463 857 499 937 δέ
522 859 635 938 πάλιν
654 858 762 938 αὐτὸν
780 861 960 941 ἀναπείθει
986 865 1156 966 λογισμῷ
1181 857 1272 962 πρὸς
1297 861 1448 963 ύψηλο·

248 982 353 1084 τέραν
380 982 585 1075 ἀναβαίνειν
613 982 773 1080 σύνεσιν,
802 985 860 1062 καί
886 983 1125 1083 πνευματικὴν
1153 983 1328 1063 ἀκούοντα
1360 1015 1446 1083 γεν·

249 1140 366 1204 νησιν,
385 1104 435 1204 μὴ
453 1105 500 1184 τὰ
518 1105 698 1202 σωμάτων
717 1107 787 1185 ἰδια
806 1106 1004 1203 λαμβάνειν
1023 1114 1071 1191 εἰς
1090 1115 1186 1187 νοῶν.
1227 1103 1350 1209 ῶσπερ
1376 1104 1484 1209 γὰρὸ

249 1229 397 1330 ἀνάγκη,
418 1237 544 1335 φησὶν,
563 1229 706 1315 πάντως
729 1227 817 1309 εἰναι
841 1231 974 1334 σάρκας
997 1229 1044 1309 τά
1066 1237 1208 1339 σαρκῶν
1225 1231 1447 1332 γεννήματα,

249 1355 341 1433 οὕτω
360 1351 526 1453 δηλονότι
546 1357 602 1454 καί
622 1354 802 1458 πνεύματα
820 1353 865 1432 τὰ
890 1355 929 1434 ἐκ
951 1353 1157 1459 Πιεύμιιτις.
1197 1352 1249 1437 οἰς
1273 1350 1311 1433 δὲ
1337 1355 1357 1432 ὁ
1383 1362 1451 1433 τοῦ

247 1484 324 1559 πῶς
344 1474 431 1557 εἰναι
456 1475 567 1578 λόγος
592 1478 872 1583 ἐξηλλαγμέναι,
891 1477 1027 1561 τούτοις
1052 1477 1154 1556 ἔσται
1177 1475 1320 1561 πάντως
1345 1479 1404 1555 καὶ
1430 1479 1451 1556 ὁ

248 1606 311 1700 τῆς
336 1599 537 1704 γεννήσεως
561 1602 693 1702 τρόπος
721 1603 786 1705 οὐχ
813 1604 832 1680 ὁ
858 1599 976 1685 αύτός.
1016 1601 1136 1680 ἰστέον
1156 1600 1192 1680 δὲ
1212 1600 1266 1680 ὅτι
1288 1600 1451 1703 γε’ννημα

248 1728 304 1804 τοῦ
327 1725 521 1829 Πνεύματος
549 1724 591 1804 τὸ
618 1733 682 1804 τοῦ
710 1725 900 1826 άνθροίπου
929 1725 1062 1830 πνεῦμά
1090 1731 1220 1833 φαμεν,
1243 1726 1310 1829 ούχ
1335 1727 1382 1808 ὡς
1408 1724 1454 1831 ἐξ
1468 1758 1508 1797 ιο

82 1875 143 1927 148
156 1872 194 1925 Δ.
220 1851 358 1928 καύτοῦ
384 1848 475 1928 κατὰ
500 1848 627 1952 φύσιν·
658 1847 845 1954 ἀμήχανον
866 1847 947 1951 γάρ·
981 1850 1065 1927 ἀλλ’
1091 1853 1138 1932 ῶς
1163 1852 1201 1927 ἐν
1225 1849 1357 1955 πρώτῳ
1383 1847 1451 1944 μὲν

250 1975 307 2051 καί
326 1973 544 2080 άρχαιοτεριρ
562 1972 666 2080 λόγῳ
683 1971 775 2051 κατά
793 1970 835 2053 τὸ
855 1971 897 2051 δι’
919 1974 1028 2051 αὐτοῦ
1044 1976 1243 2072 κεκλῆσθαι
1267 1970 1310 2050 τὸ
1333 1971 1382 2070 μὴ
1408 1968 1451 2051 ὃν

249 2103 298 2181 εἰς
330 2097 480 2198 γε’νεσιν,
509 2099 546 2175 ἐν
581 2093 619 2175 δὲ
652 2095 802 2203 δειπέριρ
838 2097 896 2175 καί
929 2101 1157 2194 οἰκονομικῶς
1189 2094 1281 2175 κατὰ
1310 2093 1376 2194 τὴν
1405 2097 1448 2175 δι’

249 2222 357 2300 αύτοῦ
385 2221 475 2322 πρὸς
501 2218 596 2299 Θεὸν
620 2217 894 2324 ἀναμύρφωσιν,
920 2218 1002 2303 τοὺς
1031 2220 1176 2304 οἰκείους
1203 2219 1287 2319 ἡμῖν
1311 2251 1448 2323 χαρακ·

249 2350 359 2447 τῆρας
386 2344 625 2439 ε’νθλίβοντος,
655 2346 712 2422 καί
740 2347 790 2426 εἰς
817 2341 882 2442 τὴν
911 2344 1003 2421 ἰδίαν
1031 2340 1156 2444 ῶσπερ
1183 2342 1356 2442 ποιότητα
1383 2340 1451 2441 τὴν
1470 2380 1508 2438 ¹5

250 2465 407 2547 διάνοιαν
437 2464 760 2566 μεταπλάττοντυς»
801 2468 896 2546 οὕτω
928 2464 1000 2569 γάρ
1036 2462 1133 2563 οἶμαι
1166 2464 1306 2566 νοήσεις
1335 2467 1452 2566 ὀρθῶς

82 2605 140 2719 ξύ·
149 2607 182 2654 iv.
251 2594 309 2670 καί
336 2588 378 2670 τὸ
403 2589 462 2671 διὰ
484 2600 549 2671 τοῦ
578 2591 729 2670 Παύλου
753 2588 843 2694 πρύς
868 2621 967 2674 τινας
993 2589 1174 2693 εἰρημένον
1194 2602 1214 2637 “
1228 2590 1370 2686 Τεκνία,
1390 2589 1453 2673 ούς

100 2686 123 2736 ἰ
251 2727 273 2763 “
290 2714 401 2796 πάλιν
430 2715 554 2812 ὠδίνω,
583 2714 685 2818 άχρις
714 2713 756 2792 οὗ
783 2717 962 2818 μορφωθῇ
986 2711 1149 2816 Χριστὸς
1177 2718 1214 2794 ἐν
1243 2715 1361 2811 ύμῖν,”
1393 2718 1453 2793 καὶ

85 2834 162 2883 ¹⁰⁰¹·
173 2835 205 2899 ΞΥ·
218 2850 238 2914 b
249 2837 362 2919 πάλιν
377 2850 398 2886 “
411 2838 477 2917 Ἐν
491 2836 563 2940 γάρ
577 2842 728 2944 Χριστῷ
741 2839 865 2936 Ἰησοῦ
884 2836 943 2916 διὰ
961 2845 1025 2917 τοῦ
1042 2839 1252 2940 εὐαγγελίου
1270 2837 1341 2940 ε’γιίι
1361 2840 1453 2937 ὑμᾶς

87 2913 123 2960 ¹5-

250 2975 272 3010 “
290 2963 498 3065 ἐγέννησα.”
1472 3001 1512 3041 ao

185 3230 306 3301 78Μιί
336 3232 503 3317 Θαυμάοιρι
535 3233 585 3296 ὅτι
617 3222 710 3296 εἰπόν
739 3251 788 3293 σοι
815 3225 871 3293 Δεῖ
902 3231 986 3304 ὑμᾶς
1017 3232 1209 3302 ςεννιιθιῖναι
1237 3229 1373 3292 ἄνωθεν.
1414 3223 1455 3292 τὸ

303 3362 427 3430 πνεῦμα
456 3358 539 3420 ὅπου
567 3357 655 3421 θέλει
683 3351 764 3433 πνεῖ,
790 3354 842 3418 καί
868 3354 926 3419 τιίν
950 3356 1065 3439 φωνιίν
1089 3354 1187 3419 αὐτοῦ
1214 3354 1353 3431 ἀκούεις,
1375 3352 1449 3417 ἀλλ’

302 3481 360 3545 οὐκ
387 3474 479 3545 οἶδας
507 3482 607 3547 πόθεν
629 3481 758 3567 ἔρχεται
786 3479 838 3543 καί
856 3484 928 3580 ’ποῦ
957 3481 1080 3553 ὑπάγει·
1118 3483 1224 3545 οὕτως
1248 3478 1315 3544 ὲοτί
1341 3483 1408 3542 nde
1434 3481 1455 3543 ὀ

302 3607 532 3682 Γετεννιιμὲνοε
559 3606 595 3669 ὲκ
623 3610 679 3670 τοῦ
707 3609 900 3681 πνεύματος.

307 3803 438 3905 Ἀρετὴ
477 3802 712 3896 διδασκάλου,
752 3801 794 3880 τὸ
830 3804 1006 3884 ποικίλοις
1043 3799 1217 3878 δύνασθαι
1252 3798 1457 3895 μεθοδεύειν
1474 3836 1512 3896 ²5

251 3930 394 4029 τρόποις
423 3933 495 4005 τῶν
524 3928 757 4030 ἀκροωμένων
786 3925 849 4004 τὸν
880 3934 973 4022 νοῦν,
1003 3927 1061 4003 καί
1095 3921 1153 4001 διά
1184 3928 1335 4002 πολλῶν
1365 3922 1457 4001 ἰέναι

223 4049 502 4151 οθεωρημάτων,
532 4049 595 4134 τὰς
627 4051 683 4155 ἐφ’
716 4049 768 4133 οἷς
800 4048 845 4128 ἂν
875 4049 1044 4153 φαίνηται
1077 4045 1253 4150 δυσχερὴς
1284 4047 1306 4123 ὁ
1340 4042 1458 4152 λόγος

252 4176 448 4280 ἀποδείξεις
476 4174 752 4275 ἐπισωρεύοντα.
785 4174 922 4277 δέχεται
949 4171 1066 4252 τοίνυν
1089 4173 1127 4250 ἐκ
1152 4169 1458 4273 παραδειγμάτων

287 4412 310 4464 3.
332 4396 359 4447 λε’
373 4405 540 4482 assumptum
555 4413 585 4447 ex
601 4394 632 4446 B.
847 4392 872 4447 (ι.
893 4395 991 4462 σάρκας
1003 4389 1064 4446 εἶναι
1077 4393 1177 4447 πάντως
1190 4391 1296 4444 inverso
1309 4389 1405 4443 ordine
1422 4391 1458 4446 B.

254 4480 295 4566 πρ).
313 4468 402 4589 κριτοῦ
414 4487 556 4532 πνευματος
568 4466 673 4518 inverso
686 4463 778 4518 ordine
793 4464 824 4516 B.
965 4479 1005 4516 12.
1025 4462 1057 4517 δι’
1070 4480 1123 4516 om.
1139 4463 1170 4514 Β.
1309 4462 1351 4514 26.
1372 4460 1457 4536 ἰέναι]

256 4554 314 4589 ’ναι
354 4575 360 4588 .
