<?xml version="1.0" encoding="UTF-8"?>
<!DOCTYPE html PUBLIC "-//W3C//DTD XHTML 1.0 Transitional//EN"
    "http://www.w3.org/TR/xhtml1/DTD/xhtml1-transitional.dtd">
<html xmlns="http://www.w3.org/1999/xhtml" xml:lang="en" lang="en">
 <head>
  <title>
</title>
<meta http-equiv="Content-Type" content="text/html;charset=utf-8" />
  <meta name='ocr-system' content='tesseract 3.04.00' />
  <meta name='ocr-capabilities' content='ocr_page ocr_carea ocr_par ocr_line ocrx_word'/>
</head>
<body>
  <div class='ocr_page' id='page_1' title='image "./sanctipatrisnos00pusegoog_0711.png"; bbox 0 0 3038 5018; ppageno 0'>
   <div class='ocr_carea' id='block_1_1' title="bbox 255 273 1459 356">
    <p class='ocr_par' dir='ltr' id='par_1_1' title="bbox 255 273 1459 356">
     <span class='ocr_line' id='line_1_1' title="bbox 255 273 1459 356; baseline 0.001 -18"><span class='ocrx_word' id='word_1_1' title='bbox 255 273 318 338; x_wconf 78' lang='lat'>⁷02</span> <span class='ocrx_word' id='word_1_2' title='bbox 558 275 596 340; x_wconf 90' lang='grc' dir='ltr'>Β.</span> <span class='ocrx_word' id='word_1_3' title='bbox 621 274 830 341; x_wconf 84' lang='lat' dir='ltr'>CYRILLI</span> <span class='ocrx_word' id='word_1_4' title='bbox 860 275 1150 342; x_wconf 83' lang='lat' dir='ltr'>ALEXANDR.</span> <span class='ocrx_word' id='word_1_5' title='bbox 1341 275 1459 356; x_wconf 86' lang='lat' dir='ltr'><strong>vii.46.</strong></span> 
     </span>
    </p>
   </div>
   <div class='ocr_carea' id='block_1_2' title="bbox 93 434 1500 2393">
    <p class='ocr_par' dir='ltr' id='par_1_2' title="bbox 221 434 1486 1165">
     <span class='ocr_line' id='line_1_2' title="bbox 254 434 1460 546; baseline 0.004 -32"><span class='ocrx_word' id='word_1_6' title='bbox 254 434 512 541; x_wconf 83' lang='grc' dir='ltr'>ἀνεκομίζοντο.</span> <span class='ocrx_word' id='word_1_7' title='bbox 558 446 795 541; x_wconf 82' lang='grc' dir='ltr'>θορυβοῦνται</span> <span class='ocrx_word' id='word_1_8' title='bbox 826 439 864 521; x_wconf 75' lang='grc' dir='ltr'>δὲ</span> <span class='ocrx_word' id='word_1_9' title='bbox 896 442 981 520; x_wconf 82' lang='grc' dir='ltr'>λίαν</span> <span class='ocrx_word' id='word_1_10' title='bbox 1009 439 1100 544; x_wconf 80' lang='grc' dir='ltr'>πρὸς</span> <span class='ocrx_word' id='word_1_11' title='bbox 1131 438 1197 539; x_wconf 80' lang='grc' dir='ltr'>τὴν</span> <span class='ocrx_word' id='word_1_12' title='bbox 1225 439 1358 546; x_wconf 77' lang='grc' dir='ltr'>ἄφιξιν</span> <span class='ocrx_word' id='word_1_13' title='bbox 1389 446 1460 519; x_wconf 81' lang='grc' dir='ltr'>τῶν</span> 
     </span>
     <span class='ocr_line' id='line_1_3' title="bbox 221 561 1459 668; baseline -0.002 -24"><span class='ocrx_word' id='word_1_14' title='bbox 221 567 438 668; x_wconf 72' lang='grc' dir='ltr'>(Ῐὺπηρετῶν,</span> <span class='ocrx_word' id='word_1_15' title='bbox 457 563 525 668; x_wconf 85' lang='grc' dir='ltr'>οὐχ</span> <span class='ocrx_word' id='word_1_16' title='bbox 549 565 701 666; x_wconf 84' lang='grc' dir='ltr'>όρῶυτες</span> <span class='ocrx_word' id='word_1_17' title='bbox 726 563 874 668; x_wconf 80' lang='grc' dir='ltr'>ἔχοντας</span> <span class='ocrx_word' id='word_1_18' title='bbox 898 563 962 643; x_wconf 83' lang='grc' dir='ltr'>τὸν</span> <span class='ocrx_word' id='word_1_19' title='bbox 984 563 1206 668; x_wconf 82' lang='grc' dir='ltr'>ζητούμενον.</span> <span class='ocrx_word' id='word_1_20' title='bbox 1247 561 1269 643; x_wconf 83' lang='grc' dir='ltr'>δ</span> <span class='ocrx_word' id='word_1_21' title='bbox 1294 562 1334 642; x_wconf 78' lang='grc' dir='ltr'>δέ</span> <span class='ocrx_word' id='word_1_22' title='bbox 1360 561 1409 663; x_wconf 85' lang='grc' dir='ltr'>ἦν</span> <span class='ocrx_word' id='word_1_23' title='bbox 1424 565 1459 642; x_wconf 86' lang='grc' dir='ltr'>ἐν</span> 
     </span>
     <span class='ocr_line' id='line_1_4' title="bbox 255 687 1460 792; baseline 0.002 -26"><span class='ocrx_word' id='word_1_24' title='bbox 255 688 429 792; x_wconf 93' lang='grc' dir='ltr'>ὑποψίαις</span> <span class='ocrx_word' id='word_1_25' title='bbox 459 689 588 785; x_wconf 89' lang='grc' dir='ltr'>αὑτοῖς,</span> <span class='ocrx_word' id='word_1_26' title='bbox 618 688 686 788; x_wconf 84' lang='grc' dir='ltr'>ἤδη</span> <span class='ocrx_word' id='word_1_27' title='bbox 724 690 920 790; x_wconf 86' lang='grc' dir='ltr'>δεδρῖισθαι</span> <span class='ocrx_word' id='word_1_28' title='bbox 956 687 1194 785; x_wconf 67' lang='grc' dir='ltr'>πιστεύοντες,</span> <span class='ocrx_word' id='word_1_29' title='bbox 1226 688 1269 766; x_wconf 90' lang='grc' dir='ltr'>οῦ</span> <span class='ocrx_word' id='word_1_30' title='bbox 1307 687 1460 788; x_wconf 89' lang='grc' dir='ltr'>μετρίως</span> 
     </span>
     <span class='ocr_line' id='line_1_5' title="bbox 254 806 1460 914; baseline -0.003 -24"><span class='ocrx_word' id='word_1_31' title='bbox 254 807 476 910; x_wconf 79' lang='grc' dir='ltr'>πλήττονται</span> <span class='ocrx_word' id='word_1_32' title='bbox 501 809 648 910; x_wconf 77' lang='grc' dir='ltr'>δείματι.</span> <span class='ocrx_word' id='word_1_33' title='bbox 685 806 805 909; x_wconf 79' lang='grc' dir='ltr'>ἐπειδὴ</span> <span class='ocrx_word' id='word_1_34' title='bbox 830 810 903 914; x_wconf 91' lang='grc' dir='ltr'>γάρ</span> <span class='ocrx_word' id='word_1_35' title='bbox 930 807 990 890; x_wconf 88' lang='grc' dir='ltr'>διά</span> <span class='ocrx_word' id='word_1_36' title='bbox 1016 843 1055 889; x_wconf 92' lang='grc' dir='ltr'>τε</span> <span class='ocrx_word' id='word_1_37' title='bbox 1083 811 1243 910; x_wconf 84' lang='grc' dir='ltr'>σημείων</span> <span class='ocrx_word' id='word_1_38' title='bbox 1261 812 1460 914; x_wconf 74' lang='grc' dir='ltr'>ὑπερφυῶν</span> 
     </span>
     <span class='ocr_line' id='line_1_6' title="bbox 254 930 1486 1040; baseline 0 -28"><span class='ocrx_word' id='word_1_39' title='bbox 254 934 314 1012; x_wconf 82' lang='grc' dir='ltr'>καὶ</span> <span class='ocrx_word' id='word_1_40' title='bbox 342 937 406 1032; x_wconf 77' lang='grc' dir='ltr'>τῆς</span> <span class='ocrx_word' id='word_1_41' title='bbox 433 937 472 1014; x_wconf 83' lang='grc' dir='ltr'>ἐν</span> <span class='ocrx_word' id='word_1_42' title='bbox 493 934 618 1038; x_wconf 90' lang='grc' dir='ltr'>λόγοις</span> <span class='ocrx_word' id='word_1_43' title='bbox 646 937 850 1039; x_wconf 81' lang='grc' dir='ltr'>ὑπερβολῆς</span> <span class='ocrx_word' id='word_1_44' title='bbox 878 932 1091 1036; x_wconf 78' lang='grc' dir='ltr'>ἐθαυμάζετο</span> <span class='ocrx_word' id='word_1_45' title='bbox 1114 931 1289 1035; x_wconf 81' lang='grc' dir='ltr'>Χριστός,</span> <span class='ocrx_word' id='word_1_46' title='bbox 1312 937 1367 1040; x_wconf 74' lang='grc' dir='ltr'>τῷ</span> <span class='ocrx_word' id='word_1_47' title='bbox 1395 930 1486 1031; x_wconf 68' lang='grc' dir='ltr'>μένε</span> 
     </span>
     <span class='ocr_line' id='line_1_7' title="bbox 255 1055 1459 1165; baseline -0.002 -29"><span class='ocrx_word' id='word_1_48' title='bbox 255 1055 451 1165; x_wconf 78' lang='grc' dir='ltr'>συντρόφῳ</span> <span class='ocrx_word' id='word_1_49' title='bbox 482 1061 780 1161; x_wconf 89' lang='grc' dir='ltr'>κατεμαραίνουτο</span> <span class='ocrx_word' id='word_1_50' title='bbox 809 1056 947 1165; x_wconf 91' lang='grc' dir='ltr'>φθόνῳ·</span> <span class='ocrx_word' id='word_1_51' title='bbox 989 1055 1086 1156; x_wconf 84' lang='grc' dir='ltr'>ἦσαν</span> <span class='ocrx_word' id='word_1_52' title='bbox 1113 1056 1151 1137; x_wconf 79' lang='grc' dir='ltr'>δὲ</span> <span class='ocrx_word' id='word_1_53' title='bbox 1180 1057 1296 1137; x_wconf 83' lang='grc' dir='ltr'>πάλιν</span> <span class='ocrx_word' id='word_1_54' title='bbox 1322 1057 1392 1137; x_wconf 87' lang='grc' dir='ltr'>οὑκ</span> <span class='ocrx_word' id='word_1_55' title='bbox 1423 1059 1459 1135; x_wconf 92' lang='grc' dir='ltr'>ε’ν</span> 
     </span>
    </p>

    <p class='ocr_par' dir='ltr' id='par_1_3' title="bbox 93 1179 1500 2393">
     <span class='ocr_line' id='line_1_8' title="bbox 93 1179 1459 1289; baseline 0 -31"><span class='ocrx_word' id='word_1_56' title='bbox 93 1219 99 1232; x_wconf 87' lang='lat'><strong>·</strong></span> <span class='ocrx_word' id='word_1_57' title='bbox 201 1193 204 1198; x_wconf 81' lang='lat'>&#39;</span> <span class='ocrx_word' id='word_1_58' title='bbox 254 1181 369 1289; x_wconf 90' lang='grc' dir='ltr'>όλίγῳ</span> <span class='ocrx_word' id='word_1_59' title='bbox 396 1186 448 1287; x_wconf 79' lang='grc' dir='ltr'>τφ</span> <span class='ocrx_word' id='word_1_60' title='bbox 476 1179 583 1288; x_wconf 88' lang='grc' dir='ltr'>φόβῳ</span> <span class='ocrx_word' id='word_1_61' title='bbox 612 1180 663 1281; x_wconf 80' lang='grc' dir='ltr'>μὴ</span> <span class='ocrx_word' id='word_1_62' title='bbox 697 1181 768 1283; x_wconf 83' lang='grc' dir='ltr'>ἀρα</span> <span class='ocrx_word' id='word_1_63' title='bbox 796 1187 869 1261; x_wconf 82' lang='grc' dir='ltr'>τῶν</span> <span class='ocrx_word' id='word_1_64' title='bbox 896 1179 1079 1260; x_wconf 86' lang='grc' dir='ltr'>Ἰουδαίων</span> <span class='ocrx_word' id='word_1_65' title='bbox 1107 1182 1126 1259; x_wconf 91' lang='grc' dir='ltr'>ό</span> <span class='ocrx_word' id='word_1_66' title='bbox 1158 1185 1272 1280; x_wconf 80' lang='grc' dir='ltr'>δῆμος</span> <span class='ocrx_word' id='word_1_67' title='bbox 1304 1181 1459 1260; x_wconf 83' lang='grc' dir='ltr'>ἕπεσθαι</span> 
     </span>
     <span class='ocr_line' id='line_1_9' title="bbox 224 1302 1458 1412; baseline 0.002 -32"><span class='ocrx_word' id='word_1_68' title='bbox 224 1342 227 1347; x_wconf 87' lang='grc'><em>·</em></span> <span class='ocrx_word' id='word_1_69' title='bbox 256 1302 386 1383; x_wconf 83' lang='grc' dir='ltr'>λοιπὸν</span> <span class='ocrx_word' id='word_1_70' title='bbox 402 1303 457 1383; x_wconf 87' lang='grc' dir='ltr'>ότι</span> <span class='ocrx_word' id='word_1_71' title='bbox 478 1305 608 1406; x_wconf 89' lang='grc' dir='ltr'>πρέποι</span> <span class='ocrx_word' id='word_1_72' title='bbox 635 1302 835 1404; x_wconf 78' lang='grc' dir='ltr'>δοκιμάσας</span> <span class='ocrx_word' id='word_1_73' title='bbox 863 1305 959 1412; x_wconf 84' lang='grc' dir='ltr'>αῦτῳ</span> <span class='ocrx_word' id='word_1_74' title='bbox 986 1308 1049 1403; x_wconf 79' lang='grc' dir='ltr'>τῆς</span> <span class='ocrx_word' id='word_1_75' title='bbox 1077 1305 1194 1384; x_wconf 82' lang='grc' dir='ltr'>αὑτῶν</span> <span class='ocrx_word' id='word_1_76' title='bbox 1217 1302 1289 1410; x_wconf 77' lang='grc' dir='ltr'>ἔξω</span> <span class='ocrx_word' id='word_1_77' title='bbox 1317 1304 1458 1406; x_wconf 85' lang='grc' dir='ltr'>γένοιτο</span> 
     </span>
     <span class='ocr_line' id='line_1_10' title="bbox 255 1424 1457 1534; baseline 0.001 -30"><span class='ocrx_word' id='word_1_78' title='bbox 255 1425 382 1532; x_wconf 90' lang='grc' dir='ltr'>χειρός.</span> <span class='ocrx_word' id='word_1_79' title='bbox 420 1435 527 1507; x_wconf 89' lang='grc' dir='ltr'>τοῦτο</span> <span class='ocrx_word' id='word_1_80' title='bbox 550 1426 756 1534; x_wconf 81' lang='grc' dir='ltr'>πεπρόχθαι</span> <span class='ocrx_word' id='word_1_81' title='bbox 781 1429 1004 1528; x_wconf 86' lang='grc' dir='ltr'>νομίσαντες·</span> <span class='ocrx_word' id='word_1_82' title='bbox 1034 1424 1239 1532; x_wconf 81' lang='grc' dir='ltr'>ἑτοιμότερα</span> <span class='ocrx_word' id='word_1_83' title='bbox 1255 1425 1329 1530; x_wconf 87' lang='grc' dir='ltr'>γάρ</span> <span class='ocrx_word' id='word_1_84' title='bbox 1349 1435 1400 1513; x_wconf 84' lang='grc' dir='ltr'>είς</span> <span class='ocrx_word' id='word_1_85' title='bbox 1417 1425 1457 1506; x_wconf 84' lang='grc' dir='ltr'>τὸ</span> 
     </span>
     <span class='ocr_line' id='line_1_11' title="bbox 254 1548 1499 1659; baseline -0.004 -30"><span class='ocrx_word' id='word_1_86' title='bbox 254 1549 492 1630; x_wconf 81' lang='grc' dir='ltr'>πιστεύεσθαι</span> <span class='ocrx_word' id='word_1_87' title='bbox 509 1548 556 1629; x_wconf 87' lang='grc' dir='ltr'>τά</span> <span class='ocrx_word' id='word_1_88' title='bbox 573 1553 611 1630; x_wconf 82' lang='grc' dir='ltr'>ἐν</span> <span class='ocrx_word' id='word_1_89' title='bbox 629 1552 803 1659; x_wconf 78' lang='grc' dir='ltr'>ὑποψίαις</span> <span class='ocrx_word' id='word_1_90' title='bbox 820 1553 886 1631; x_wconf 89' lang='grc' dir='ltr'>ἀεί·</span> <span class='ocrx_word' id='word_1_91' title='bbox 916 1553 1122 1635; x_wconf 90' lang='grc' dir='ltr'>σπουδαίως</span> <span class='ocrx_word' id='word_1_92' title='bbox 1147 1550 1457 1632; x_wconf 88' lang='grc' dir='ltr'>ἀναπυνθάνονται</span> <span class='ocrx_word' id='word_1_93' title='bbox 1470 1584 1499 1625; x_wconf 83' lang='grc' dir='ltr'>ιο</span> 
     </span>
     <span class='ocr_line' id='line_1_12' title="bbox 227 1671 1456 1779; baseline 0.006 -30"><span class='ocrx_word' id='word_1_94' title='bbox 227 1672 422 1773; x_wconf 81' lang='grc' dir='ltr'>ολέγουτες</span> <span class='ocrx_word' id='word_1_95' title='bbox 442 1676 552 1752; x_wconf 86' lang='grc' dir='ltr'>Διατί</span> <span class='ocrx_word' id='word_1_96' title='bbox 575 1679 633 1754; x_wconf 84' lang='grc' dir='ltr'>ιὺιι</span> <span class='ocrx_word' id='word_1_97' title='bbox 655 1673 804 1777; x_wconf 74' lang='grc' dir='ltr'>ἧγάγετι</span> <span class='ocrx_word' id='word_1_98' title='bbox 828 1677 946 1769; x_wconf 69' lang='grc' dir='ltr'>αὐτόν,</span> <span class='ocrx_word' id='word_1_99' title='bbox 978 1674 1018 1754; x_wconf 93' lang='grc' dir='ltr'>τί</span> <span class='ocrx_word' id='word_1_100' title='bbox 1038 1672 1109 1779; x_wconf 89' lang='grc' dir='ltr'>γάρ</span> <span class='ocrx_word' id='word_1_101' title='bbox 1136 1676 1226 1774; x_wconf 82' lang='grc' dir='ltr'>ὑμᾶς</span> <span class='ocrx_word' id='word_1_102' title='bbox 1248 1671 1293 1755; x_wconf 81' lang='grc' dir='ltr'>τό</span> <span class='ocrx_word' id='word_1_103' title='bbox 1322 1677 1456 1756; x_wconf 88' lang='grc' dir='ltr'>διακω·</span> 
     </span>
     <span class='ocr_line' id='line_1_13' title="bbox 256 1795 1454 1902; baseline 0.003 -28"><span class='ocrx_word' id='word_1_104' title='bbox 256 1795 388 1893; x_wconf 86' lang='grc' dir='ltr'>λῦσαν,</span> <span class='ocrx_word' id='word_1_105' title='bbox 407 1800 513 1902; x_wconf 80' lang='grc' dir='ltr'>φασὶ,</span> <span class='ocrx_word' id='word_1_106' title='bbox 528 1795 579 1897; x_wconf 79' lang='grc' dir='ltr'>μὴ</span> <span class='ocrx_word' id='word_1_107' title='bbox 597 1804 645 1881; x_wconf 81' lang='grc' dir='ltr'>εἰς</span> <span class='ocrx_word' id='word_1_108' title='bbox 663 1797 774 1900; x_wconf 85' lang='grc' dir='ltr'>πέρας</span> <span class='ocrx_word' id='word_1_109' title='bbox 792 1799 943 1900; x_wconf 84' lang='grc' dir='ltr'>ἀγαγεῖν</span> <span class='ocrx_word' id='word_1_110' title='bbox 960 1795 1003 1876; x_wconf 86' lang='grc' dir='ltr'>τδ</span> <span class='ocrx_word' id='word_1_111' title='bbox 1021 1805 1095 1882; x_wconf 90' lang='grc' dir='ltr'>τοῖς</span> <span class='ocrx_word' id='word_1_112' title='bbox 1112 1805 1287 1900; x_wconf 84' lang='grc' dir='ltr'>κρατοῦσι</span> <span class='ocrx_word' id='word_1_113' title='bbox 1306 1800 1454 1894; x_wconf 70' lang='grc' dir='ltr'>δοκοῦν,</span> 
     </span>
     <span class='ocr_line' id='line_1_14' title="bbox 256 1916 1455 2023; baseline 0.001 -24"><span class='ocrx_word' id='word_1_114' title='bbox 256 1916 461 2023; x_wconf 75' lang='grc' dir='ltr'>θερμότεροι</span> <span class='ocrx_word' id='word_1_115' title='bbox 490 1919 532 1999; x_wconf 87' lang='grc' dir='ltr'>δέ</span> <span class='ocrx_word' id='word_1_116' title='bbox 558 1955 635 2005; x_wconf 93' lang='grc' dir='ltr'>πως</span> <span class='ocrx_word' id='word_1_117' title='bbox 666 1918 776 2020; x_wconf 78' lang='grc' dir='ltr'>ἐσμὲν</span> <span class='ocrx_word' id='word_1_118' title='bbox 802 1919 894 2023; x_wconf 82' lang='grc' dir='ltr'>πρὸς</span> <span class='ocrx_word' id='word_1_119' title='bbox 920 1920 963 2000; x_wconf 83' lang='grc' dir='ltr'>τὸ</span> <span class='ocrx_word' id='word_1_120' title='bbox 990 1919 1111 2001; x_wconf 85' lang='grc' dir='ltr'>πάντα</span> <span class='ocrx_word' id='word_1_121' title='bbox 1138 1918 1332 2012; x_wconf 76' lang='grc' dir='ltr'>μανθάνειν</span> <span class='ocrx_word' id='word_1_122' title='bbox 1361 1922 1455 2000; x_wconf 81' lang='grc' dir='ltr'>ἐπεί·</span> 
     </span>
     <span class='ocr_line' id='line_1_15' title="bbox 255 2042 1458 2147; baseline 0.004 -27"><span class='ocrx_word' id='word_1_123' title='bbox 255 2050 397 2145; x_wconf 88' lang='grc' dir='ltr'>γεσθαι,</span> <span class='ocrx_word' id='word_1_124' title='bbox 425 2046 483 2124; x_wconf 81' lang='grc' dir='ltr'>καὶ</span> <span class='ocrx_word' id='word_1_125' title='bbox 510 2042 553 2124; x_wconf 81' lang='grc' dir='ltr'>τό</span> <span class='ocrx_word' id='word_1_126' title='bbox 580 2053 721 2126; x_wconf 80' lang='grc' dir='ltr'>λυποῦν</span> <span class='ocrx_word' id='word_1_127' title='bbox 748 2044 830 2125; x_wconf 78' lang='grc' dir='ltr'>ἔσθ’</span> <span class='ocrx_word' id='word_1_128' title='bbox 860 2044 920 2125; x_wconf 84' lang='grc' dir='ltr'>ὅτε</span> <span class='ocrx_word' id='word_1_129' title='bbox 946 2044 997 2145; x_wconf 81' lang='grc' dir='ltr'>μὴ</span> <span class='ocrx_word' id='word_1_130' title='bbox 1027 2043 1274 2147; x_wconf 86' lang='grc' dir='ltr'>διακρίνοντες,</span> <span class='ocrx_word' id='word_1_131' title='bbox 1302 2048 1393 2125; x_wconf 88' lang='grc' dir='ltr'>ἀλλ’</span> <span class='ocrx_word' id='word_1_132' title='bbox 1421 2048 1458 2126; x_wconf 84' lang='grc' dir='ltr'>ἐκ</span> 
     </span>
     <span class='ocr_line' id='line_1_16' title="bbox 256 2166 1500 2274; baseline 0.002 -29"><span class='ocrx_word' id='word_1_133' title='bbox 256 2177 438 2268; x_wconf 90' lang='grc' dir='ltr'>προαλοῦς</span> <span class='ocrx_word' id='word_1_134' title='bbox 466 2169 651 2268; x_wconf 90' lang='grc' dir='ltr'>ε’πιθυμίας</span> <span class='ocrx_word' id='word_1_135' title='bbox 678 2174 738 2250; x_wconf 84' lang='grc' dir='ltr'>καὶ</span> <span class='ocrx_word' id='word_1_136' title='bbox 764 2175 837 2249; x_wconf 84' lang='grc' dir='ltr'>τῶν</span> <span class='ocrx_word' id='word_1_137' title='bbox 857 2171 1043 2250; x_wconf 81' lang='grc' dir='ltr'>ἀπευκτῶν</span> <span class='ocrx_word' id='word_1_138' title='bbox 1067 2166 1133 2270; x_wconf 79' lang='grc' dir='ltr'>τὴν</span> <span class='ocrx_word' id='word_1_139' title='bbox 1157 2168 1309 2270; x_wconf 81' lang='grc' dir='ltr'>γνώμην</span> <span class='ocrx_word' id='word_1_140' title='bbox 1335 2168 1454 2274; x_wconf 88' lang='grc' dir='ltr'>ἀρπά·</span> <span class='ocrx_word' id='word_1_141' title='bbox 1471 2200 1500 2263; x_wconf 80' lang='lat'>15</span> 
     </span>
     <span class='ocr_line' id='line_1_17' title="bbox 257 2289 384 2393; baseline 0.008 -23"><span class='ocrx_word' id='word_1_142' title='bbox 257 2289 384 2393; x_wconf 84' lang='grc' dir='ltr'>ζοντες.</span> 
     </span>
    </p>
   </div>
   <div class='ocr_carea' id='block_1_3' title="bbox 205 2504 1458 2600">
    <p class='ocr_par' dir='ltr' id='par_1_4' title="bbox 205 2504 1458 2600">
     <span class='ocr_line' id='line_1_18' title="bbox 205 2504 1458 2600; baseline 0.005 -30"><span class='ocrx_word' id='word_1_143' title='bbox 205 2505 492 2597; x_wconf 75' lang='grc' dir='ltr'>ιδἈπεκρίθιισαν</span> <span class='ocrx_word' id='word_1_144' title='bbox 516 2504 547 2573; x_wconf 85' lang='grc' dir='ltr'>οἰ</span> <span class='ocrx_word' id='word_1_145' title='bbox 573 2507 733 2599; x_wconf 65' lang='grc' dir='ltr'>ὑπηρέται</span> <span class='ocrx_word' id='word_1_146' title='bbox 757 2506 925 2574; x_wconf 76' lang='grc' dir='ltr'>Οὐδέποτε</span> <span class='ocrx_word' id='word_1_147' title='bbox 952 2508 1112 2575; x_wconf 72' lang='grc' dir='ltr'>ἐλάκτισεν</span> <span class='ocrx_word' id='word_1_148' title='bbox 1135 2509 1241 2576; x_wconf 72' lang='grc' dir='ltr'>οὕτως</span> <span class='ocrx_word' id='word_1_149' title='bbox 1269 2508 1458 2600; x_wconf 70' lang='grc' dir='ltr'>ἄνθρωπος.</span> 
     </span>
    </p>
   </div>
   <div class='ocr_carea' id='block_1_4' title="bbox 88 2671 1502 4013">
    <p class='ocr_par' dir='ltr' id='par_1_5' title="bbox 88 2671 1502 4013">
     <span class='ocr_line' id='line_1_19' title="bbox 314 2671 1460 2778; baseline 0.004 -29"><span class='ocrx_word' id='word_1_150' title='bbox 314 2672 492 2775; x_wconf 82' lang='grc' dir='ltr'>Εὔκαιρον</span> <span class='ocrx_word' id='word_1_151' title='bbox 518 2677 626 2753; x_wconf 78' lang='grc' dir='ltr'>εἰπεῖν</span> <span class='ocrx_word' id='word_1_152' title='bbox 653 2671 764 2757; x_wconf 84' lang='grc' dir='ltr'>ὄντως</span> <span class='ocrx_word' id='word_1_153' title='bbox 791 2674 848 2753; x_wconf 81' lang='grc' dir='ltr'>ἐπὶ</span> <span class='ocrx_word' id='word_1_154' title='bbox 875 2681 940 2752; x_wconf 90' lang='grc' dir='ltr'>τοῦ</span> <span class='ocrx_word' id='word_1_155' title='bbox 968 2676 1135 2776; x_wconf 79' lang='grc' dir='ltr'>Σωτῆρος</span> <span class='ocrx_word' id='word_1_156' title='bbox 1164 2673 1265 2772; x_wconf 75' lang='grc' dir='ltr'>ἡμῶν</span> <span class='ocrx_word' id='word_1_157' title='bbox 1290 2679 1460 2778; x_wconf 91' lang='grc' dir='ltr'>Χριστοῦ</span> 
     </span>
     <span class='ocr_line' id='line_1_20' title="bbox 88 2793 1458 2924; baseline 0.004 -52"><span class='ocrx_word' id='word_1_158' title='bbox 88 2800 203 2924; x_wconf 46' lang='lat' dir='ltr'>2³07ssss</span> <span class='ocrx_word' id='word_1_159' title='bbox 227 2804 278 2854; x_wconf 72' lang='lat'>³“</span> <span class='ocrx_word' id='word_1_160' title='bbox 296 2795 344 2873; x_wconf 81' lang='lat' dir='ltr'>‘O</span> <span class='ocrx_word' id='word_1_161' title='bbox 372 2793 621 2897; x_wconf 89' lang='grc' dir='ltr'>δρασσόμενος</span> <span class='ocrx_word' id='word_1_162' title='bbox 650 2794 733 2879; x_wconf 88' lang='grc' dir='ltr'>τοῦς</span> <span class='ocrx_word' id='word_1_163' title='bbox 763 2795 905 2902; x_wconf 90' lang='grc' dir='ltr'>σοφοῦς</span> <span class='ocrx_word' id='word_1_164' title='bbox 933 2797 971 2876; x_wconf 86' lang='grc' dir='ltr'>ἐν</span> <span class='ocrx_word' id='word_1_165' title='bbox 998 2800 1043 2901; x_wconf 78' lang='grc' dir='ltr'>τῇ</span> <span class='ocrx_word' id='word_1_166' title='bbox 1073 2798 1274 2903; x_wconf 75' lang='grc' dir='ltr'>πανουργία</span> <span class='ocrx_word' id='word_1_167' title='bbox 1301 2797 1458 2879; x_wconf 81' lang='grc' dir='ltr'>αὑτῶν.”</span> 
     </span>
     <span class='ocr_line' id='line_1_21' title="bbox 117 2912 1502 3023; baseline 0.004 -26"><span class='ocrx_word' id='word_1_168' title='bbox 117 3006 123 3017; x_wconf 46' lang='grc'>,</span> <span class='ocrx_word' id='word_1_169' title='bbox 160 2913 167 2926; x_wconf 68' lang='grc'>’</span> <span class='ocrx_word' id='word_1_170' title='bbox 203 2912 209 2926; x_wconf 64' lang='grc'><strong><em>’</em></strong></span> <span class='ocrx_word' id='word_1_171' title='bbox 256 2916 332 2998; x_wconf 86' lang='grc' dir='ltr'>ίδοὺ</span> <span class='ocrx_word' id='word_1_172' title='bbox 358 2916 430 3023; x_wconf 91' lang='grc' dir='ltr'>γάρ</span> <span class='ocrx_word' id='word_1_173' title='bbox 459 2917 545 3018; x_wconf 83' lang='grc' dir='ltr'>ῖδοὺ,</span> <span class='ocrx_word' id='word_1_174' title='bbox 567 2918 658 3000; x_wconf 90' lang='grc' dir='ltr'>κατά</span> <span class='ocrx_word' id='word_1_175' title='bbox 680 2918 722 2998; x_wconf 85' lang='grc' dir='ltr'>τὸ</span> <span class='ocrx_word' id='word_1_176' title='bbox 746 2917 1005 3022; x_wconf 81' lang='grc' dir='ltr'>γεγραμμένον,</span> <span class='ocrx_word' id='word_1_177' title='bbox 1025 2928 1047 2965; x_wconf 84' lang='grc'><strong>“</strong></span> <span class='ocrx_word' id='word_1_178' title='bbox 1059 2916 1201 3019; x_wconf 77' lang='grc' dir='ltr'>βουλὴν</span> <span class='ocrx_word' id='word_1_179' title='bbox 1217 2918 1460 3002; x_wconf 78' lang='grc' dir='ltr'>πολύπλοκον</span> <span class='ocrx_word' id='word_1_180' title='bbox 1471 2961 1502 3002; x_wconf 84' lang='grc' dir='ltr'>ιο</span> 
     </span>
     <span class='ocr_line' id='line_1_22' title="bbox 122 3041 1460 3149; baseline 0.003 -29"><span class='ocrx_word' id='word_1_181' title='bbox 122 3106 128 3120; x_wconf 94' lang='grc'><strong>.</strong></span> <span class='ocrx_word' id='word_1_182' title='bbox 186 3042 192 3056; x_wconf 82' lang='grc'><strong>’</strong></span> <span class='ocrx_word' id='word_1_183' title='bbox 255 3054 277 3092; x_wconf 82' lang='grc'><strong>“</strong></span> <span class='ocrx_word' id='word_1_184' title='bbox 295 3043 500 3148; x_wconf 80' lang='grc' dir='ltr'>ἐξέστησε,”</span> <span class='ocrx_word' id='word_1_185' title='bbox 519 3047 578 3123; x_wconf 80' lang='grc' dir='ltr'>καὶ</span> <span class='ocrx_word' id='word_1_186' title='bbox 603 3042 694 3143; x_wconf 89' lang='grc' dir='ltr'>όληυ</span> <span class='ocrx_word' id='word_1_187' title='bbox 716 3043 761 3149; x_wconf 81' lang='grc' dir='ltr'>ἐξ</span> <span class='ocrx_word' id='word_1_188' title='bbox 783 3041 1029 3147; x_wconf 81' lang='grc' dir='ltr'>ἀντιστρόφου</span> <span class='ocrx_word' id='word_1_189' title='bbox 1054 3041 1119 3143; x_wconf 73' lang='grc' dir='ltr'>τὴν</span> <span class='ocrx_word' id='word_1_190' title='bbox 1139 3048 1213 3122; x_wconf 83' lang='grc' dir='ltr'>τῶν</span> <span class='ocrx_word' id='word_1_191' title='bbox 1230 3043 1460 3146; x_wconf 79' lang='grc' dir='ltr'>πραγμάτων</span> 
     </span>
     <span class='ocr_line' id='line_1_23' title="bbox 254 3164 1459 3274; baseline 0.002 -28"><span class='ocrx_word' id='word_1_192' title='bbox 254 3166 364 3273; x_wconf 81' lang='grc' dir='ltr'>ἔδειξε</span> <span class='ocrx_word' id='word_1_193' title='bbox 390 3166 516 3274; x_wconf 82' lang='grc' dir='ltr'>φύσιν,</span> <span class='ocrx_word' id='word_1_194' title='bbox 540 3164 767 3271; x_wconf 85' lang='grc' dir='ltr'>πανταχόθεν</span> <span class='ocrx_word' id='word_1_195' title='bbox 794 3173 867 3246; x_wconf 83' lang='grc' dir='ltr'>τῶν</span> <span class='ocrx_word' id='word_1_196' title='bbox 894 3166 1100 3268; x_wconf 75' lang='grc' dir='ltr'>ἡγουμένων</span> <span class='ocrx_word' id='word_1_197' title='bbox 1127 3164 1193 3265; x_wconf 80' lang='grc' dir='ltr'>τὴν</span> <span class='ocrx_word' id='word_1_198' title='bbox 1219 3168 1459 3270; x_wconf 87' lang='grc' dir='ltr'>μυσαρότητα</span> 
     </span>
     <span class='ocr_line' id='line_1_24' title="bbox 254 3286 1459 3394; baseline 0.002 -25"><span class='ocrx_word' id='word_1_199' title='bbox 254 3293 312 3370; x_wconf 81' lang='grc' dir='ltr'>καὶ</span> <span class='ocrx_word' id='word_1_200' title='bbox 340 3286 407 3388; x_wconf 83' lang='grc' dir='ltr'>τὴν</span> <span class='ocrx_word' id='word_1_201' title='bbox 428 3297 502 3371; x_wconf 82' lang='grc' dir='ltr'>τῶν</span> <span class='ocrx_word' id='word_1_202' title='bbox 526 3288 669 3394; x_wconf 92' lang='grc' dir='ltr'>τρόπων</span> <span class='ocrx_word' id='word_1_203' title='bbox 693 3289 910 3389; x_wconf 83' lang='grc' dir='ltr'>ἀνοσιότητα</span> <span class='ocrx_word' id='word_1_204' title='bbox 938 3288 1133 3394; x_wconf 76' lang='grc' dir='ltr'>διελέγχων</span> <span class='ocrx_word' id='word_1_205' title='bbox 1156 3290 1204 3372; x_wconf 83' lang='grc' dir='ltr'>ὡς</span> <span class='ocrx_word' id='word_1_206' title='bbox 1231 3293 1373 3391; x_wconf 77' lang='grc' dir='ltr'>ἀσθενῆ</span> <span class='ocrx_word' id='word_1_207' title='bbox 1401 3295 1459 3372; x_wconf 80' lang='grc' dir='ltr'>καὶ</span> 
     </span>
     <span class='ocr_line' id='line_1_25' title="bbox 253 3411 1458 3520; baseline 0.005 -28"><span class='ocrx_word' id='word_1_208' title='bbox 253 3415 517 3518; x_wconf 76' lang='grc' dir='ltr'>ῥιψοκίνδυνον,</span> <span class='ocrx_word' id='word_1_209' title='bbox 536 3420 723 3518; x_wconf 82' lang='grc' dir='ltr'>θεομαχεῖν</span> <span class='ocrx_word' id='word_1_210' title='bbox 740 3413 784 3492; x_wconf 89' lang='grc' dir='ltr'>οῦ</span> <span class='ocrx_word' id='word_1_211' title='bbox 807 3411 1120 3517; x_wconf 77' lang='grc' dir='ltr'>παραιτουμένους.</span> <span class='ocrx_word' id='word_1_212' title='bbox 1164 3413 1364 3499; x_wconf 86' lang='grc' dir='ltr'>δεδοικότες</span> <span class='ocrx_word' id='word_1_213' title='bbox 1386 3415 1458 3520; x_wconf 85' lang='grc' dir='ltr'>γάρ</span> 
     </span>
     <span class='ocr_line' id='line_1_26' title="bbox 254 3533 1500 3641; baseline 0.004 -28"><span class='ocrx_word' id='word_1_214' title='bbox 254 3535 292 3613; x_wconf 82' lang='grc' dir='ltr'>οἵ</span> <span class='ocrx_word' id='word_1_215' title='bbox 313 3568 352 3615; x_wconf 90' lang='grc' dir='ltr'>τε</span> <span class='ocrx_word' id='word_1_216' title='bbox 376 3538 547 3641; x_wconf 84' lang='grc' dir='ltr'>ἀρχιερεῖς</span> <span class='ocrx_word' id='word_1_217' title='bbox 572 3539 631 3616; x_wconf 84' lang='grc' dir='ltr'>καὶ</span> <span class='ocrx_word' id='word_1_218' title='bbox 658 3541 691 3616; x_wconf 78' lang='grc' dir='ltr'>οἱ</span> <span class='ocrx_word' id='word_1_219' title='bbox 711 3542 914 3639; x_wconf 89' lang='grc' dir='ltr'>Φαρισαῖοι,</span> <span class='ocrx_word' id='word_1_220' title='bbox 933 3533 984 3634; x_wconf 82' lang='grc' dir='ltr'>μὴ</span> <span class='ocrx_word' id='word_1_221' title='bbox 1009 3534 1079 3640; x_wconf 83' lang='grc' dir='ltr'>ἀρα</span> <span class='ocrx_word' id='word_1_222' title='bbox 1104 3542 1178 3620; x_wconf 88' lang='grc' dir='ltr'>τοῖς</span> <span class='ocrx_word' id='word_1_223' title='bbox 1202 3544 1267 3615; x_wconf 93' lang='grc' dir='ltr'>τοῦ</span> <span class='ocrx_word' id='word_1_224' title='bbox 1286 3541 1500 3640; x_wconf 70' lang='grc' dir='ltr'>Σωτῆροςις</span> 
     </span>
     <span class='ocr_line' id='line_1_27' title="bbox 254 3658 1459 3767; baseline 0.005 -29"><span class='ocrx_word' id='word_1_225' title='bbox 254 3660 502 3740; x_wconf 86' lang='grc' dir='ltr'>ὑποπεισθεῖεν</span> <span class='ocrx_word' id='word_1_226' title='bbox 517 3658 679 3765; x_wconf 83' lang='grc' dir='ltr'>ῥήμασιν</span> <span class='ocrx_word' id='word_1_227' title='bbox 696 3665 730 3739; x_wconf 85' lang='grc' dir='ltr'>οί</span> <span class='ocrx_word' id='word_1_228' title='bbox 748 3666 821 3739; x_wconf 84' lang='grc' dir='ltr'>τῶν</span> <span class='ocrx_word' id='word_1_229' title='bbox 834 3659 1016 3738; x_wconf 88' lang='grc' dir='ltr'>Ἰουδαίων</span> <span class='ocrx_word' id='word_1_230' title='bbox 1032 3662 1128 3755; x_wconf 81' lang='grc' dir='ltr'>λαοὶ,</span> <span class='ocrx_word' id='word_1_231' title='bbox 1146 3662 1459 3767; x_wconf 73' lang='grc' dir='ltr'>συλληψομένους</span> 
     </span>
     <span class='ocr_line' id='line_1_28' title="bbox 254 3778 1459 3887; baseline 0.004 -26"><span class='ocrx_word' id='word_1_232' title='bbox 254 3780 362 3862; x_wconf 85' lang='grc' dir='ltr'>αὑτὸν</span> <span class='ocrx_word' id='word_1_233' title='bbox 394 3781 476 3868; x_wconf 89' lang='grc' dir='ltr'>τοῦς</span> <span class='ocrx_word' id='word_1_234' title='bbox 509 3782 685 3887; x_wconf 84' lang='grc' dir='ltr'>ὑπηρέτας</span> <span class='ocrx_word' id='word_1_235' title='bbox 721 3781 955 3881; x_wconf 82' lang='grc' dir='ltr'>ἐκπέμπουσι,</span> <span class='ocrx_word' id='word_1_236' title='bbox 985 3778 1028 3862; x_wconf 83' lang='grc' dir='ltr'>τό</span> <span class='ocrx_word' id='word_1_237' title='bbox 1061 3783 1100 3861; x_wconf 84' lang='grc' dir='ltr'>ἐκ</span> <span class='ocrx_word' id='word_1_238' title='bbox 1136 3780 1251 3882; x_wconf 85' lang='grc' dir='ltr'>μέσον</span> <span class='ocrx_word' id='word_1_239' title='bbox 1285 3786 1459 3884; x_wconf 82' lang='grc' dir='ltr'>γενέσθαι</span> 
     </span>
     <span class='ocr_line' id='line_1_29' title="bbox 221 3903 1455 4013; baseline 0.003 -28"><span class='ocrx_word' id='word_1_240' title='bbox 221 3905 419 4009; x_wconf 66' lang='grc' dir='ltr'>δΧριστὸν</span> <span class='ocrx_word' id='word_1_241' title='bbox 447 3905 655 4012; x_wconf 76' lang='grc' dir='ltr'>ἀναιρήσειν</span> <span class='ocrx_word' id='word_1_242' title='bbox 679 3908 799 3992; x_wconf 87' lang='grc' dir='ltr'>αὑτοῖς</span> <span class='ocrx_word' id='word_1_243' title='bbox 826 3903 892 4005; x_wconf 77' lang='grc' dir='ltr'>τὴν</span> <span class='ocrx_word' id='word_1_244' title='bbox 919 3905 973 3984; x_wconf 80' lang='grc' dir='ltr'>ἐπ’</span> <span class='ocrx_word' id='word_1_245' title='bbox 1000 3905 1119 4013; x_wconf 80' lang='grc' dir='ltr'>ἐκείνῳ</span> <span class='ocrx_word' id='word_1_246' title='bbox 1146 3906 1325 4012; x_wconf 85' lang='grc' dir='ltr'>φροντίδα</span> <span class='ocrx_word' id='word_1_247' title='bbox 1352 3909 1455 4007; x_wconf 87' lang='grc' dir='ltr'>νομί-</span> 
     </span>
    </p>
   </div>
   <div class='ocr_carea' id='block_1_5' title="bbox 254 4129 1459 4275">
    <p class='ocr_par' dir='ltr' id='par_1_6' title="bbox 254 4129 1459 4275">
     <span class='ocr_line' id='line_1_30' title="bbox 290 4129 1458 4210; baseline 0.001 -24"><span class='ocrx_word' id='word_1_248' title='bbox 290 4152 316 4200; x_wconf 87' lang='lat'>4.</span> <span class='ocrx_word' id='word_1_249' title='bbox 333 4132 432 4199; x_wconf 77' lang='grc' dir='ltr'>δείματι</span> <span class='ocrx_word' id='word_1_250' title='bbox 445 4131 569 4187; x_wconf 74' lang='lat' dir='ltr'><strong>emendat</strong></span> <span class='ocrx_word' id='word_1_251' title='bbox 582 4132 681 4204; x_wconf 82' lang='lat' dir='ltr'>Heyse.</span> <span class='ocrx_word' id='word_1_252' title='bbox 695 4132 735 4186; x_wconf 84' lang='grc' dir='ltr'>δεῖ</span> <span class='ocrx_word' id='word_1_253' title='bbox 745 4132 821 4202; x_wconf 78' lang='grc' dir='ltr'>μάτιν</span> <span class='ocrx_word' id='word_1_254' title='bbox 833 4131 867 4188; x_wconf 88' lang='grc' dir='ltr'>Β.</span> <span class='ocrx_word' id='word_1_255' title='bbox 878 4130 909 4199; x_wconf 80' lang='grc' dir='ltr'>δὴ</span> <span class='ocrx_word' id='word_1_256' title='bbox 922 4130 1004 4199; x_wconf 77' lang='grc' dir='ltr'>μάτην</span> <span class='ocrx_word' id='word_1_257' title='bbox 1017 4130 1108 4187; x_wconf 78' lang='lat' dir='ltr'><strong>Holst.</strong></span> <span class='ocrx_word' id='word_1_258' title='bbox 1121 4129 1174 4188; x_wconf 85' lang='lat' dir='ltr'>Ed.</span> <span class='ocrx_word' id='word_1_259' title='bbox 1319 4133 1347 4189; x_wconf 86' lang='lat'>6.</span> <span class='ocrx_word' id='word_1_260' title='bbox 1364 4135 1458 4210; x_wconf 59' lang='grc' dir='ltr'>φθόνῳ</span> 
     </span>
     <span class='ocr_line' id='line_1_31' title="bbox 254 4199 1459 4275; baseline 0.002 -17"><span class='ocrx_word' id='word_1_261' title='bbox 254 4213 423 4273; x_wconf 76' lang='lat' dir='ltr'><strong>assumptum</strong></span> <span class='ocrx_word' id='word_1_262' title='bbox 435 4221 468 4258; x_wconf 82' lang='lat' dir='ltr'>ex</span> <span class='ocrx_word' id='word_1_263' title='bbox 481 4203 515 4258; x_wconf 89' lang='grc' dir='ltr'>Β.</span> <span class='ocrx_word' id='word_1_264' title='bbox 606 4219 631 4274; x_wconf 78' lang='lat'>7.</span> <span class='ocrx_word' id='word_1_265' title='bbox 650 4201 746 4258; x_wconf 81' lang='grc' dir='ltr'>επέσθε</span> <span class='ocrx_word' id='word_1_266' title='bbox 759 4199 933 4272; x_wconf 63' lang='grc' dir='ltr'>(εἴσεσθαι)</span> <span class='ocrx_word' id='word_1_267' title='bbox 947 4200 979 4255; x_wconf 89' lang='grc' dir='ltr'>Β.</span> <span class='ocrx_word' id='word_1_268' title='bbox 1016 4200 1127 4256; x_wconf 82' lang='lat' dir='ltr'><strong>Lacuna</strong></span> <span class='ocrx_word' id='word_1_269' title='bbox 1137 4203 1165 4257; x_wconf 88' lang='lat' dir='ltr'>in</span> <span class='ocrx_word' id='word_1_270' title='bbox 1178 4201 1230 4256; x_wconf 85' lang='lat' dir='ltr'>Ed.</span> <span class='ocrx_word' id='word_1_271' title='bbox 1315 4204 1344 4258; x_wconf 88' lang='grc'>8.</span> <span class='ocrx_word' id='word_1_272' title='bbox 1361 4207 1459 4275; x_wconf 70' lang='grc' dir='ltr'>πρέποι</span> 
     </span>
    </p>
   </div>
   <div class='ocr_carea' id='block_1_6' title="bbox 255 4284 1458 4566">
    <p class='ocr_par' dir='ltr' id='par_1_7' title="bbox 255 4284 1458 4566">
     <span class='ocr_line' id='line_1_32' title="bbox 255 4284 1458 4371; baseline 0.001 -17"><span class='ocrx_word' id='word_1_273' title='bbox 255 4298 392 4369; x_wconf 56' lang='lat' dir='ltr'>ama</span> <span class='ocrx_word' id='word_1_274' title='bbox 405 4297 457 4352; x_wconf 77' lang='lat' dir='ltr'>Ed.</span> <span class='ocrx_word' id='word_1_275' title='bbox 505 4297 573 4371; x_wconf 62' lang='grc' dir='ltr'>ατη</span> <span class='ocrx_word' id='word_1_276' title='bbox 585 4297 737 4355; x_wconf 68' lang='lat' dir='ltr'><strong>emendavit</strong></span> <span class='ocrx_word' id='word_1_277' title='bbox 750 4298 850 4371; x_wconf 67' lang='lat' dir='ltr'><strong>ueyse.</strong></span> <span class='ocrx_word' id='word_1_278' title='bbox 862 4284 939 4354; x_wconf 61' lang='grc' dir='ltr'>ηαδ</span> <span class='ocrx_word' id='word_1_279' title='bbox 952 4298 985 4352; x_wconf 83' lang='grc' dir='ltr'>ο.</span> <span class='ocrx_word' id='word_1_280' title='bbox 998 4298 1076 4352; x_wconf 66' lang='grc' dir='ltr'>σοι</span> <span class='ocrx_word' id='word_1_281' title='bbox 1088 4295 1140 4352; x_wconf 81' lang='lat' dir='ltr'>Ed.</span> <span class='ocrx_word' id='word_1_282' title='bbox 1224 4315 1251 4368; x_wconf 83' lang='lat'>⁹·</span> <span class='ocrx_word' id='word_1_283' title='bbox 1269 4298 1301 4352; x_wconf 63' lang='grc' dir='ltr'>ει</span> <span class='ocrx_word' id='word_1_284' title='bbox 1314 4315 1371 4354; x_wconf 78' lang='lat' dir='ltr'>om.</span> <span class='ocrx_word' id='word_1_285' title='bbox 1384 4301 1458 4355; x_wconf 69' lang='grc' dir='ltr'>κηι.</span> 
     </span>
     <span class='ocr_line' id='line_1_33' title="bbox 257 4367 1458 4440; baseline 0.002 -16"><span class='ocrx_word' id='word_1_286' title='bbox 257 4383 298 4439; x_wconf 84' lang='lat'>17.</span> <span class='ocrx_word' id='word_1_287' title='bbox 317 4367 409 4440; x_wconf 86' lang='grc' dir='ltr'>οὑτως]</span> <span class='ocrx_word' id='word_1_288' title='bbox 427 4375 456 4433; x_wconf 84' lang='lat'>†</span> <span class='ocrx_word' id='word_1_289' title='bbox 471 4371 486 4421; x_wconf 86' lang='grc' dir='ltr'>ό</span> <span class='ocrx_word' id='word_1_290' title='bbox 501 4369 549 4422; x_wconf 85' lang='lat' dir='ltr'>Ht.</span> <span class='ocrx_word' id='word_1_291' title='bbox 565 4367 614 4424; x_wconf 86' lang='lat' dir='ltr'>Ed.</span> <span class='ocrx_word' id='word_1_292' title='bbox 836 4385 879 4424; x_wconf 77' lang='grc' dir='ltr'>το.</span> <span class='ocrx_word' id='word_1_293' title='bbox 897 4368 1064 4425; x_wconf 86' lang='grc' dir='ltr'>πολὺπλοκον</span> <span class='ocrx_word' id='word_1_294' title='bbox 1078 4368 1137 4423; x_wconf 61' lang='lat' dir='ltr'>Ba.</span> <span class='ocrx_word' id='word_1_295' title='bbox 1151 4367 1200 4422; x_wconf 85' lang='lat' dir='ltr'>Ht.</span> <span class='ocrx_word' id='word_1_296' title='bbox 1212 4370 1394 4425; x_wconf 75' lang='grc' dir='ltr'>πολυπλόκου</span> <span class='ocrx_word' id='word_1_297' title='bbox 1407 4371 1458 4426; x_wconf 79' lang='lat' dir='ltr'>Ed.</span> 
     </span>
     <span class='ocr_line' id='line_1_34' title="bbox 255 4438 1458 4566; baseline 0.005 -74"><span class='ocrx_word' id='word_1_298' title='bbox 255 4438 641 4566; x_wconf 47' lang='grc' dir='ltr'>ἔηνίηῳιηαηηῳηγηίνὸῳηίέυὲῑ.</span> <span class='ocrx_word' id='word_1_299' title='bbox 653 4440 857 4511; x_wconf 79' lang='grc' dir='ltr'>παραιτουμένην</span> <span class='ocrx_word' id='word_1_300' title='bbox 868 4439 940 4495; x_wconf 78' lang='grc' dir='ltr'>Αυδ.</span> <span class='ocrx_word' id='word_1_301' title='bbox 1034 4453 1078 4511; x_wconf 75' lang='lat'>27.</span> <span class='ocrx_word' id='word_1_302' title='bbox 1096 4438 1140 4511; x_wconf 89' lang='grc' dir='ltr'>τδ]</span> <span class='ocrx_word' id='word_1_303' title='bbox 1153 4444 1204 4495; x_wconf 77' lang='grc' dir='ltr'>τᾶν</span> <span class='ocrx_word' id='word_1_304' title='bbox 1217 4438 1251 4493; x_wconf 86' lang='grc' dir='ltr'>Β.</span> <span class='ocrx_word' id='word_1_305' title='bbox 1267 4438 1318 4495; x_wconf 83' lang='lat' dir='ltr'>Ht.</span> <span class='ocrx_word' id='word_1_306' title='bbox 1357 4441 1458 4498; x_wconf 76' lang='lat' dir='ltr'>Emen-</span> 
     </span>
    </p>
   </div>
   <div class='ocr_carea' id='block_1_7' title="bbox 0 0 1524 5018">
    <p class='ocr_par' dir='ltr' id='par_1_8' title="bbox 0 0 1524 5018">
     <span class='ocr_line' id='line_1_35' title="bbox 0 0 1524 5018; baseline 0 0"><span class='ocrx_word' id='word_1_307' title='bbox 0 0 1524 5018; x_wconf 95' lang='lat' dir='ltr'> </span> 
     </span>
    </p>
   </div>
  </div>
 </body>
</html>
