3038 5018
93 312 191 379 ιτα
287 295 345 362 IN
374 297 408 363 S.
434 295 688 364 JOANNEM.
735 297 901 363 LIB.II.
947 298 1050 362 CAP.
1067 294 1127 360 VI.
1224 297 1287 359 323

91 458 288 560 περιμένειν
305 460 377 564 γάρ
396 460 504 542 αύτὸν
519 465 719 565 ἀναγκαίως
738 466 949 565 ἐνεργοῦντα
967 462 1290 559 διαβεβαιώσονται

92 580 157 663 τὸν
176 584 322 687 Πατέρα
337 582 429 689 πρὸς
446 583 489 665 τὸ
508 586 742 689 θεωρήσαντα
766 592 902 684 μαθεῖν.
943 593 1020 670 πῶς
1038 586 1100 666 οῦν
1119 581 1155 665 α’
1209 595 1230 633 “
1243 584 1289 672 τά

93 716 116 755 “
133 706 253 787 πάντα
281 709 367 810 πρὶν
395 707 568 811 γενέσεως
597 710 714 788 αύτιῦν
727 711 759 805 ;”
788 707 811 810 ἦ
841 717 918 795 πῶς
947 707 1140 809 ἀληθεύσει
1171 707 1290 810 λε’γων

94 827 201 914 αὐτὸς
218 834 299 934 περὶ
318 833 443 912 ἑαυτοῦ
457 842 479 880 “
490 831 584 915 Θεὸς
600 831 748 935 ἐγγίζων
766 834 837 936 ἐγώ
856 839 936 934 είμι,
951 833 1046 936 λέγει
1070 832 1211 935 Κύριος,
1231 834 1288 911 καὶ

61 963 117 1033 ⁵“
133 954 213 1060 ούχῖ
232 951 324 1039 Θεὸς
341 955 535 1061 πόῤῥωθεν·
556 955 607 1058 μὴ
625 959 685 1037 ἀπ’
705 960 792 1056 ἐμοῦ
810 955 1031 1062 κρυβήσεταί
1045 992 1080 1037 τι
1095 957 1128 1053 ;”
1156 963 1234 1041 πῶς
1253 952 1320 1039 δέε

93 1079 159 1158 οὐκ
176 1078 311 1160 ἄτοπόν
324 1114 363 1159 τε
381 1082 438 1160 καὶ
457 1081 590 1181 ἀμαθές
603 1080 645 1161 τὸ
663 1080 728 1178 μέν
740 1087 889 1178 Πνεῦμα
903 1080 1082 1162 πιστεύειν
1095 1083 1237 1185 ἐρευνᾶν
1251 1115 1290 1161 τε

94 1205 154 1283 καῖ
171 1202 297 1283 είδέναι
315 1202 361 1282 τὸ
378 1202 476 1306 βάθη
494 1213 558 1287 τοῦ
572 1210 678 1303 θεοῦ,
691 1203 755 1287 τὸν
772 1205 810 1286 δέ
828 1214 891 1286 τοῦ
907 1205 1115 1306 Πνεύματος
1132 1238 1290 1311 χορηγον

92 1329 132 1407 ἐν
159 1328 286 1435 ἀγνοίᾳ
313 1328 529 1409 καθεστάναι
557 1329 706 1434 νομίζειν
733 1337 806 1413 τῶν
834 1330 948 1436 ἐργων
976 1338 1040 1410 τοῦ
1060 1328 1204 1434 Πατρὸς
1232 1332 1291 1407 καὶ

92 1459 160 1531 τοῦ
192 1453 282 1533 ἰδίαν
314 1455 534 1553 Πνεύματος,
567 1453 658 1535 ὅσον
689 1460 736 1538 είς
773 1461 911 1556 γνῶσιν
943 1451 1286 1551 ἀπολιμπάνεσθαι,

45 1610 81 1653 ιο
93 1571 165 1680 ἀρα
190 1574 262 1680 γὰρ
291 1579 355 1657 οῦκ
385 1581 569 1673 ἀποβαλεῖ
594 1582 652 1659 καὶ
679 1577 721 1660 τὸ
749 1574 836 1659 εἶναι
861 1580 978 1685 σοφία
1002 1574 1130 1659 λοιπὸν
1153 1575 1316 1670 ὸΥῖὸς,,

92 1700 235 1805 ἐπείπερ
259 1701 354 1786 ὅλως
378 1705 502 1804 ἀγνοεῖ
525 1705 583 1781 καὶ
610 1701 788 1801 λαμβάνει
817 1702 875 1782 διά
902 1702 1118 1804 μαθήσεως;
1156 1702 1290 1808 σοφίας

92 1823 165 1928 γάρ
191 1833 336 1923 μᾶλλον
360 1827 462 1906 ἐσται
490 1825 645 1911 δεκτικὸς
672 1827 763 1929 ἤπερ
786 1824 872 1908 αύτὸ
901 1826 993 1910 κατὰ
1021 1828 1135 1933 φύσιν
1158 1827 1287 1932 σοφία.

94 1951 210 2057 σοφία
228 1949 300 2053 γάρ
318 1950 360 2029 τὸ
378 1958 532 2056 σοφοῦν,
547 1951 589 2030 ού
607 1949 649 2030 τὸ
668 1957 876 2055 σοφοῦσθαι
892 1949 1063 2057 πεφυκὸς,
1082 1947 1208 2054 ἀίσπερ
1227 1950 1290 2030 οῦν

93 2071 219 2172 ἀμέλει
251 2078 308 2155 καὶ
341 2082 420 2181 φῶς
451 2074 494 2155 τὸ
526 2073 693 2181 φωτίᾷνν,
723 2077 764 2154 ού
795 2073 836 2155 τὸ
867 2075 1084 2181 φωτίζεσθαι
1115 2074 1286 2179 πεφυκός.
1301 2105 1320 2144 a

45 2232 80 2292 ¹5
94 2198 221 2279 οῦκοῦν
238 2196 357 2301 ἕτερόν
376 2234 409 2279 τι
427 2197 541 2281 πάλιν
559 2198 664 2283 αῦτὸς
690 2196 789 2303 παρά
812 2198 877 2298 τὴν
895 2202 933 2278 ἐν
950 2202 1046 2306 αὐτῷ
1064 2200 1211 2306 σοφίαν,
1230 2203 1289 2279 καὶ

91 2331 236 2426 πριῖντον
264 2323 328 2421 μέν
356 2327 422 2429 οῦχ
450 2326 599 2421 ἁπλοῦς,
622 2326 706 2404 ἀλλ’
732 2326 771 2403 ἐκ
799 2323 863 2403 δύο
889 2322 1019 2404 λοιπὸν
1043 2323 1286 2425 συγκείμενος·

92 2445 169 2527 εἶτα
192 2449 283 2552 πρὸς
308 2448 433 2557 τούτιρ,
452 2452 510 2528 καὶ
535 2447 577 2529 τὸ
603 2445 689 2528 εῖναι
709 2447 802 2533 Θεὸς
823 2446 1006 2545 ἀπολέσει,
1025 2445 1120 2527 Θεὸν
1139 2446 1181 2525 δέ
1196 2453 1290 2552 φημι

92 2569 186 2652 κατὰ
215 2572 328 2680 φύσιν
358 2577 415 2653 καὶ
448 2574 641 2658 ούσιωδιῦς·
671 2573 860 2674 μαθήσεως
891 2570 963 2674 γὰρ
995 2573 1059 2670 τῆς
1090 2568 1163 2649 ἀπὸ
1195 2603 1290 2654 τινος

93 2694 189 2782 ὅλως
207 2699 265 2777 καὶ
284 2696 435 2797 διπλόης
451 2701 514 2800 Τῆς
534 2695 624 2777 κατά
637 2698 811 2777 σύνθεσιν
825 2698 848 2796 ἦ
864 2697 939 2776 θεία
958 2695 1068 2803 φύσις
1086 2697 1149 2774 ούκ
1168 2694 1288 2798 ἀνέχε·

45 2850 81 2891 ιο
93 2854 162 2916 ται,
199 2823 257 2900 καὶ
295 2821 337 2900 τὸ
374 2823 516 2901 ἁπλοῦν
547 2823 595 2905 ὡς
627 2820 716 2900 ’ίδιον
748 2820 886 2922 ἀγαθὸν
916 2823 974 2899 καὶ
1007 2818 1049 2898 τὸ
1081 2816 1289 2898 παντέλεων

92 2944 239 3050 ἔχουσα.
279 2951 337 3025 καὶ
364 2952 394 3024 εί
424 2943 474 3043 μὴ
502 2945 581 3025 ἐστι
604 2944 698 3028 Θεὸς
726 2944 817 3024 κατά
847 2944 960 3050 φύσιν
982 2944 1002 3021 ὸ
1023 2940 1120 3038 Υἱὸς,
1138 2948 1216 3025 πῶς
1243 2940 1289 3020 τὸ

91 3069 191 3177 μόνῳ
223 3069 405 3173 πρέποντα
437 3075 488 3176 τῷ
516 3076 599 3176 Θεῷ
627 3073 684 3149 καὶ
716 3071 850 3172 ἐνεργεῖ
878 3071 935 3147 καὶ
967 3064 1173 3168 ἐργάζεται,
1217 3060 1289 3166 ἀρα

67 3252 74 3263 ,
91 3190 168 3293 γάρ
178 3191 382 3298 ἐξαρκέσειν
396 3197 538 3295 ἐροῦσιν
557 3196 653 3300 αὐτῷ
670 3196 727 3273 καὶ
745 3190 837 3295 πρὸς
855 3192 1004 3289 δύναμιν
1017 3189 1082 3290 τὴν
1096 3192 1287 3289 θεοπρεπῆ,
1301 3197 1321 3260 b

91 3313 134 3394 τὸ
159 3317 270 3414 μόνον
293 3319 382 3397 ’ἰδεῖν
403 3320 614 3420 ἐνεργοῦντα
638 3321 690 3397 τὸν
722 3314 868 3420 Πατέρα,
887 3321 944 3395 καὶ
971 3313 1029 3395 διά
1051 3316 1166 3420 φιλῆς
1191 3315 1286 3392 ἀπο·

45 3453 78 3516 ’6
93 3441 262 3540 κερδαίνει
287 3444 350 3538 τῆς
367 3441 450 3525 θέας
477 3441 518 3522 τὸ
546 3438 634 3521 εῖναι
661 3439 753 3519 κατὰ
781 3439 894 3546 φύσιν
919 3438 1023 3537 Θεὸς,
1046 3440 1104 3517 καὶ
1126 3443 1288 3516 τοσαῦτα

73 3562 269 3654 ,δύνασθαι
300 3573 423 3663 ποιεῖν,
452 3565 591 3666 ὅσαπερ
622 3563 667 3643 ἀν
698 3566 756 3644 καὶ
784 3564 804 3640 ὁ
832 3562 998 3642 δεικνύων
1025 3563 1121 3667 αύτῷ
1133 3594 1144 3657 3
1187 3560 1289 3641 ούδέν

90 3688 155 3767 οῦν
172 3688 243 3792 ἀρα
268 3687 310 3768 τὸ
336 3689 476 3769 κωλῦον
493 3692 582 3786 ἐστὶ,
601 3690 659 3767 καὶ
682 3686 843 3770 πολλοῦς
872 3687 955 3786 ἡμῖν
979 3686 1116 3788 ἐτέρονς
1144 3687 1285 3764 ἀναδει-

90 3815 219 3916 χθῆναι
242 3812 354 3903 θεοῦς,
375 3813 614 3912 ἐθελήσαντος
638 3815 696 3892 καῖ
722 3815 840 3895 αὐτοῖς
865 3810 1035 3917 ἐπιδεῖξαι
1060 3818 1123 3889 τοῦ
1144 3809 1288 3912 Πατρὸς

90 3943 164 4016 τιῦν
183 3938 318 4017 οἰκείων
343 3936 458 4039 ἐργων
483 3935 549 4036 τὴν
574 3937 667 4032 ὁδὸν,
686 3939 744 4015 καὶ
770 3937 808 4014 ἐν
832 3937 884 4043 τῷ
910 3941 1036 4033 μαθεῖν
1061 3968 1095 4014 τι
1123 3930 1287 4035 περιττὸν

126 4242 152 4295 3.
170 4223 289 4293 ἀληθεύει
304 4224 336 4280 Β.
471 4237 498 4295 5.
516 4224 582 4279 θεὸς
594 4232 761 4293 assumptum
774 4241 806 4278 ex
820 4223 853 4279 B.
990 4222 1016 4276 6.
1033 4223 1064 4275 τὸ
1076 4221 1123 4286 μὲν
1135 4223 1239 4290 Πνεῦμα
1254 4221 1286 4275 Β.

89 4299 127 4367 τῷ
138 4297 185 4363 μὲν
195 4295 318 4363 πνεύματι
334 4294 382 4349 Ed.
524 4311 564 4349 ιο.
583 4291 632 4364 ἀρα
644 4293 708 4365 γὰρ]
722 4295 771 4364 ὅρα
782 4293 827 4349 οῦν
839 4294 872 4350 Β.
1019 4307 1059 4364 17.
1078 4293 1143 4357 πρὸς
1155 4290 1236 4364 τούτῳ
1251 4291 1286 4346 Ι).

89 4368 155 4434 πρὸς
167 4370 244 4420 τοῦτο
260 4365 309 4419 Ed.
429 4381 471 4420 τα.
490 4368 526 4437 τῷ
539 4374 707 4435 assumptum
720 4382 752 4416 ex
767 4364 798 4417 B.
925 4381 967 4431 24·
984 4363 1160 4433 ἀποκερδαίνει
1172 4364 1216 4430 τῆς
1227 4363 1287 4418 θέας

89 4436 161 4491 edidi
180 4456 212 4491 ex
235 4436 267 4492 B.
286 4438 331 4506 qui
349 4437 524 4506 ἀποκερδιιίνει
546 4438 592 4504 τῆς
609 4436 679 4491 θείας
699 4433 813 4488 exhibet.
831 4433 1021 4504 ἀποκερδιιίνειν
1038 4433 1088 4511 Ed.
1107 4433 1149 4485 cui
1167 4434 1287 4502 praefixit

90 4533 176 4604 ὄφεως
190 4534 337 4604 (τύψεως)
351 4534 450 4606 Migne.
524 4536 566 4590 28.
585 4534 671 4588 αῦτοῖς
685 4532 717 4587 Β.
730 4532 808 4586 αῦτοῦ
822 4529 871 4584 Ed.
910 4530 1006 4586 Statim
1018 4518 1195 4600 ἐπιδείξιίύθαι
1209 4532 1242 4586 Β.

653 4622 701 4681 τί
718 4636 736 4681 2

1335 602 1404 653 mut.

1336 669 1441 730 Sum.

1335 841 1407 922 mg?-

1334 921 1458 987 ¹¹¹¹.¹·²³²

1333 990 1421 1025 xxm.

1336 1051 1416 1156 ἰδ’..

1251 1203 1262 1228 .
1336 1171 1363 1221 ii.
1372 1183 1410 1222 10.

1344 2092 1405 2147 219
1418 2089 1457 2146 Δ.
