<?xml version="1.0" encoding="UTF-8"?>
<!DOCTYPE html PUBLIC "-//W3C//DTD XHTML 1.0 Transitional//EN"
    "http://www.w3.org/TR/xhtml1/DTD/xhtml1-transitional.dtd">
<html xmlns="http://www.w3.org/1999/xhtml" xml:lang="en" lang="en">
 <head>
  <title>
</title>
<meta http-equiv="Content-Type" content="text/html;charset=utf-8" />
  <meta name='ocr-system' content='tesseract 3.04.00' />
  <meta name='ocr-capabilities' content='ocr_page ocr_carea ocr_par ocr_line ocrx_word'/>
</head>
<body>
  <div class='ocr_page' id='page_1' title='image "./sanctipatrisnos00pusegoog_0561.png"; bbox 0 0 3038 5018; ppageno 0'>
   <div class='ocr_carea' id='block_1_1' title="bbox 242 280 1447 359">
    <p class='ocr_par' dir='ltr' id='par_1_1' title="bbox 242 280 1447 359">
     <span class='ocr_line' id='line_1_1' title="bbox 242 280 1447 359; baseline -0.007 -7"><span class='ocrx_word' id='word_1_1' title='bbox 242 290 307 352; x_wconf 81' lang='lat'>550</span> <span class='ocrx_word' id='word_1_2' title='bbox 546 289 585 354; x_wconf 90' lang='grc' dir='ltr'>Β.</span> <span class='ocrx_word' id='word_1_3' title='bbox 609 288 814 353; x_wconf 85' lang='lat' dir='ltr'>CYRILLI</span> <span class='ocrx_word' id='word_1_4' title='bbox 844 284 1133 352; x_wconf 86' lang='lat' dir='ltr'><strong>ALEXANDR.</strong></span> <span class='ocrx_word' id='word_1_5' title='bbox 1266 280 1447 359; x_wconf 76' lang='lat' dir='ltr'>vi.61,62.</span> 
     </span>
    </p>
   </div>
   <div class='ocr_carea' id='block_1_2' title="bbox 210 445 1506 3282">
    <p class='ocr_par' dir='ltr' id='par_1_2' title="bbox 210 445 1506 3282">
     <span class='ocr_line' id='line_1_2' title="bbox 210 445 1449 558; baseline 0.001 -30"><span class='ocrx_word' id='word_1_6' title='bbox 210 459 316 535; x_wconf 69' lang='grc' dir='ltr'>λιτῶν</span> <span class='ocrx_word' id='word_1_7' title='bbox 349 454 596 556; x_wconf 73' lang='grc' dir='ltr'>ἀγνοουμένων</span> <span class='ocrx_word' id='word_1_8' title='bbox 629 455 679 535; x_wconf 81' lang='grc' dir='ltr'>ἔτι</span> <span class='ocrx_word' id='word_1_9' title='bbox 715 452 954 557; x_wconf 83' lang='grc' dir='ltr'>πολντράπως</span> <span class='ocrx_word' id='word_1_10' title='bbox 991 457 1233 558; x_wconf 82' lang='grc' dir='ltr'>χειραγωγῶν.</span> <span class='ocrx_word' id='word_1_11' title='bbox 1285 445 1449 546; x_wconf 75' lang='grc' dir='ltr'>ἀνοήτως</span> 
     </span>
     <span class='ocr_line' id='line_1_3' title="bbox 244 571 1448 685; baseline -0.002 -30"><span class='ocrx_word' id='word_1_12' title='bbox 244 578 316 680; x_wconf 82' lang='grc' dir='ltr'>γὰρ</span> <span class='ocrx_word' id='word_1_13' title='bbox 335 579 429 676; x_wconf 86' lang='grc' dir='ltr'>λίαν,</span> <span class='ocrx_word' id='word_1_14' title='bbox 448 574 477 657; x_wconf 79' lang='grc' dir='ltr'><em>ὦ</em></span> <span class='ocrx_word' id='word_1_15' title='bbox 496 578 603 676; x_wconf 82' lang='grc' dir='ltr'>οὗτοι,</span> <span class='ocrx_word' id='word_1_16' title='bbox 622 581 749 685; x_wconf 77' lang='grc' dir='ltr'>φησὶν,</span> <span class='ocrx_word' id='word_1_17' title='bbox 766 580 824 659; x_wconf 85' lang='grc' dir='ltr'>ἐπὶ</span> <span class='ocrx_word' id='word_1_18' title='bbox 848 584 922 662; x_wconf 85' lang='grc' dir='ltr'>τοῖς</span> <span class='ocrx_word' id='word_1_19' title='bbox 946 579 1030 678; x_wconf 84' lang='grc' dir='ltr'>παρ’</span> <span class='ocrx_word' id='word_1_20' title='bbox 1050 580 1136 674; x_wconf 82' lang='grc' dir='ltr'>ἐμοῦ</span> <span class='ocrx_word' id='word_1_21' title='bbox 1157 571 1448 675; x_wconf 87' lang='grc' dir='ltr'>σκανδαλίζεσθε</span> 
     </span>
     <span class='ocr_line' id='line_1_4' title="bbox 244 694 1448 805; baseline 0.001 -25"><span class='ocrx_word' id='word_1_22' title='bbox 244 701 380 803; x_wconf 85' lang='grc' dir='ltr'>λόγοις.</span> <span class='ocrx_word' id='word_1_23' title='bbox 425 708 454 781; x_wconf 85' lang='grc' dir='ltr'>εἱ</span> <span class='ocrx_word' id='word_1_24' title='bbox 481 701 553 805; x_wconf 88' lang='grc' dir='ltr'>γάρ</span> <span class='ocrx_word' id='word_1_25' title='bbox 580 705 679 782; x_wconf 83' lang='grc' dir='ltr'>οὔπω</span> <span class='ocrx_word' id='word_1_26' title='bbox 707 702 888 783; x_wconf 77' lang='grc' dir='ltr'>πιστεύειν</span> <span class='ocrx_word' id='word_1_27' title='bbox 912 700 1098 804; x_wconf 79' lang='grc' dir='ltr'>ἐγνώκατε,</span> <span class='ocrx_word' id='word_1_28' title='bbox 1123 700 1235 779; x_wconf 90' lang='grc' dir='ltr'>καίτοι</span> <span class='ocrx_word' id='word_1_29' title='bbox 1263 694 1448 780; x_wconf 83' lang='grc' dir='ltr'>πολλάκις</span> 
     </span>
     <span class='ocr_line' id='line_1_5' title="bbox 243 822 1446 929; baseline -0.004 -24"><span class='ocrx_word' id='word_1_30' title='bbox 243 825 596 928; x_wconf 81' lang='grc' dir='ltr'>μνσταγωγοάμενοι,</span> <span class='ocrx_word' id='word_1_31' title='bbox 616 824 671 906; x_wconf 81' lang='grc' dir='ltr'>ὅτι</span> <span class='ocrx_word' id='word_1_32' title='bbox 695 823 787 929; x_wconf 83' lang='grc' dir='ltr'>ζωὴν</span> <span class='ocrx_word' id='word_1_33' title='bbox 810 828 893 926; x_wconf 84' lang='grc' dir='ltr'>ὑμῖν</span> <span class='ocrx_word' id='word_1_34' title='bbox 915 825 1035 924; x_wconf 80' lang='grc' dir='ltr'>ἐνήσει</span> <span class='ocrx_word' id='word_1_35' title='bbox 1060 823 1101 905; x_wconf 83' lang='grc' dir='ltr'>τὸ</span> <span class='ocrx_word' id='word_1_36' title='bbox 1127 822 1298 925; x_wconf 80' lang='grc' dir='ltr'>ἡμέτερον</span> <span class='ocrx_word' id='word_1_37' title='bbox 1315 826 1446 919; x_wconf 76' lang='grc' dir='ltr'>σῶμα,</span> 
     </span>
     <span class='ocr_line' id='line_1_6' title="bbox 244 940 1479 1056; baseline 0.001 -28"><span class='ocrx_word' id='word_1_38' title='bbox 244 949 323 1029; x_wconf 85' lang='grc' dir='ltr'>τίνα</span> <span class='ocrx_word' id='word_1_39' title='bbox 348 947 483 1051; x_wconf 86' lang='grc' dir='ltr'>τρόπον</span> <span class='ocrx_word' id='word_1_40' title='bbox 501 947 771 1050; x_wconf 86' lang='grc' dir='ltr'>διατεθήσεσθε,</span> <span class='ocrx_word' id='word_1_41' title='bbox 790 953 916 1056; x_wconf 73' lang='grc' dir='ltr'>φησὶν,</span> <span class='ocrx_word' id='word_1_42' title='bbox 936 949 1024 1029; x_wconf 80' lang='grc' dir='ltr'>ὅταν</span> <span class='ocrx_word' id='word_1_43' title='bbox 1041 945 1128 1029; x_wconf 76' lang='grc' dir='ltr'>αὐτὸ</span> <span class='ocrx_word' id='word_1_44' title='bbox 1148 949 1273 1030; x_wconf 73' lang='grc' dir='ltr'>καλεῖς</span> <span class='ocrx_word' id='word_1_45' title='bbox 1291 940 1479 1048; x_wconf 81' lang='grc' dir='ltr'>οῦρανῦν5</span> 
     </span>
     <span class='ocr_line' id='line_1_7' title="bbox 245 1067 1449 1177; baseline -0.006 -24"><span class='ocrx_word' id='word_1_46' title='bbox 245 1072 482 1171; x_wconf 86' lang='grc' dir='ltr'>ἀνιπτάμενον</span> <span class='ocrx_word' id='word_1_47' title='bbox 507 1072 693 1173; x_wconf 83' lang='grc' dir='ltr'>βλέπητε;</span> <span class='ocrx_word' id='word_1_48' title='bbox 733 1076 775 1154; x_wconf 84' lang='grc' dir='ltr'>οῦ</span> <span class='ocrx_word' id='word_1_49' title='bbox 799 1072 871 1176; x_wconf 82' lang='grc' dir='ltr'>γὰρ</span> <span class='ocrx_word' id='word_1_50' title='bbox 896 1076 1140 1177; x_wconf 83' lang='grc' dir='ltr'>ὑπισχνοῦμαι</span> <span class='ocrx_word' id='word_1_51' title='bbox 1162 1070 1285 1169; x_wconf 83' lang='grc' dir='ltr'>μόνον,</span> <span class='ocrx_word' id='word_1_52' title='bbox 1304 1067 1365 1148; x_wconf 83' lang='grc' dir='ltr'>ὅτι</span> <span class='ocrx_word' id='word_1_53' title='bbox 1389 1067 1449 1147; x_wconf 80' lang='grc' dir='ltr'>καὶ</span> 
     </span>
     <span class='ocr_line' id='line_1_8' title="bbox 246 1187 1450 1300; baseline -0.006 -24"><span class='ocrx_word' id='word_1_54' title='bbox 246 1202 293 1279; x_wconf 85' lang='grc' dir='ltr'>είς</span> <span class='ocrx_word' id='word_1_55' title='bbox 312 1193 420 1275; x_wconf 80' lang='grc' dir='ltr'>αὐτὸν</span> <span class='ocrx_word' id='word_1_56' title='bbox 439 1195 671 1296; x_wconf 83' lang='grc' dir='ltr'>ἀναβήσομαι</span> <span class='ocrx_word' id='word_1_57' title='bbox 694 1195 757 1277; x_wconf 86' lang='grc' dir='ltr'>τὸν</span> <span class='ocrx_word' id='word_1_58' title='bbox 775 1195 937 1300; x_wconf 81' lang='grc' dir='ltr'>οὐρανὸν,</span> <span class='ocrx_word' id='word_1_59' title='bbox 955 1198 1014 1277; x_wconf 76' lang='grc' dir='ltr'>’ίνα</span> <span class='ocrx_word' id='word_1_60' title='bbox 1037 1194 1088 1295; x_wconf 78' lang='grc' dir='ltr'>μή</span> <span class='ocrx_word' id='word_1_61' title='bbox 1114 1191 1227 1275; x_wconf 91' lang='grc' dir='ltr'>ποίλιν</span> <span class='ocrx_word' id='word_1_62' title='bbox 1244 1192 1381 1294; x_wconf 82' lang='grc' dir='ltr'>λέγητε</span> <span class='ocrx_word' id='word_1_63' title='bbox 1404 1187 1450 1271; x_wconf 88' lang='grc' dir='ltr'>τό</span> 
     </span>
     <span class='ocr_line' id='line_1_9' title="bbox 248 1314 1450 1426; baseline -0.002 -27"><span class='ocrx_word' id='word_1_64' title='bbox 248 1324 344 1405; x_wconf 83' lang='grc' dir='ltr'>Πῶς·</span> <span class='ocrx_word' id='word_1_65' title='bbox 374 1322 464 1401; x_wconf 88' lang='grc' dir='ltr'>ἀλλ’·</span> <span class='ocrx_word' id='word_1_66' title='bbox 478 1322 517 1399; x_wconf 89' lang='grc' dir='ltr'>έν</span> <span class='ocrx_word' id='word_1_67' title='bbox 535 1322 739 1426; x_wconf 84' lang='grc' dir='ltr'>ὀφθαλμοῖς</span> <span class='ocrx_word' id='word_1_68' title='bbox 759 1323 839 1421; x_wconf 80' lang='grc' dir='ltr'>ὑμῖν</span> <span class='ocrx_word' id='word_1_69' title='bbox 858 1321 880 1420; x_wconf 84' lang='grc' dir='ltr'><strong><em>ἡ</em></strong></span> <span class='ocrx_word' id='word_1_70' title='bbox 899 1320 964 1401; x_wconf 90' lang='grc' dir='ltr'>θέα</span> <span class='ocrx_word' id='word_1_71' title='bbox 982 1317 1169 1420; x_wconf 86' lang='grc' dir='ltr'>στήσεται,</span> <span class='ocrx_word' id='word_1_72' title='bbox 1186 1314 1306 1398; x_wconf 75' lang='grc' dir='ltr'>πάντα</span> <span class='ocrx_word' id='word_1_73' title='bbox 1325 1320 1450 1397; x_wconf 85' lang='grc' dir='ltr'>δυσω-</span> 
     </span>
     <span class='ocr_line' id='line_1_10' title="bbox 218 1439 1451 1550; baseline 0.001 -33"><span class='ocrx_word' id='word_1_74' title='bbox 218 1452 370 1524; x_wconf 88' lang='grc' dir='ltr'>οποῦσα</span> <span class='ocrx_word' id='word_1_75' title='bbox 400 1442 463 1524; x_wconf 84' lang='grc' dir='ltr'>τὸν</span> <span class='ocrx_word' id='word_1_76' title='bbox 490 1445 734 1546; x_wconf 74' lang='grc' dir='ltr'>ἀντιλέγοντα.</span> <span class='ocrx_word' id='word_1_77' title='bbox 786 1444 841 1525; x_wconf 77' lang='grc' dir='ltr'>ἐῖιν</span> <span class='ocrx_word' id='word_1_78' title='bbox 871 1442 920 1526; x_wconf 75' lang='grc' dir='ltr'>οὖν</span> <span class='ocrx_word' id='word_1_79' title='bbox 945 1445 1117 1545; x_wconf 85' lang='grc' dir='ltr'>βλέπητε,</span> <span class='ocrx_word' id='word_1_80' title='bbox 1146 1445 1271 1550; x_wconf 76' lang='grc' dir='ltr'>φησὶν,</span> <span class='ocrx_word' id='word_1_81' title='bbox 1299 1444 1351 1525; x_wconf 80' lang='grc' dir='ltr'>εἷς</span> <span class='ocrx_word' id='word_1_82' title='bbox 1382 1439 1451 1519; x_wconf 80' lang='grc' dir='ltr'>τάν</span> 
     </span>
     <span class='ocr_line' id='line_1_11' title="bbox 247 1563 1501 1674; baseline -0.002 -28"><span class='ocrx_word' id='word_1_83' title='bbox 247 1566 398 1669; x_wconf 83' lang='grc' dir='ltr'>οῦρανὸν</span> <span class='ocrx_word' id='word_1_84' title='bbox 420 1570 645 1663; x_wconf 74' lang='grc' dir='ltr'>ἀναβαίνοντα</span> <span class='ocrx_word' id='word_1_85' title='bbox 672 1569 723 1649; x_wconf 72' lang='grc' dir='ltr'>τῦι</span> <span class='ocrx_word' id='word_1_86' title='bbox 748 1568 810 1650; x_wconf 71' lang='grc' dir='ltr'>νῦν</span> <span class='ocrx_word' id='word_1_87' title='bbox 832 1572 889 1650; x_wconf 83' lang='grc' dir='ltr'>τοῦ</span> <span class='ocrx_word' id='word_1_88' title='bbox 910 1567 1086 1674; x_wconf 72' lang='grc' dir='ltr'>ἀνθρώπου,</span> <span class='ocrx_word' id='word_1_89' title='bbox 1109 1569 1148 1648; x_wconf 96' lang='grc' dir='ltr'>τί</span> <span class='ocrx_word' id='word_1_90' title='bbox 1171 1568 1278 1669; x_wconf 81' lang='grc' dir='ltr'>ἐρεῖτε</span> <span class='ocrx_word' id='word_1_91' title='bbox 1303 1563 1446 1660; x_wconf 84' lang='grc' dir='ltr'>πάλιν;</span> <span class='ocrx_word' id='word_1_92' title='bbox 1467 1597 1501 1639; x_wconf 87' lang='grc' dir='ltr'>ιο</span> 
     </span>
     <span class='ocr_line' id='line_1_12' title="bbox 245 1686 1450 1798; baseline -0.001 -28"><span class='ocrx_word' id='word_1_93' title='bbox 245 1691 515 1796; x_wconf 87' lang='grc' dir='ltr'>ἐλεγχθήσεσθε</span> <span class='ocrx_word' id='word_1_94' title='bbox 553 1690 624 1796; x_wconf 82' lang='grc' dir='ltr'>γὰρ</span> <span class='ocrx_word' id='word_1_95' title='bbox 658 1694 700 1772; x_wconf 87' lang='grc' dir='ltr'>οῦ</span> <span class='ocrx_word' id='word_1_96' title='bbox 735 1695 885 1798; x_wconf 82' lang='grc' dir='ltr'>μετρίως</span> <span class='ocrx_word' id='word_1_97' title='bbox 920 1692 1165 1798; x_wconf 86' lang='grc' dir='ltr'>ἀφραίνοντες.</span> <span class='ocrx_word' id='word_1_98' title='bbox 1220 1693 1250 1769; x_wconf 86' lang='grc' dir='ltr'>εί</span> <span class='ocrx_word' id='word_1_99' title='bbox 1285 1686 1361 1791; x_wconf 82' lang='grc' dir='ltr'>γάρ</span> <span class='ocrx_word' id='word_1_100' title='bbox 1396 1686 1450 1787; x_wconf 80' lang='grc' dir='ltr'>μή</span> 
     </span>
     <span class='ocr_line' id='line_1_13' title="bbox 247 1809 1447 1921; baseline -0.003 -28"><span class='ocrx_word' id='word_1_101' title='bbox 247 1814 425 1894; x_wconf 82' lang='grc' dir='ltr'>δύνασθαι</span> <span class='ocrx_word' id='word_1_102' title='bbox 444 1811 510 1914; x_wconf 83' lang='grc' dir='ltr'>τὴν</span> <span class='ocrx_word' id='word_1_103' title='bbox 528 1812 617 1914; x_wconf 83' lang='grc' dir='ltr'>ἐμὴν</span> <span class='ocrx_word' id='word_1_104' title='bbox 635 1813 757 1919; x_wconf 88' lang='grc' dir='ltr'>σοίρκα</span> <span class='ocrx_word' id='word_1_105' title='bbox 772 1816 839 1917; x_wconf 81' lang='grc' dir='ltr'>τήν</span> <span class='ocrx_word' id='word_1_106' title='bbox 857 1815 948 1921; x_wconf 83' lang='grc' dir='ltr'>ζωὴν</span> <span class='ocrx_word' id='word_1_107' title='bbox 967 1819 1049 1915; x_wconf 86' lang='grc' dir='ltr'>ῦμῖν</span> <span class='ocrx_word' id='word_1_108' title='bbox 1067 1817 1216 1895; x_wconf 82' lang='grc' dir='ltr'>ἐνθεῖναι</span> <span class='ocrx_word' id='word_1_109' title='bbox 1237 1809 1447 1914; x_wconf 79' lang='grc' dir='ltr'>λογίζεσθε,</span> 
     </span>
     <span class='ocr_line' id='line_1_14' title="bbox 246 1935 1451 2046; baseline -0.003 -27"><span class='ocrx_word' id='word_1_110' title='bbox 246 1945 323 2023; x_wconf 83' lang='grc' dir='ltr'>πῶς</span> <span class='ocrx_word' id='word_1_111' title='bbox 356 1947 493 2040; x_wconf 86' lang='grc' dir='ltr'>πτηνοῦ</span> <span class='ocrx_word' id='word_1_112' title='bbox 526 1940 626 2039; x_wconf 79' lang='grc' dir='ltr'>δίκην</span> <span class='ocrx_word' id='word_1_113' title='bbox 658 1945 706 2024; x_wconf 81' lang='grc' dir='ltr'>εἷς</span> <span class='ocrx_word' id='word_1_114' title='bbox 744 1938 896 2046; x_wconf 81' lang='grc' dir='ltr'>οὐρανὸν</span> <span class='ocrx_word' id='word_1_115' title='bbox 927 1937 1175 2040; x_wconf 82' lang='grc' dir='ltr'>ἀναβήσεται;</span> <span class='ocrx_word' id='word_1_116' title='bbox 1220 1942 1250 2018; x_wconf 83' lang='grc' dir='ltr'>εί</span> <span class='ocrx_word' id='word_1_117' title='bbox 1285 1935 1359 2039; x_wconf 85' lang='grc' dir='ltr'>γάρ</span> <span class='ocrx_word' id='word_1_118' title='bbox 1396 1936 1451 2035; x_wconf 86' lang='grc' dir='ltr'>μὴ</span> 
     </span>
     <span class='ocr_line' id='line_1_15' title="bbox 246 2063 1447 2172; baseline -0.002 -31"><span class='ocrx_word' id='word_1_119' title='bbox 246 2063 394 2142; x_wconf 84' lang='grc' dir='ltr'>δύναται</span> <span class='ocrx_word' id='word_1_120' title='bbox 422 2063 614 2166; x_wconf 83' lang='grc' dir='ltr'>ζωοποιεῖν,</span> <span class='ocrx_word' id='word_1_121' title='bbox 640 2063 695 2144; x_wconf 82' lang='grc' dir='ltr'>ὅτι</span> <span class='ocrx_word' id='word_1_122' title='bbox 722 2064 772 2163; x_wconf 78' lang='grc' dir='ltr'>μὴ</span> <span class='ocrx_word' id='word_1_123' title='bbox 800 2065 937 2172; x_wconf 92' lang='grc' dir='ltr'>πέφυκε</span> <span class='ocrx_word' id='word_1_124' title='bbox 964 2064 1156 2167; x_wconf 81' lang='grc' dir='ltr'>ζωοποιεῖν,</span> <span class='ocrx_word' id='word_1_125' title='bbox 1180 2068 1257 2147; x_wconf 80' lang='grc' dir='ltr'>πῶς</span> <span class='ocrx_word' id='word_1_126' title='bbox 1286 2063 1447 2163; x_wconf 87' lang='grc' dir='ltr'>ἀεροβα-</span> 
     </span>
     <span class='ocr_line' id='line_1_16' title="bbox 246 2182 1503 2290; baseline -0.002 -25"><span class='ocrx_word' id='word_1_127' title='bbox 246 2185 359 2288; x_wconf 88' lang='grc' dir='ltr'>τήσει,</span> <span class='ocrx_word' id='word_1_128' title='bbox 388 2193 466 2270; x_wconf 84' lang='grc' dir='ltr'>πῶς</span> <span class='ocrx_word' id='word_1_129' title='bbox 499 2186 538 2266; x_wconf 86' lang='grc' dir='ltr'>δέ</span> <span class='ocrx_word' id='word_1_130' title='bbox 571 2192 620 2271; x_wconf 88' lang='grc' dir='ltr'>είς</span> <span class='ocrx_word' id='word_1_131' title='bbox 652 2185 823 2290; x_wconf 83' lang='grc' dir='ltr'>οὐρανοῦς</span> <span class='ocrx_word' id='word_1_132' title='bbox 854 2186 1102 2287; x_wconf 88' lang='grc' dir='ltr'>ἀναβήσεται;</span> <span class='ocrx_word' id='word_1_133' title='bbox 1141 2190 1201 2266; x_wconf 79' lang='grc' dir='ltr'>καὶ</span> <span class='ocrx_word' id='word_1_134' title='bbox 1233 2193 1340 2264; x_wconf 93' lang='grc' dir='ltr'>τοῦτο</span> <span class='ocrx_word' id='word_1_135' title='bbox 1374 2182 1452 2287; x_wconf 82' lang='grc' dir='ltr'>γὰρ</span> <span class='ocrx_word' id='word_1_136' title='bbox 1469 2219 1503 2278; x_wconf 88' lang='lat'>15</span> 
     </span>
     <span class='ocr_line' id='line_1_17' title="bbox 247 2305 1454 2416; baseline 0 -28"><span class='ocrx_word' id='word_1_137' title='bbox 247 2311 376 2408; x_wconf 85' lang='grc' dir='ltr'>ὁμοίως</span> <span class='ocrx_word' id='word_1_138' title='bbox 406 2310 581 2391; x_wconf 80' lang='grc' dir='ltr'>ἀδύνατον</span> <span class='ocrx_word' id='word_1_139' title='bbox 608 2316 653 2416; x_wconf 77' lang='grc' dir='ltr'>τῇ</span> <span class='ocrx_word' id='word_1_140' title='bbox 681 2311 802 2413; x_wconf 87' lang='grc' dir='ltr'>σαρκί.</span> <span class='ocrx_word' id='word_1_141' title='bbox 851 2316 881 2390; x_wconf 83' lang='grc' dir='ltr'>εί</span> <span class='ocrx_word' id='word_1_142' title='bbox 912 2310 949 2391; x_wconf 85' lang='grc' dir='ltr'>δέ</span> <span class='ocrx_word' id='word_1_143' title='bbox 979 2312 1162 2407; x_wconf 84' lang='grc' dir='ltr'>ἀναβαίνει</span> <span class='ocrx_word' id='word_1_144' title='bbox 1188 2306 1287 2412; x_wconf 84' lang='grc' dir='ltr'>παρὰ</span> <span class='ocrx_word' id='word_1_145' title='bbox 1320 2305 1454 2415; x_wconf 77' lang='grc' dir='ltr'>φύσιν,</span> 
     </span>
     <span class='ocr_line' id='line_1_18' title="bbox 216 2430 1455 2538; baseline -0.003 -25"><span class='ocrx_word' id='word_1_146' title='bbox 216 2436 287 2514; x_wconf 78' lang='grc' dir='ltr'>ἀτί</span> <span class='ocrx_word' id='word_1_147' title='bbox 311 2432 354 2514; x_wconf 81' lang='grc' dir='ltr'>τὸ</span> <span class='ocrx_word' id='word_1_148' title='bbox 381 2434 522 2514; x_wconf 79' lang='grc' dir='ltr'>κωλῦον</span> <span class='ocrx_word' id='word_1_149' title='bbox 551 2435 602 2514; x_wconf 85' lang='grc' dir='ltr'>ἐτι</span> <span class='ocrx_word' id='word_1_150' title='bbox 631 2438 689 2514; x_wconf 81' lang='grc' dir='ltr'>καὶ</span> <span class='ocrx_word' id='word_1_151' title='bbox 720 2435 900 2538; x_wconf 80' lang='grc' dir='ltr'>ζωοποιεῖν</span> <span class='ocrx_word' id='word_1_152' title='bbox 928 2433 1049 2534; x_wconf 81' lang='grc' dir='ltr'>αῦτὴν,</span> <span class='ocrx_word' id='word_1_153' title='bbox 1078 2438 1137 2515; x_wconf 80' lang='grc' dir='ltr'>καὶ</span> <span class='ocrx_word' id='word_1_154' title='bbox 1169 2438 1198 2513; x_wconf 86' lang='grc' dir='ltr'>εί</span> <span class='ocrx_word' id='word_1_155' title='bbox 1227 2430 1278 2531; x_wconf 81' lang='grc' dir='ltr'>μή</span> <span class='ocrx_word' id='word_1_156' title='bbox 1311 2431 1455 2537; x_wconf 84' lang='grc' dir='ltr'>πέφυκε</span> 
     </span>
     <span class='ocr_line' id='line_1_19' title="bbox 250 2556 1456 2664; baseline 0.004 -27"><span class='ocrx_word' id='word_1_157' title='bbox 250 2556 440 2659; x_wconf 87' lang='grc' dir='ltr'>ζωοποιεῖν,</span> <span class='ocrx_word' id='word_1_158' title='bbox 462 2558 551 2637; x_wconf 85' lang='grc' dir='ltr'>ὅσον</span> <span class='ocrx_word' id='word_1_159' title='bbox 569 2562 617 2641; x_wconf 78' lang='grc' dir='ltr'>εἰς</span> <span class='ocrx_word' id='word_1_160' title='bbox 644 2559 736 2638; x_wconf 87' lang='grc' dir='ltr'>ίδίοιν</span> <span class='ocrx_word' id='word_1_161' title='bbox 755 2558 893 2664; x_wconf 70' lang='grc' dir='ltr'>φύσιν,</span> <span class='ocrx_word' id='word_1_162' title='bbox 925 2560 945 2638; x_wconf 84' lang='grc' dir='ltr'>ὁ</span> <span class='ocrx_word' id='word_1_163' title='bbox 971 2556 1043 2663; x_wconf 87' lang='grc' dir='ltr'>γάρ</span> <span class='ocrx_word' id='word_1_164' title='bbox 1067 2556 1232 2661; x_wconf 85' lang='grc' dir='ltr'>οῦροίνιον</span> <span class='ocrx_word' id='word_1_165' title='bbox 1255 2557 1456 2664; x_wconf 81' lang='grc' dir='ltr'>ἀποδείξας</span> 
     </span>
     <span class='ocr_line' id='line_1_20' title="bbox 251 2680 1454 2789; baseline -0.001 -29"><span class='ocrx_word' id='word_1_166' title='bbox 251 2683 293 2760; x_wconf 87' lang='grc' dir='ltr'>τὸ</span> <span class='ocrx_word' id='word_1_167' title='bbox 318 2682 390 2762; x_wconf 84' lang='grc' dir='ltr'>ἀπὸ</span> <span class='ocrx_word' id='word_1_168' title='bbox 416 2685 493 2783; x_wconf 83' lang='grc' dir='ltr'>γῆς,</span> <span class='ocrx_word' id='word_1_169' title='bbox 512 2686 570 2762; x_wconf 81' lang='grc' dir='ltr'>καὶ</span> <span class='ocrx_word' id='word_1_170' title='bbox 593 2680 765 2784; x_wconf 82' lang='grc' dir='ltr'>ζωοποιὸν</span> <span class='ocrx_word' id='word_1_171' title='bbox 783 2683 1006 2781; x_wconf 76' lang='grc' dir='ltr'>ἀποτελέσει,</span> <span class='ocrx_word' id='word_1_172' title='bbox 1026 2684 1084 2762; x_wconf 81' lang='grc' dir='ltr'>καὶ</span> <span class='ocrx_word' id='word_1_173' title='bbox 1101 2686 1130 2762; x_wconf 87' lang='grc' dir='ltr'>εί</span> <span class='ocrx_word' id='word_1_174' title='bbox 1148 2680 1285 2789; x_wconf 88' lang='grc' dir='ltr'>πέφυκε</span> <span class='ocrx_word' id='word_1_175' title='bbox 1304 2682 1454 2788; x_wconf 85' lang='grc' dir='ltr'>φθείρε·</span> 
     </span>
     <span class='ocr_line' id='line_1_21' title="bbox 251 2795 1506 2908; baseline -0.002 -26"><span class='ocrx_word' id='word_1_176' title='bbox 251 2810 338 2883; x_wconf 91' lang='grc' dir='ltr'>σθοιι</span> <span class='ocrx_word' id='word_1_177' title='bbox 359 2805 450 2885; x_wconf 88' lang='grc' dir='ltr'>κατά</span> <span class='ocrx_word' id='word_1_178' title='bbox 467 2803 530 2885; x_wconf 84' lang='grc' dir='ltr'>τάν</span> <span class='ocrx_word' id='word_1_179' title='bbox 549 2806 637 2886; x_wconf 82' lang='grc' dir='ltr'>ἴδιον</span> <span class='ocrx_word' id='word_1_180' title='bbox 655 2806 778 2908; x_wconf 88' lang='grc' dir='ltr'>λόγον.</span> <span class='ocrx_word' id='word_1_181' title='bbox 899 2795 904 2799; x_wconf 35' lang='grc'><em>’</em></span> <span class='ocrx_word' id='word_1_182' title='bbox 1470 2838 1506 2880; x_wconf 77' lang='grc' dir='ltr'>ιο</span> 
     </span>
     <span class='ocr_line' id='line_1_22' title="bbox 306 2926 1458 3035; baseline 0 -27"><span class='ocrx_word' id='word_1_183' title='bbox 306 2929 561 3032; x_wconf 83' lang='grc' dir='ltr'>Ἐπιτηρητέον</span> <span class='ocrx_word' id='word_1_184' title='bbox 580 2926 618 3010; x_wconf 88' lang='grc' dir='ltr'>δέ</span> <span class='ocrx_word' id='word_1_185' title='bbox 638 2929 735 3012; x_wconf 79' lang='grc' dir='ltr'>ὅπως</span> <span class='ocrx_word' id='word_1_186' title='bbox 754 2931 817 3010; x_wconf 87' lang='grc' dir='ltr'>οῦκ</span> <span class='ocrx_word' id='word_1_187' title='bbox 835 2931 996 3035; x_wconf 75' lang='grc' dir='ltr'>ἀνέχεται</span> <span class='ocrx_word' id='word_1_188' title='bbox 1014 2929 1127 3011; x_wconf 78' lang='grc' dir='ltr'>πάλιν</span> <span class='ocrx_word' id='word_1_189' title='bbox 1145 2936 1195 3014; x_wconf 86' lang='grc' dir='ltr'>είς</span> <span class='ocrx_word' id='word_1_190' title='bbox 1212 2927 1275 3010; x_wconf 79' lang='grc' dir='ltr'>δύο</span> <span class='ocrx_word' id='word_1_191' title='bbox 1296 2962 1458 3028; x_wconf 89' lang='grc' dir='ltr'>καταμε-</span> 
     </span>
     <span class='ocr_line' id='line_1_23' title="bbox 250 3050 1457 3157; baseline -0.001 -25"><span class='ocrx_word' id='word_1_192' title='bbox 250 3053 410 3156; x_wconf 88' lang='grc' dir='ltr'>ρίζεσθιιι</span> <span class='ocrx_word' id='word_1_193' title='bbox 429 3051 611 3157; x_wconf 85' lang='grc' dir='ltr'>χριστοῦς,</span> <span class='ocrx_word' id='word_1_194' title='bbox 630 3051 721 3132; x_wconf 89' lang='grc' dir='ltr'>κατά</span> <span class='ocrx_word' id='word_1_195' title='bbox 739 3050 805 3152; x_wconf 84' lang='grc' dir='ltr'>τὴν</span> <span class='ocrx_word' id='word_1_196' title='bbox 819 3059 925 3133; x_wconf 86' lang='grc' dir='ltr'>τινῶν</span> <span class='ocrx_word' id='word_1_197' title='bbox 943 3053 1130 3149; x_wconf 87' lang='grc' dir='ltr'>ἀβουλίαν.</span> <span class='ocrx_word' id='word_1_198' title='bbox 1163 3052 1360 3157; x_wconf 78' lang='grc' dir='ltr'>ἀμέριστον</span> <span class='ocrx_word' id='word_1_199' title='bbox 1381 3050 1457 3155; x_wconf 87' lang='grc' dir='ltr'>γάρ</span> 
     </span>
     <span class='ocr_line' id='line_1_24' title="bbox 251 3172 1458 3282; baseline -0.002 -26"><span class='ocrx_word' id='word_1_200' title='bbox 251 3175 377 3257; x_wconf 83' lang='grc' dir='ltr'>ἑαυτὸν</span> <span class='ocrx_word' id='word_1_201' title='bbox 395 3182 562 3282; x_wconf 75' lang='grc' dir='ltr'>πανταχῇ</span> <span class='ocrx_word' id='word_1_202' title='bbox 586 3173 761 3282; x_wconf 90' lang='grc' dir='ltr'>φνλάττει</span> <span class='ocrx_word' id='word_1_203' title='bbox 785 3174 876 3274; x_wconf 90' lang='grc' dir='ltr'>μετά</span> <span class='ocrx_word' id='word_1_204' title='bbox 898 3175 964 3276; x_wconf 84' lang='grc' dir='ltr'>τὴν</span> <span class='ocrx_word' id='word_1_205' title='bbox 981 3177 1266 3281; x_wconf 80' lang='grc' dir='ltr'>ένανθροίπησιν.</span> <span class='ocrx_word' id='word_1_206' title='bbox 1307 3172 1360 3256; x_wconf 79' lang='grc' dir='ltr'>τάν</span> <span class='ocrx_word' id='word_1_207' title='bbox 1380 3173 1458 3280; x_wconf 84' lang='grc' dir='ltr'>γάρ</span> 
     </span>
    </p>
   </div>
   <div class='ocr_carea' id='block_1_3' title="bbox 223 3295 1510 3526">
    <p class='ocr_par' dir='ltr' id='par_1_3' title="bbox 223 3295 1510 3526">
     <span class='ocr_line' id='line_1_25' title="bbox 252 3295 1459 3410; baseline 0.001 -31"><span class='ocrx_word' id='word_1_208' title='bbox 252 3299 313 3380; x_wconf 79' lang='grc' dir='ltr'>οῖον</span> <span class='ocrx_word' id='word_1_209' title='bbox 332 3303 386 3381; x_wconf 83' lang='grc' dir='ltr'>τοῦ</span> <span class='ocrx_word' id='word_1_210' title='bbox 402 3300 567 3409; x_wconf 70' lang='grc' dir='ltr'>ἀνθρώπου</span> <span class='ocrx_word' id='word_1_211' title='bbox 585 3303 701 3409; x_wconf 80' lang='grc' dir='ltr'>φησὶν</span> <span class='ocrx_word' id='word_1_212' title='bbox 718 3303 918 3395; x_wconf 78' lang='grc' dir='ltr'>ἀναβαίνειν</span> <span class='ocrx_word' id='word_1_213' title='bbox 936 3303 1018 3382; x_wconf 75' lang='grc' dir='ltr'>’ίπου</span> <span class='ocrx_word' id='word_1_214' title='bbox 1044 3295 1077 3395; x_wconf 66' lang='grc' dir='ltr'>ἦν</span> <span class='ocrx_word' id='word_1_215' title='bbox 1100 3305 1135 3382; x_wconf 74' lang='grc' dir='ltr'>τῦ</span> <span class='ocrx_word' id='word_1_216' title='bbox 1163 3303 1318 3410; x_wconf 81' lang='grc' dir='ltr'>πρίτερον,</span> <span class='ocrx_word' id='word_1_217' title='bbox 1337 3303 1459 3380; x_wconf 88' lang='grc' dir='ltr'>καίτοι</span> 
     </span>
     <span class='ocr_line' id='line_1_26' title="bbox 223 3421 1510 3526; baseline 0 -23"><span class='ocrx_word' id='word_1_218' title='bbox 223 3431 317 3503; x_wconf 78' lang='grc' dir='ltr'>ατοῦ</span> <span class='ocrx_word' id='word_1_219' title='bbox 334 3425 373 3501; x_wconf 87' lang='grc' dir='ltr'>ἐκ</span> <span class='ocrx_word' id='word_1_220' title='bbox 392 3427 458 3524; x_wconf 79' lang='grc' dir='ltr'>γῆς</span> <span class='ocrx_word' id='word_1_221' title='bbox 476 3423 645 3521; x_wconf 81' lang='grc' dir='ltr'>σώματος</span> <span class='ocrx_word' id='word_1_222' title='bbox 664 3424 727 3502; x_wconf 90' lang='grc' dir='ltr'>οῦκ</span> <span class='ocrx_word' id='word_1_223' title='bbox 746 3421 850 3508; x_wconf 83' lang='grc' dir='ltr'>ὄντος</span> <span class='ocrx_word' id='word_1_224' title='bbox 867 3422 941 3502; x_wconf 83' lang='grc' dir='ltr'>ἅνω</span> <span class='ocrx_word' id='word_1_225' title='bbox 958 3423 1029 3526; x_wconf 83' lang='grc' dir='ltr'>πρὸ</span> <span class='ocrx_word' id='word_1_226' title='bbox 1047 3424 1186 3521; x_wconf 85' lang='grc' dir='ltr'>τούτου,</span> <span class='ocrx_word' id='word_1_227' title='bbox 1204 3421 1317 3524; x_wconf 77' lang='grc' dir='ltr'>μόνον</span> <span class='ocrx_word' id='word_1_228' title='bbox 1340 3423 1381 3503; x_wconf 87' lang='grc' dir='ltr'>δέ</span> <span class='ocrx_word' id='word_1_229' title='bbox 1406 3424 1461 3505; x_wconf 86' lang='grc' dir='ltr'>ἐτι</span> <span class='ocrx_word' id='word_1_230' title='bbox 1474 3459 1510 3520; x_wconf 82' lang='lat'>²5</span> 
     </span>
    </p>
   </div>
   <div class='ocr_carea' id='block_1_4' title="bbox 169 3544 1461 3900">
    <p class='ocr_par' dir='ltr' id='par_1_4' title="bbox 169 3544 1461 3900">
     <span class='ocr_line' id='line_1_27' title="bbox 255 3544 1458 3650; baseline 0.004 -26"><span class='ocrx_word' id='word_1_231' title='bbox 255 3550 313 3627; x_wconf 82' lang='grc' dir='ltr'>καὶ</span> <span class='ocrx_word' id='word_1_232' title='bbox 341 3549 424 3627; x_wconf 85' lang='grc' dir='ltr'>καθ’</span> <span class='ocrx_word' id='word_1_233' title='bbox 449 3544 573 3627; x_wconf 84' lang='grc' dir='ltr'>ἐαντάν</span> <span class='ocrx_word' id='word_1_234' title='bbox 595 3554 659 3626; x_wconf 89' lang='grc' dir='ltr'>τοῦ</span> <span class='ocrx_word' id='word_1_235' title='bbox 678 3545 811 3648; x_wconf 88' lang='grc' dir='ltr'>Λόγον,</span> <span class='ocrx_word' id='word_1_236' title='bbox 828 3544 899 3650; x_wconf 80' lang='grc' dir='ltr'>πρὸ</span> <span class='ocrx_word' id='word_1_237' title='bbox 925 3551 1129 3650; x_wconf 84' lang='grc' dir='ltr'>συνδρομῆς</span> <span class='ocrx_word' id='word_1_238' title='bbox 1154 3553 1216 3646; x_wconf 81' lang='grc' dir='ltr'>τῆς</span> <span class='ocrx_word' id='word_1_239' title='bbox 1242 3553 1291 3631; x_wconf 82' lang='grc' dir='ltr'>εἰς</span> <span class='ocrx_word' id='word_1_240' title='bbox 1314 3546 1458 3650; x_wconf 85' lang='grc' dir='ltr'>σάρκα·</span> 
     </span>
     <span class='ocr_line' id='line_1_28' title="bbox 254 3669 1461 3773; baseline 0.002 -23"><span class='ocrx_word' id='word_1_241' title='bbox 254 3677 375 3754; x_wconf 83' lang='grc' dir='ltr'>καλῶς</span> <span class='ocrx_word' id='word_1_242' title='bbox 400 3671 498 3751; x_wconf 84' lang='grc' dir='ltr'>οῦνὸ</span> <span class='ocrx_word' id='word_1_243' title='bbox 524 3677 672 3754; x_wconf 85' lang='grc' dir='ltr'>Παῦλος</span> <span class='ocrx_word' id='word_1_244' title='bbox 696 3669 738 3750; x_wconf 90' lang='grc' dir='ltr'>τό</span> <span class='ocrx_word' id='word_1_245' title='bbox 758 3681 779 3717; x_wconf 88' lang='grc'>“</span> <span class='ocrx_word' id='word_1_246' title='bbox 795 3669 859 3755; x_wconf 58' lang='lat' dir='ltr'>Effe</span> <span class='ocrx_word' id='word_1_247' title='bbox 887 3669 1020 3773; x_wconf 77' lang='grc' dir='ltr'>Κύριος</span> <span class='ocrx_word' id='word_1_248' title='bbox 1038 3672 1182 3771; x_wconf 81' lang='grc' dir='ltr'>Ἰησοῦς</span> <span class='ocrx_word' id='word_1_249' title='bbox 1204 3670 1398 3773; x_wconf 82' lang='grc' dir='ltr'>Χριστὸς”</span> <span class='ocrx_word' id='word_1_250' title='bbox 1420 3675 1461 3752; x_wconf 89' lang='grc' dir='ltr'>ἐν</span> 
     </span>
     <span class='ocr_line' id='line_1_29' title="bbox 169 3777 1456 3900; baseline -0.002 -24"><span class='ocrx_word' id='word_1_251' title='bbox 169 3777 175 3791; x_wconf 44' lang='lat'>⁸</span> <span class='ocrx_word' id='word_1_252' title='bbox 254 3798 356 3880; x_wconf 88' lang='grc' dir='ltr'>ίδιόιις</span> <span class='ocrx_word' id='word_1_253' title='bbox 375 3795 525 3876; x_wconf 84' lang='grc' dir='ltr'>τέθεικεν</span> <span class='ocrx_word' id='word_1_254' title='bbox 543 3798 763 3881; x_wconf 79' lang='grc' dir='ltr'>ἐπιστολαῖς.</span> <span class='ocrx_word' id='word_1_255' title='bbox 804 3794 852 3879; x_wconf 81' lang='grc' dir='ltr'>εἷς</span> <span class='ocrx_word' id='word_1_256' title='bbox 879 3794 950 3899; x_wconf 80' lang='grc' dir='ltr'>γὰρ</span> <span class='ocrx_word' id='word_1_257' title='bbox 968 3794 1066 3892; x_wconf 76' lang='grc' dir='ltr'>Υἱὸς,</span> <span class='ocrx_word' id='word_1_258' title='bbox 1086 3797 1145 3876; x_wconf 81' lang='grc' dir='ltr'>καὶ</span> <span class='ocrx_word' id='word_1_259' title='bbox 1170 3792 1242 3897; x_wconf 77' lang='grc' dir='ltr'>πρὸ</span> <span class='ocrx_word' id='word_1_260' title='bbox 1266 3799 1331 3894; x_wconf 78' lang='grc' dir='ltr'>τῆς</span> <span class='ocrx_word' id='word_1_261' title='bbox 1355 3830 1456 3900; x_wconf 88' lang='grc' dir='ltr'>σαρ-</span> 
     </span>
    </p>
   </div>
   <div class='ocr_carea' id='block_1_5' title="bbox 253 4022 1459 4591">
    <p class='ocr_par' dir='ltr' id='par_1_5' title="bbox 253 4022 1459 4591">
     <span class='ocr_line' id='line_1_30' title="bbox 291 4022 1459 4096; baseline 0.001 -16"><span class='ocrx_word' id='word_1_262' title='bbox 291 4041 316 4080; x_wconf 81' lang='lat'>2.</span> <span class='ocrx_word' id='word_1_263' title='bbox 335 4026 403 4091; x_wconf 86' lang='grc' dir='ltr'>λίαν,</span> <span class='ocrx_word' id='word_1_264' title='bbox 416 4024 436 4079; x_wconf 79' lang='grc' dir='ltr'><strong><em>ὦ</em></strong></span> <span class='ocrx_word' id='word_1_265' title='bbox 448 4022 532 4096; x_wconf 78' lang='grc' dir='ltr'>οὗτοι]</span> <span class='ocrx_word' id='word_1_266' title='bbox 545 4028 631 4089; x_wconf 86' lang='grc' dir='ltr'>τοῦτο,</span> <span class='ocrx_word' id='word_1_267' title='bbox 644 4024 664 4079; x_wconf 79' lang='grc' dir='ltr'><strong><em>ὦ</em></strong></span> <span class='ocrx_word' id='word_1_268' title='bbox 676 4024 756 4090; x_wconf 81' lang='grc' dir='ltr'>οὗτοι,</span> <span class='ocrx_word' id='word_1_269' title='bbox 769 4026 829 4080; x_wconf 86' lang='grc' dir='ltr'>λίαν</span> <span class='ocrx_word' id='word_1_270' title='bbox 842 4024 875 4079; x_wconf 87' lang='grc' dir='ltr'>Β.</span> <span class='ocrx_word' id='word_1_271' title='bbox 930 4025 1148 4093; x_wconf 76' lang='grc' dir='ltr'>σκανδαλίζεσθαι</span> <span class='ocrx_word' id='word_1_272' title='bbox 1162 4026 1194 4082; x_wconf 90' lang='grc' dir='ltr'>Β.</span> <span class='ocrx_word' id='word_1_273' title='bbox 1319 4045 1347 4093; x_wconf 82' lang='grc'>4.</span> <span class='ocrx_word' id='word_1_274' title='bbox 1366 4026 1459 4096; x_wconf 81' lang='grc' dir='ltr'>ὖμέτε·</span> 
     </span>
     <span class='ocr_line' id='line_1_31' title="bbox 253 4095 1459 4168; baseline 0.004 -20"><span class='ocrx_word' id='word_1_275' title='bbox 253 4117 301 4165; x_wconf 88' lang='grc' dir='ltr'>ρον</span> <span class='ocrx_word' id='word_1_276' title='bbox 316 4095 347 4149; x_wconf 93' lang='lat' dir='ltr'>B.</span> <span class='ocrx_word' id='word_1_277' title='bbox 449 4108 473 4165; x_wconf 87' lang='lat'>7.</span> <span class='ocrx_word' id='word_1_278' title='bbox 492 4096 655 4164; x_wconf 74' lang='grc' dir='ltr'>ἀναβήσομαι</span> <span class='ocrx_word' id='word_1_279' title='bbox 667 4097 703 4152; x_wconf 79' lang='grc' dir='ltr'>εῖτ</span> <span class='ocrx_word' id='word_1_280' title='bbox 715 4095 792 4151; x_wconf 77' lang='grc' dir='ltr'>αὑτὸν</span> <span class='ocrx_word' id='word_1_281' title='bbox 804 4097 909 4151; x_wconf 78' lang='lat' dir='ltr'>inverso</span> <span class='ocrx_word' id='word_1_282' title='bbox 921 4095 1014 4150; x_wconf 85' lang='lat' dir='ltr'>ordine</span> <span class='ocrx_word' id='word_1_283' title='bbox 1028 4095 1061 4151; x_wconf 91' lang='lat' dir='ltr'>B.</span> <span class='ocrx_word' id='word_1_284' title='bbox 1164 4099 1190 4153; x_wconf 90' lang='lat'>8.</span> <span class='ocrx_word' id='word_1_285' title='bbox 1210 4095 1269 4151; x_wconf 76' lang='grc' dir='ltr'>ἀλλ’</span> <span class='ocrx_word' id='word_1_286' title='bbox 1281 4108 1459 4168; x_wconf 77' lang='lat' dir='ltr'><strong>assumptum</strong></span> 
     </span>
     <span class='ocr_line' id='line_1_32' title="bbox 254 4164 1459 4239; baseline 0.004 -20"><span class='ocrx_word' id='word_1_287' title='bbox 254 4185 286 4219; x_wconf 82' lang='lat' dir='ltr'>ex</span> <span class='ocrx_word' id='word_1_288' title='bbox 303 4166 373 4219; x_wconf 86' lang='lat' dir='ltr'>B.D.</span> <span class='ocrx_word' id='word_1_289' title='bbox 427 4164 498 4236; x_wconf 82' lang='grc' dir='ltr'>ὑμῖν]</span> <span class='ocrx_word' id='word_1_290' title='bbox 512 4165 582 4234; x_wconf 83' lang='grc' dir='ltr'>ήμῶν</span> <span class='ocrx_word' id='word_1_291' title='bbox 597 4166 628 4219; x_wconf 88' lang='grc' dir='ltr'>Β.</span> <span class='ocrx_word' id='word_1_292' title='bbox 745 4184 786 4238; x_wconf 82' lang='lat'>13.</span> <span class='ocrx_word' id='word_1_293' title='bbox 805 4168 927 4239; x_wconf 86' lang='grc' dir='ltr'>οῦρανοῦς</span> <span class='ocrx_word' id='word_1_294' title='bbox 941 4166 1023 4221; x_wconf 77' lang='lat' dir='ltr'><strong>cord.</strong></span> <span class='ocrx_word' id='word_1_295' title='bbox 1141 4183 1182 4238; x_wconf 88' lang='lat'>15.</span> <span class='ocrx_word' id='word_1_296' title='bbox 1201 4168 1310 4237; x_wconf 80' lang='grc' dir='ltr'>οὐρανὸν</span> <span class='ocrx_word' id='word_1_297' title='bbox 1323 4168 1357 4221; x_wconf 91' lang='grc' dir='ltr'>Β.</span> <span class='ocrx_word' id='word_1_298' title='bbox 1370 4171 1459 4223; x_wconf 79' lang='lat' dir='ltr'>invito</span> 
     </span>
     <span class='ocr_line' id='line_1_33' title="bbox 256 4235 1459 4308; baseline 0.003 -19"><span class='ocrx_word' id='word_1_299' title='bbox 256 4237 338 4290; x_wconf 88' lang='lat' dir='ltr'>Cord.</span> <span class='ocrx_word' id='word_1_300' title='bbox 389 4237 483 4290; x_wconf 82' lang='lat' dir='ltr'>Statim</span> <span class='ocrx_word' id='word_1_301' title='bbox 497 4235 670 4304; x_wconf 83' lang='grc' dir='ltr'>ἀναπτήσετιιι</span> <span class='ocrx_word' id='word_1_302' title='bbox 682 4255 706 4291; x_wconf 79' lang='lat' dir='ltr'>a.</span> <span class='ocrx_word' id='word_1_303' title='bbox 801 4251 841 4308; x_wconf 78' lang='lat'>17.</span> <span class='ocrx_word' id='word_1_304' title='bbox 861 4239 939 4306; x_wconf 80' lang='grc' dir='ltr'>αὐτὴν</span> <span class='ocrx_word' id='word_1_305' title='bbox 966 4239 1029 4291; x_wconf 78' lang='grc' dir='ltr'>αὐτὸ</span> <span class='ocrx_word' id='word_1_306' title='bbox 1042 4236 1124 4292; x_wconf 77' lang='lat' dir='ltr'><strong>cord.</strong></span> <span class='ocrx_word' id='word_1_307' title='bbox 1137 4239 1204 4292; x_wconf 71' lang='grc' dir='ltr'>οὔτ’</span> <span class='ocrx_word' id='word_1_308' title='bbox 1219 4240 1260 4292; x_wconf 91' lang='lat' dir='ltr'>vel</span> <span class='ocrx_word' id='word_1_309' title='bbox 1272 4238 1335 4291; x_wconf 83' lang='grc' dir='ltr'>αῦτῦ</span> <span class='ocrx_word' id='word_1_310' title='bbox 1348 4238 1385 4292; x_wconf 87' lang='grc' dir='ltr'>Β.</span> <span class='ocrx_word' id='word_1_311' title='bbox 1436 4240 1459 4294; x_wconf 80' lang='grc' dir='ltr'>εί</span> 
     </span>
     <span class='ocr_line' id='line_1_34' title="bbox 255 4261 1458 4432; baseline 0.002 -72"><span class='ocrx_word' id='word_1_312' title='bbox 255 4309 296 4360; x_wconf 81' lang='grc' dir='ltr'>καὶ</span> <span class='ocrx_word' id='word_1_313' title='bbox 310 4309 414 4361; x_wconf 84' lang='lat' dir='ltr'>inverso</span> <span class='ocrx_word' id='word_1_314' title='bbox 426 4307 519 4360; x_wconf 82' lang='lat' dir='ltr'>ordine</span> <span class='ocrx_word' id='word_1_315' title='bbox 532 4306 614 4361; x_wconf 86' lang='lat' dir='ltr'><strong>Cord.</strong></span> <span class='ocrx_word' id='word_1_316' title='bbox 690 4326 729 4378; x_wconf 88' lang='lat'>19.</span> <span class='ocrx_word' id='word_1_317' title='bbox 749 4308 915 4432; x_wconf 63' lang='lat' dir='ltr'>dnmekiosad]</span> <span class='ocrx_word' id='word_1_318' title='bbox 929 4309 1056 4377; x_wconf 74' lang='grc' dir='ltr'>ἀναδείξει</span> <span class='ocrx_word' id='word_1_319' title='bbox 1070 4307 1141 4364; x_wconf 82' lang='lat' dir='ltr'><strong>catt.</strong></span> <span class='ocrx_word' id='word_1_320' title='bbox 1182 4261 1404 4378; x_wconf 57' lang='lat' dir='ltr'><strong>§tatimxbpro</strong></span> <span class='ocrx_word' id='word_1_321' title='bbox 1417 4309 1458 4364; x_wconf 79' lang='grc' dir='ltr'>καὶ</span> 
     </span>
     <span class='ocr_line' id='line_1_35' title="bbox 255 4377 1457 4450; baseline 0.002 -21"><span class='ocrx_word' id='word_1_322' title='bbox 255 4378 278 4429; x_wconf 82' lang='grc' dir='ltr'>εἶ</span> <span class='ocrx_word' id='word_1_323' title='bbox 291 4377 373 4431; x_wconf 81' lang='lat' dir='ltr'><strong>Cord.</strong></span> <span class='ocrx_word' id='word_1_324' title='bbox 453 4394 495 4446; x_wconf 73' lang='lat'>23.</span> <span class='ocrx_word' id='word_1_325' title='bbox 514 4400 596 4432; x_wconf 89' lang='grc' dir='ltr'>παντο</span> <span class='ocrx_word' id='word_1_326' title='bbox 616 4379 734 4446; x_wconf 79' lang='grc' dir='ltr'>ήέιιντὸν</span> <span class='ocrx_word' id='word_1_327' title='bbox 746 4379 850 4433; x_wconf 79' lang='lat' dir='ltr'>inverso</span> <span class='ocrx_word' id='word_1_328' title='bbox 862 4397 893 4433; x_wconf 85' lang='lat' dir='ltr'>or</span> <span class='ocrx_word' id='word_1_329' title='bbox 912 4381 955 4433; x_wconf 84' lang='lat' dir='ltr'>ine</span> <span class='ocrx_word' id='word_1_330' title='bbox 970 4380 1000 4433; x_wconf 92' lang='grc' dir='ltr'>Β.</span> <span class='ocrx_word' id='word_1_331' title='bbox 1049 4383 1182 4450; x_wconf 83' lang='grc' dir='ltr'>πανταχοῦ</span> <span class='ocrx_word' id='word_1_332' title='bbox 1195 4379 1265 4433; x_wconf 78' lang='lat' dir='ltr'><strong>Catt.</strong></span> <span class='ocrx_word' id='word_1_333' title='bbox 1348 4394 1395 4449; x_wconf 83' lang='lat'>25.</span> <span class='ocrx_word' id='word_1_334' title='bbox 1415 4379 1457 4450; x_wconf 88' lang='grc' dir='ltr'>ἐκ]</span> 
     </span>
     <span class='ocr_line' id='line_1_36' title="bbox 258 4446 1459 4522; baseline 0.001 -19"><span class='ocrx_word' id='word_1_335' title='bbox 258 4453 285 4508; x_wconf 81' lang='lat'>†</span> <span class='ocrx_word' id='word_1_336' title='bbox 303 4448 348 4514; x_wconf 83' lang='grc' dir='ltr'>τῆς</span> <span class='ocrx_word' id='word_1_337' title='bbox 359 4465 383 4501; x_wconf 84' lang='lat' dir='ltr'>a.</span> <span class='ocrx_word' id='word_1_338' title='bbox 454 4446 505 4516; x_wconf 84' lang='grc' dir='ltr'>ἔτι]</span> <span class='ocrx_word' id='word_1_339' title='bbox 520 4449 571 4501; x_wconf 79' lang='grc' dir='ltr'>ἐκεῖ</span> <span class='ocrx_word' id='word_1_340' title='bbox 608 4447 666 4502; x_wconf 88' lang='lat' dir='ltr'>ord.</span> <span class='ocrx_word' id='word_1_341' title='bbox 717 4448 812 4504; x_wconf 76' lang='lat' dir='ltr'><strong>Statim</strong></span> <span class='ocrx_word' id='word_1_342' title='bbox 825 4450 865 4504; x_wconf 81' lang='grc' dir='ltr'>καὶ</span> <span class='ocrx_word' id='word_1_343' title='bbox 879 4468 932 4504; x_wconf 90' lang='lat' dir='ltr'>om.</span> <span class='ocrx_word' id='word_1_344' title='bbox 947 4449 979 4503; x_wconf 88' lang='lat' dir='ltr'>B.</span> <span class='ocrx_word' id='word_1_345' title='bbox 994 4449 1065 4506; x_wconf 80' lang='lat' dir='ltr'><strong>eatt.</strong></span> <span class='ocrx_word' id='word_1_346' title='bbox 1216 4449 1259 4504; x_wconf 84' lang='lat'>2⁶.</span> <span class='ocrx_word' id='word_1_347' title='bbox 1278 4447 1328 4521; x_wconf 79' lang='grc' dir='ltr'>εἷς]</span> <span class='ocrx_word' id='word_1_348' title='bbox 1341 4453 1412 4522; x_wconf 83' lang='grc' dir='ltr'>πρὸς</span> <span class='ocrx_word' id='word_1_349' title='bbox 1426 4449 1459 4505; x_wconf 87' lang='grc' dir='ltr'>Β.</span> 
     </span>
     <span class='ocr_line' id='line_1_37' title="bbox 256 4516 1258 4591; baseline 0.009 -23"><span class='ocrx_word' id='word_1_350' title='bbox 256 4516 354 4572; x_wconf 73' lang='lat' dir='ltr'><strong>statim</strong></span> <span class='ocrx_word' id='word_1_351' title='bbox 365 4518 411 4587; x_wconf 83' lang='grc' dir='ltr'>τήν</span> <span class='ocrx_word' id='word_1_352' title='bbox 422 4516 485 4574; x_wconf 76' lang='lat' dir='ltr'><strong>add.</strong></span> <span class='ocrx_word' id='word_1_353' title='bbox 499 4518 531 4574; x_wconf 91' lang='lat' dir='ltr'>B.</span> <span class='ocrx_word' id='word_1_354' title='bbox 545 4518 627 4574; x_wconf 87' lang='lat' dir='ltr'><strong>Cord.</strong></span> <span class='ocrx_word' id='word_1_355' title='bbox 640 4519 722 4574; x_wconf 82' lang='lat' dir='ltr'>invito</span> <span class='ocrx_word' id='word_1_356' title='bbox 735 4537 758 4574; x_wconf 84' lang='lat' dir='ltr'>a.</span> <span class='ocrx_word' id='word_1_357' title='bbox 866 4535 909 4591; x_wconf 69' lang='grc' dir='ltr'>ογ.</span> <span class='ocrx_word' id='word_1_358' title='bbox 928 4522 1052 4591; x_wconf 83' lang='grc' dir='ltr'>Χριστὸς]</span> <span class='ocrx_word' id='word_1_359' title='bbox 1067 4524 1081 4574; x_wconf 81' lang='grc' dir='ltr'><strong>ὁ</strong></span> <span class='ocrx_word' id='word_1_360' title='bbox 1094 4522 1209 4591; x_wconf 82' lang='grc' dir='ltr'>Χριστὸς</span> <span class='ocrx_word' id='word_1_361' title='bbox 1222 4521 1258 4577; x_wconf 83' lang='lat' dir='ltr'>D.</span> 
     </span>
    </p>
   </div>
   <div class='ocr_carea' id='block_1_6' title="bbox 0 0 1525 5018">
    <p class='ocr_par' dir='ltr' id='par_1_6' title="bbox 0 0 1525 5018">
     <span class='ocr_line' id='line_1_38' title="bbox 0 0 1525 5018; baseline 0 0"><span class='ocrx_word' id='word_1_362' title='bbox 0 0 1525 5018; x_wconf 95' lang='lat' dir='ltr'> </span> 
     </span>
    </p>
   </div>
  </div>
 </body>
</html>
