3038 5018
81 296 124 363 vi.
136 312 190 382 57.
250 297 307 364 IN
337 297 371 365 S.
394 299 647 368 JOANNEM.
692 301 788 367 LIB.
811 300 872 367 IV.
918 301 1019 367 CAP.
1044 299 1111 367 III.
1212 303 1276 366 539

83 473 104 512 “
122 465 265 549 αύτύς.”
303 463 495 551 ἀποδιδοὺς
522 468 642 550 τοίνυν
666 471 712 574 τῇ
740 467 922 574 οἰκονομίᾳ
948 472 994 572 τῇ
1021 465 1111 564 μετὰ
1138 463 1306 568 σαρκὸςο

81 586 124 669 τὸ
141 589 290 692 πρέτον,
309 590 570 699 ἀνατίθησιτῷ
588 596 672 700 Θεῷ
692 595 751 673 καὶ
770 595 890 695 Πατρῖ
907 589 954 670 τὰ
972 590 1060 694 ὑπὲρ
1084 589 1276 691 ἀνθρώπων

82 711 244 814 δύναμιν.
292 711 335 794 τῦ
363 711 435 817 γάρ
464 715 586 796 κτίσαι
615 712 702 797 ναῦν
729 718 767 796 ἐν
795 715 960 826 παρθένῳ
991 713 1058 815 τὴν
1086 714 1276 818 ἀνθρώπου

82 837 231 938 δύναμιν
257 838 460 946 ἐξάλλεται.

50 983 69 1042 5
137 963 246 1043 Ἀλλ’
265 966 340 1067 ἐρεῖ
359 962 450 1068 πρὸς
474 974 588 1046 ταῦτα
613 963 727 1046 πύλιν
746 966 767 1045 ὁ
789 966 832 1045 δι’
852 965 1012 1048 ἐναντίας
1032 966 1105 1043 Καὶ
1128 969 1207 1047 πῶς
1232 959 1277 1042 ἀν

81 1085 209 1190 ἐτέρως
235 1085 278 1167 τὸ
305 1089 345 1169 τί
368 1087 461 1169 κατά
487 1089 602 1195 φύσιν
624 1091 725 1169 ἐστὶν
745 1086 969 1197 ἐξεκάλνψεν
990 1088 1011 1167 ὁ
1033 1083 1172 1187 Υῖάς,ἢ
1200 1091 1277 1170 πῶς

83 1207 129 1291 ἀν
151 1209 260 1319 ἔδειξε
287 1219 420 1321 σαφῶς
446 1215 502 1294 ὅτι
528 1214 656 1317 μείζων
677 1215 816 1295 ἐστὶνό
841 1209 982 1314 Πατὴρ,
999 1216 1029 1291 εί
1054 1210 1105 1311 μὴ
1129 1208 1189 1290 διά
1212 1217 1277 1290 τοῦ

83 1335 202 1439 λέγειν
230 1336 285 1417 ὅτι
318 1337 366 1446 ζιῖ
398 1333 457 1419 &aa
489 1339 541 1420 τὶν
569 1337 736 1446 Πατέρα,
779 1344 809 1419 εῖ
839 1335 911 1440 γάρ
942 1332 1098 1441 χορηγός
1129 1335 1277 1415 ἐστινὸ

85 1457 216 1563 Πατὴρ
247 1466 300 1569 τῷ
336 1466 414 1570 m
445 1467 510 1564 τῆς
546 1461 647 1565 ζωῆς,
678 1464 733 1547 τίς
768 1467 816 1550 είς
852 1461 1036 1562 τοσαύτην
1065 1461 1278 1562 ἀβελτερίαν

32 1619 71 1660 10
84 1583 210 1664 ἐλάσει
233 1583 374 1683 λοιπὸν,
393 1588 442 1670 ὦς
468 1582 519 1685 μὴ
545 1584 690 1671 πάντως
713 1587 843 1669 ἐννοεῖν
865 1584 920 1667 ὅτι
945 1583 988 1666 τὸ
1012 1583 1165 1689 μέτοχον
1187 1584 1312 1686 ζωῆςᾶ

84 1709 126 1787 οῦ
158 1707 289 1789 τοῦτὸν
317 1709 420 1790 ἐσται
452 1708 544 1790 κατά
576 1711 691 1816 φύσιν
720 1716 766 1818 τῇ
798 1709 880 1819 ζωῇ,
906 1708 985 1811 ἤτοι
1014 1712 1067 1819 τῷ
1097 1709 1278 1814 ζωοποιεῖν

85 1829 271 1936 ἱσχύοντις

143 1955 245 2060 Πρὸς
263 1956 308 2059 δὴ
326 1956 546 2057 τὰτοιαῦτα,
565 1962 624 2039 καὶ
641 1960 742 2058 ἡμεῖς
763 1958 828 2040 τὸν
844 1963 909 2062 τῆς
933 1960 1103 2060 ἀληθείας
1127 1956 1276 2064 ἀντεξά-

85 2115 212 2182 γοντες
230 2081 355 2184 λόγον,
372 2084 521 2186 ἐροῦμεν
538 2083 707 2187 εὐκαίρως
725 2094 746 2131 “
761 2084 810 2162 Ὁ
828 2081 947 2188 μωρὸς
970 2081 1074 2185 μωρά
1102 2081 1276 2181 λαλήσει,
1324 2075 1402 2190 giss.
1415 2138 1439 2190 ⁶·

35 2231 73 2294 15
86 2215 107 2252 “
126 2207 185 2284 καὶ
211 2206 234 2307 ἡ
259 2208 386 2310 καρδία
410 2208 519 2288 αύτοῦ
542 2206 678 2307 μάταια
702 2203 836 2307 νοήσει,
861 2215 926 2287 τοῦ
948 2213 1136 2287 συντελεῖν
1162 2205 1279 2306 ἀνομα

86 2338 108 2378 “
126 2333 185 2409 καὶ
212 2337 340 2410 λαλεῖν
366 2331 458 2435 πρὸς
487 2331 622 2436 Κύριον
649 2329 867 2431 πλάνησιν.”
903 2330 942 2411 τί
969 2328 1041 2433 γάρ
1070 2330 1116 2411 ἂν
1143 2329 1280 2432 γε’νοιτο

85 2458 150 2554 τῆς
167 2455 332 2556 τοιαύτης
349 2460 423 2536 τῶν
440 2461 624 2559 αἱρετικῶν
640 2457 776 2542 ἐννοίας
793 2452 835 2535 τὸ
854 2454 1174 2560 παρανομούτερονς
1202 2459 1280 2537 ταῖς

86 2578 124 2660 δέ
157 2581 221 2659 ούκ
253 2578 392 2685 ἐσχάτη
423 2579 607 2680 πλοίνησις
640 2588 804 2660 λαλεῖται
835 2581 919 2683 παρ’
948 2579 1067 2660 αύτῶν
1093 2575 1185 2658 κοτά
1216 2584 1280 2657 τοῦ

85 2702 206 2782 πάντα
231 2703 489 2807 ζωογονοῦντος
507 2709 682 2807 Χριστοῦ,
701 2703 761 2784 ὅτε
785 2703 904 2805 λέγειν
925 2705 990 2783 οῦκ
1012 2705 1224 2806 ἐροθριῶσιν
1246 2705 1308 2781 οἷο

35 2863 75 2904 ιο
87 2827 437 2932 παραφρονέστοτοι,
455 2826 522 2931 ζῆν
542 2825 651 2907 αὐτὸν
669 2831 733 2926 τῆς
757 2825 841 2928 παρ’
862 2826 981 2930 ἐτέρου
1005 2828 1158 2933 με’τοχον
1175 2826 1278 2930 ζωῆς,

87 2948 249 3053 καθάπερ
273 2949 320 3030 τά
345 2952 387 3030 δι’
408 2952 517 3031 αῦτοῦ
543 2950 744 3054 γεγονότα,
776 2948 831 3054 ἀρ’
852 2951 916 3030 οῦν
941 2951 1044 3031 ἔσται
1069 2948 1199 3031 λοιπὸν
1223 2953 1282 3029 καὶ

87 3075 177 3182 ζῷον
195 3075 279 3174 ἡμῖν
301 3072 444 3174 Hibe,
462 3073 526 3156 ὅτε
553 3073 597 3175 δὴ
626 3078 684 3156 καὶ
710 3073 800 3177 ζωῆς
828 3074 991 3180 ῦτάρχον
1014 3075 1175 3180 μέτοχος,
1194 3074 1280 3154 ἀλλ’

87 3200 151 3280 ούκ
178 3195 266 3278 αύτὸ
294 3197 385 3278 κατά
412 3199 528 3306 φύσιν
555 3198 626 3305 ζωή
638 3232 649 3297 3
680 3197 722 3279 τὸ
750 3196 822 3301 γάρ
850 3194 941 3308 ζῷον
967 3198 1088 3302 ἕτερον
1114 3194 1202 3278 εἶναι
1230 3202 1288 3278 δεῖ

86 3321 231 3407 πάντως
261 3322 362 3427 παρὰ
389 3321 455 3422 τὴν
484 3324 599 3404 οὖσαν
627 3326 666 3403 ἐν
694 3327 791 3432 αύτῷ
821 3321 923 3426 ζωήν.
971 3327 1001 3403 εί
1031 3321 1070 3403 δέ
1098 3322 1282 3425 νομίζουσι

36 3446 219 3539 ι5ταύτὸν
245 3443 333 3529 εἶναι
360 3447 547 3546 δύνασθαι,
573 3448 739 3550 λεγέσθω
765 3454 839 3528 πᾶν
866 3447 957 3554 ζῷον
983 3444 1067 3551 ζωή·
1103 3449 1187 3527 ἀλλ’
1217 3447 1282 3526 ούκ

86 3569 132 3652 ἀν
159 3569 261 3672 οἶμαί
286 3606 340 3656 τις
368 3573 462 3653 ούτω
491 3570 642 3672 ποιήσαι
670 3576 883 3678 σωφρονῶν·
922 3572 1051 3652 οῦκοῦν
1077 3569 1159 3651 ούδέ
1191 3570 1283 3678 ζῷον

87 3698 171 3797 ἡμῖν
193 3698 213 3777 ὁ
238 3695 460 3800 Μονογενὴς,
477 3694 578 3775 ἀλλὰ
603 3693 673 3798 ζωὴ
698 3693 790 3776 κατὰ
815 3693 929 3801 φύσιν
948 3693 1173 3795 νοηθήσεται.
1205 3701 1283 3779 πῶς

87 3820 160 3923 γὰρ
177 3818 222 3901 ἀν
240 3823 299 3901 καὶ
316 3820 516 3922 ἀληθεύσαι
534 3820 653 3924 λέγων
670 3830 692 3867 “
710 3819 810 3922 Ἐγώ
832 3824 902 3920 εῖμι
919 3820 942 3919 ἦ
961 3818 1164 3901 ἀνάστασις
1182 3820 1241 3896 καὶ
1259 3817 1310 3916 ἡι
1330 3842 1449 3932 8684.

88 3954 111 3992 “
129 3944 199 4048 ζωή
211 3945 245 4042 ;”
275 3942 346 4046 ζωὴ
370 3942 443 4047 γάρ
467 3945 546 4023 ἐστι
564 3943 607 4024 τῦ
626 3944 836 4049 ζωογονοῦν,
856 3945 899 4024 ού
916 3941 959 4025 τὸ
976 3946 1040 4042 τῆς
1058 3942 1143 4045 παρ’
1162 3942 1282 4044 ἐτέρου
1326 3917 1397 4046 {m
1407 3933 1441 3968 ¹¹‘

35 4106 74 4164 30
87 4069 178 4173 ζωῆς
212 4066 356 4166 ἐπιδεές,
390 4065 513 4173 ὥσπερ
554 4067 618 4147 οὖν
652 4065 779 4168 ἀμέλει
819 4071 877 4148 καὶ
915 4068 1033 4171 σοφία
1072 4073 1202 4147 νοεῖται
1239 4064 1282 4146 τὸ

125 4333 148 4372 1.
166 4313 255 4388 αὐτός]
269 4315 349 4369 αὐτοῦ
362 4313 405 4382 Β,
417 4312 464 4369 τοῦ
476 4312 511 4369 cs.
524 4330 557 4369 ια
576 4330 607 4369 τι
619 4313 671 4401 2ηὸ
682 4330 705 4367 ο.
718 4314 746 4366 in
758 4312 796 4366 xii
809 4309 908 4382 Proph.
921 4310 973 4382 687
982 4328 1007 4367 ο.
1158 4323 1184 4379 5.
1202 4311 1283 4367 πόλιν

87 4405 142 4442 om.
156 4387 189 4442 B.
299 4401 341 4441 10.
360 4382 527 4456 τῦμέτοχον]
540 4331 693 4454 τάριτεχον
706 4383 816 4451 1).Μέ
834 4405 869 4437 ων
883 4382 915 4438 Β.
1032 4397 1074 4436 11.
1092 4381 1167 4437 ἔσται
1179 4399 1234 4437 om.
1248 4381 1281 4437 Β.

90 4471 132 4527 15.
150 4455 210 4528 τοῦ]
223 4457 254 4511 τὸ
267 4456 300 4511 Β.
408 4471 451 4512 20.
468 4456 581 4527 μέτοχον
593 4454 626 4512 Β.
638 4454 779 4525 μετέχοντα
792 4406 843 4509 ER.
960 4468 1002 4524 23.
1020 4449 1084 4508 εἶναι
1096 4451 1148 4524 δεῖ]
1161 4454 1236 4510 ἐστιν
1248 4452 1281 4510 Β.

88 4542 131 4599 25·
149 4526 255 4599 τοῦτὸν]
268 4529 360 4583 τοῦτον
372 4525 405 4581 Β.

640 4626 726 4693 322
