3038 5018
234 283 299 349 372
539 291 578 354 B.
601 290 809 355 CYRILLI
839 289 1130 355 ALEXANDR.
1270 307 1301 349 v.
1314 285 1437 370 36,37·

234 448 428 545 ἧθῖλίσῶτε,
448 453 549 533 ἀλλά
577 456 657 562 πρὶς
684 455 798 555 μόνην
823 454 916 559 ἀραι,
936 453 1099 535 τουτέστι
1122 453 1212 554 πρὸς
1238 448 1439 552 ὀλιγοστὸν

235 579 363 675 κομιδῆ
386 576 450 656 τὸν
468 576 600 682 καιρόν.
638 581 677 658 ἐν
694 583 789 684 ἀρχῇ
814 576 885 682 γὰρ
903 576 1154 677 θαυμάσαντες
1177 572 1439 670 κατεσβεσατε,

236 698 279 778 τῦ
309 698 399 780 ὅσον
425 703 481 808 ἐφ’
505 702 648 799 ἑαυτοῖς,
674 709 737 782 τοῦ
768 702 903 807 λύχνου
933 700 976 782 τὸ
1007 708 1095 808 φῶς,
1124 699 1341 802 ἀλογιύτατα
1371 693 1440 794 μὲν

204 824 515 924 ι)ε’ττισκήτττοντες
536 831 588 934 τῷ
611 824 733 907 θεόθεν
755 827 1030 934 ἀπεσταλμένον,
1050 829 1107 905 καῖ
1133 826 1174 904 ού
1201 821 1313 921 μόνον
1336 821 1440 900 αῦτοὶ

236 944 280 1028 τῦ
297 947 533 1050 βαπτίζεσθαι
554 951 836 1052 παραιτούμενοι,
854 949 954 1029 ἀλλά
984 953 1043 1030 καὶ
1069 957 1133 1030 τοῦ
1160 946 1344 1049 βαπτίζειν
1364 943 1474 1029 ἑτὲὅ

236 1105 321 1174 ρους
345 1071 624 1158 ἀποκωλύοντες·
665 1076 901 1155 ἀπεστείλατε
926 1073 998 1177 γὰρ
1021 1073 1112 1176 πρὸς
1137 1071 1246 1152 αὐτὸν
1270 1071 1440 1172 λέγοντες

68 1265 76 1278 .
130 1299 137 1313 ι
238 1205 261 1242 “
278 1197 330 1276 Τί
345 1196 408 1276 οῦν
424 1195 607 1299 βαπτίζεις
620 1200 651 1293 ;”
680 1196 843 1278 τουτεῖττι
866 1199 904 1277 τί
926 1195 1087 1302 φωτίζεις
1105 1202 1153 1278 εῖς
1171 1193 1361 1294 μετάνοιαν
1379 1196 1441 1272 καὶ

236 1319 432 1422 ε’πίγνωσιν
452 1329 516 1401 τοῦ
535 1326 724 1425 Χριστοῦ;
757 1323 883 1402 οὐκοῦν
908 1323 1068 1421 εύηθείας
1090 1321 1165 1420 ἅμα
1192 1323 1251 1399 καῖ
1279 1351 1441 1421 παρανο-

237 1445 320 1541 μίας
337 1444 507 1547 ε’πήνεγκε
527 1443 673 1551 γραφὴν
691 1451 765 1530 τοῖς
790 1444 952 1545 ἀνοήτοις
970 1451 1223 1546 γραμματεῦσι
1240 1446 1298 1522 καῖ
1318 1446 1438 1544 Φαμι·

237 1567 365 1666 σαίοις,
379 1576 455 1653 ταῖς
472 1567 639 1651 Ἰωάννου
656 1569 770 1649 πάλιν
783 1568 1084 1674 ἐπαγωνιζόμενος
1101 1575 1238 1674 φωναῖς
1258 1565 1439 1668 ὁΣασύρ
1460 1597 1499 1638 10

239 1689 328 1794 ὅπερ
346 1689 443 1790 οἶμαι
460 1696 591 1790 συνεὶς,
611 1692 745 1795 ἀριστά
761 1727 800 1773 τε
819 1692 1011 1799 διειληφὼς
1029 1696 1087 1772 καὶ
1107 1694 1127 1772 ὁ
1146 1691 1317 1793 μακάριος
1336 1695 1440 1769 Λου-

69 1831 165 1911 sam
208 1821 304 1900 οκᾶς
323 1819 385 1915 τῆς
403 1815 542 1896 ἐκείνων
556 1818 724 1900 ἀπονοίας
743 1819 906 1925 καταβοᾷ
930 1817 1047 1920 λέγων
1066 1828 1088 1864 “
1108 1819 1181 1895 Καὶ
1202 1821 1274 1899 πᾶς
1301 1815 1321 1893 ὁ
1349 1810 1445 1898 λαὸς

70 1913 113 2026 ξύ.
124 1911 163 1964 ²⁹¹
241 1949 263 1986 ‘⁶
281 1939 460 2024 ἀκούσας”
479 1948 552 2021 τῶν
570 1950 635 2021 τοῦ
653 1945 821 2044 Σωτῆρος
837 1940 1007 2045 ῥημάτων
1025 1937 1178 2040 δηλαδὴ,
1194 1950 1216 1987 ‘⁶
1226 1939 1445 2019 ἐδικαίωσαν

240 2075 262 2113 “
279 2062 344 2144 τὸν
376 2063 481 2162 Θεὸν,
512 2065 772 2160 βαπτισθέντες
803 2063 845 2145 τὸ
876 2064 1070 2163 βάπτισμα
1102 2063 1282 2145 Ἰωάννου.
1334 2066 1369 2142 οῖ
1400 2061 1444 2142 δὲ

238 2201 260 2234 “
280 2193 471 2292 Φαρισαῖοι
496 2192 555 2268 καὶ
579 2194 613 2268 οῖ
638 2192 774 2285 νομικοὶ
798 2187 863 2287 τὴν
889 2187 1029 2287 βουλὴν
1053 2195 1117 2267 τοῦ
1135 2192 1232 2267 Θεοῦ
1258 2185 1445 2287 ἠθέτησαν
1462 2220 1500 2281 15

238 2323 260 2359 ‘⁶
278 2315 316 2392 ἐν
334 2315 481 2409 ἑαυτοῖς,
503 2311 552 2412 μὴ
570 2313 830 2407 βαπτισθέντες
849 2313 906 2392 ὑπ’
926 2312 1066 2394 αύτοῦ.”

188 2503 327 2588 36Ἐτὼ
354 2505 388 2570 δὲ
417 2505 483 2590 ἔχω
509 2505 569 2569 τιὶν
595 2504 775 2592 μαρτυρίαν
802 2504 899 2594 μείζω
925 2509 982 2570 τοῦ
1007 2506 1175 2570 Ἰωάννου·
1203 2504 1243 2569 τὰ
1273 2502 1332 2591 τὰρ
1359 2502 1446 2591 ἔρτα

291 2632 311 2694 ἆ
340 2629 465 2695 δέδωκέ
492 2653 547 2706 μοι
576 2631 594 2697 ὁ
625 2630 739 2718 Πατήρ
768 2630 820 2695 ἵνα
852 2628 1021 2696 τελειώσω
1052 2631 1145 2710 αὐτὰ,
1176 2630 1257 2694 αὐτὰ
1288 2629 1328 2694 τά
1360 2629 1446 2716 ἔρτα

204 2755 227 2819 d
291 2757 311 2822 ἀ
348 2757 444 2836 ττοιὼ,
472 2753 629 2844 μαρτυρεῖ
664 2756 739 2844 περὶ
774 2756 853 2832 ἐμοῦ
883 2758 934 2822 ὅτι
969 2757 987 2822 ὁ
1018 2757 1132 2845 Πατήρ
1167 2779 1208 2832 με
1243 2755 1447 2820 ἀπέσταλκε.

189 2897 226 2960 37
292 2880 345 2947 καὶ
373 2884 390 2948 ὁ
417 2881 549 2960 πέμψαι
576 2905 616 2958 με
642 2881 766 2970 Πατὴρ,
794 2881 891 2948 αὺτόο
917 2884 1145 2970 μεμαρτύρηκε
1172 2881 1247 2969 περὶ
1273 2880 1365 2956 ἐμοῦ.
1463 2897 1503 2938 20

298 3034 343 3109 Εῖ
373 3033 432 3109 καῖ
462 3031 594 3135 λύχνος
623 3028 668 3130 ἦν
694 3031 833 3128 ἐκεῖνος,
860 3035 965 3136 φησὶ,
988 3033 1046 3110 καὶ
1075 3028 1134 3109 διὰ
1164 3034 1319 3130 νομικιῦν
1346 3062 1444 3109 συν-

239 3152 434 3255 ταγμάτων
452 3151 760 3260 ζωγραφούμενος,
789 3157 847 3233 καὶ
876 3153 934 3233 διὰ
959 3157 1081 3260 φωνῆς
1108 3160 1182 3234 τῶν
1208 3154 1321 3255 ἁγίων
1345 3186 1444 3255 προ·

241 3282 368 3381 φητιῦν
384 3276 648 3381 προβοιύμενος,
667 3280 715 3363 ὦς
733 3276 1032 3382 ἀναδειχθησεταί
1048 3312 1135 3358 ποτε
1160 3287 1224 3358 τοῦ
1247 3274 1323 3356 κατ’
1343 3276 1445 3378 ἀλή-

241 3404 339 3479 θειαν
367 3399 662 3502 προαναλιίμπων
691 3398 821 3509 φωτὸς,
854 3405 912 3480 καὶ
941 3400 1172 3503 διαγγέλλων
1199 3402 1237 3480 ἐν
1265 3401 1359 3498 ὑμῖν,
1388 3399 1445 3480 ὅτι

240 3519 415 3626 προσήκει
438 3522 504 3623 τὴν
526 3523 610 3603 ὁδὸν
631 3525 779 3628 εὐτρεπῆ
805 3532 985 3606 ποιεῖσθαι
1011 3535 1075 3606 τοῦ
1096 3526 1231 3628 Κυρίου
1255 3527 1315 3605 καὶ
1333 3527 1444 3605 θεοῦ·
1462 3555 1502 3616 ²5

213 3647 328 3726 τεάλλ’
366 3648 507 3751 ἐπείπερ
545 3650 626 3746 ῦμῖν
663 3650 726 3728 οιῖκ
769 3647 982 3755 ἀξιόπιστος
1025 3651 1114 3734 ’ίσως
1155 3653 1290 3753 ὁρᾶται,
1328 3649 1446 3729 καίτοι

236 3779 416 3854 ,τοσοῦτος
442 3769 611 3876 ύττοῖρχων
634 3774 670 3852 ἐν
695 3775 814 3878 ἀρετῇ,
833 3772 892 3853 διά
913 3773 979 3874 τὴν
997 3776 1151 3854 ε’νοῦσαν
1170 3777 1250 3871 ῦμῖν
1268 3771 1448 3878 ἀχάλινόν

242 3929 280 3974 τε
299 3897 357 3974 καῖ
380 3893 628 3996 ε’κτοπωτοῖτην
646 3897 828 3994 ἀπόνοιαν,
847 3901 905 3978 ε’πὶ
928 3897 971 3978 τὸ
995 3899 1113 4003 μεῖζον
1130 3898 1198 3999 ἤδη
1223 3902 1339 4002 χωριῦ,
1357 3899 1446 3978 καθ’

244 4017 286 4097 οὗ
311 4016 402 4098 κατά
429 4018 471 4099 τὸ
496 4019 587 4102 εῖκῖις
614 4023 720 4123 ε’ρεῖτε
748 4018 860 4101 πάλιν
878 4020 989 4118 οὐδὲν,
1007 4021 1094 4101 aim}
1120 4025 1185 4120 τῆς
1209 4022 1380 4119 ἀληθείας
1402 4021 1449 4101 τὸ

244 4141 381 4228 κάλλος
408 4147 465 4223 καῖ
494 4142 592 4247 παρά
619 4144 800 4244 βούλησιν
828 4143 893 4244 την
920 4146 1055 4226 ἑαυτῶν
1083 4144 1362 4244 δυσωπούμενοι.
1403 4147 1450 4226 ού
1465 4173 1507 4230 30

282 4330 304 4366 1.
324 4312 464 4383 ὀλιγοστὸν
480 4313 512 4366 B.
525 4312 660 4395 ὀλίγιστον
673 4313 708 4367 D.
721 4312 876 4393 ὀλίγονιΕά.
972 4333 998 4381 4.
1018 4304 1215 4371 ε’πισκῖῖττοντες
1224 4313 1257 4369 Β.
1322 4331 1349 4384 9.
1363 4322 1449 4384 Φαρι-

243 4382 329 4440 σαίοις
341 4393 367 4436 et
378 4387 556 4453 γραμματεῦσι
568 4393 636 4438 luter
648 4402 677 4437 se
688 4390 840 4453 transpomt
855 4382 886 4437 Β.
1146 4386 1186 4439 18.
1205 4386 1269 4440 αῦτά
1281 4386 1327 4440 alt.
1340 4403 1396 4441 om.
1411 4385 1450 4443 B.

246 4468 277 4480 ··
305 4453 379 4578 ι’στιρ
392 4471 439 4522 pro
452 4452 496 4577 ἦνΒ
495 4453 527 4507 ss.
576 4455 784 4525 συγγραμμάτων
797 4453 829 4508 Β.
976 4468 1019 4525 25.
1037 4455 1151 4526 εὐπρεπῆ
1164 4456 1201 4512 Ι).
1338 4472 1384 4527 30.
1404 4460 1451 4513 καὶ

338 4540 356 4577 ὓ
368 4541 415 4578 um
426 4542 460 4578 θΧ
500 4564 506 4577 .
