3038 5018
96 305 217 394 vii.30.
293 305 347 371 IN
381 308 696 373 8.JOANNEM.
743 308 896 373 ΜΒΝ.
941 308 1095 374 CARI.
1231 307 1294 370 663

96 477 144 558 εἰς
171 474 302 556 θυσίαν
329 482 380 584 τῷ
409 481 506 584 Θεῷ.
546 476 601 557 ὅτι
629 476 666 557 δὲ
694 477 905 584 πλεονεξίας
933 475 1080 575 ἀπάσης
1108 479 1171 574 τῆς
1195 471 1296 575 παρά

95 630 203 678 τινων
221 599 408 703 ἐλευθέραν
427 602 565 706 ἐδέχετο
582 599 648 702 τὴν
667 600 755 704 ὑπὲρ
774 599 943 681 ἁπάντων
961 598 1124 706 σφαγὴν,
1144 600 1296 698 διαγνω-

95 719 237 819 σόμεθα
267 723 382 804 πάλιν
412 724 500 805 ὅταν
529 728 567 806 ἐν
596 731 761 832 φαλμοῖς
792 724 976 824 ἀκούωμεν
1005 725 1176 826 λέγοντος
1204 719 1295 824 πρὸς

97 842 193 925 Θεῦν
217 850 274 926 καὶ
302 847 448 951 Πατέρα
467 859 489 896 “
503 851 648 930 θυσίαν
670 853 727 930 καὶ
754 847 976 954 προσφορὰν
1001 849 1066 927 οὑκ
1094 844 1291 946 ἠθέλησας,
1305 895 1323 938 0
1337 842 1426 959 fain.

64 981 120 1048 5⁴⁴
137 978 248 1070 σῶμα
266 970 305 1051 δὲ
323 974 529 1076 κατηρτίσω
548 1001 618 1073 μοι·
643 974 926 1073 ὁλοκαυτώματα
944 975 1101 1074 καὶπερὶ
1119 968 1294 1072 ἁμαρτίας
1340 985 1396 1040 Η

97 1105 120 1141 “
137 1097 201 1175 οὑκ
220 1094 432 1197 ηῦδόκησας,
452 1095 532 1177 τότε
551 1093 651 1178 εἶπον
669 1096 764 1178 Ἰδού
787 1098 875 1198 ἥκω,
895 1100 933 1178 ἐν
952 1095 1120 1204 κεφαλίδι
1146 1094 1295 1189 βιβλίου

98 1230 119 1266 “
138 1219 339 1323 γέγραπται
354 1225 433 1324 περὶ
451 1225 547 1318 ἐμοῦ,
562 1230 626 1302 τοῦ
644 1226 793 1321 ποιῆσαι
811 1219 854 1300 τό
874 1219 1017 1321 θέλημά
1034 1253 1105 1299 σου
1122 1215 1153 1298 οῦ
1170 1214 1294 1300 Θεός.”

97 1345 184 1450 ὁρᾷς
203 1344 299 1430 ὅπως
318 1344 518 1442 αὐτόμολος
537 1351 586 1431 είς
605 1344 647 1426 τὸ
666 1345 754 1448 ὑπὲρ
771 1344 920 1426 πάντων
937 1347 1024 1424 ἀνίει
1046 1340 1188 1439 πάθος;
1220 1339 1296 1421 ῖδοῦ

96 1465 168 1571 γάρ
187 1469 271 1569 ἥκω,
291 1472 416 1574 φησὶν,
435 1471 500 1549 οῦκ
518 1470 562 1577 ἐξ
578 1467 737 1571 ἀνάγκης
754 1473 819 1570 τῆς
836 1470 921 1572 παρ’
941 1467 1062 1570 ἑτέρου
1082 1463 1292 1569 τεθήραμαι.

44 1625 83 1666 ιο
97 1591 338 1695 διαδιδράσκει
365 1592 482 1673 τοίνυν
509 1601 581 1673 τῶν
608 1591 815 1695 ἡγουμένων
842 1590 883 1673 τό
911 1592 1112 1694 παραυτίκα
1140 1586 1292 1693 θράσος,

96 1721 208 1823 καιρῷ
235 1722 286 1823 τῷ
313 1717 485 1820 πρέποντι
514 1716 556 1798 τῦ
583 1724 711 1798 παθεῖν
733 1715 992 1817 ταμιευόμενος,
1017 1717 1075 1795 καὶ
1102 1721 1296 1819 θεοπρεπε-

96 1838 235 1940 στάτην
252 1842 308 1947 ἐφ’
329 1839 467 1922 ἀπασιν
486 1841 700 1940 ἐπιτηδεύων
718 1840 785 1942 τὴν
800 1841 1018 1946 παρ’ῥησίαν.

153 1963 319 2065 Ἀρκέσει
346 1963 412 2062 μέν
437 1967 500 2045 οὖν
523 1964 614 2068 πρὸς
641 1965 707 2066 τὴν
733 1972 806 2046 τῶν
832 1962 1071 2066 προκειμένων
1092 1958 1328 2070 σαφήνειανδ
1357 1961 1365 1971 ’

97 2083 195 2185 οἶμαι
214 2091 271 2167 καὶ
290 2097 413 2169 ταῦτα·
445 2090 530 2168 ἀλλ’
551 2089 693 2191 ε’πείπερ
712 2088 802 2173 εῖκός
820 2122 919 2173 τινας
936 2094 1010 2167 τῶν
1027 2118 1290 2187 μυσταγωγου·

45 2234 82 2296 15
97 2213 213 2309 μένων
245 2211 438 2296 ἀκούοντας
471 2215 529 2291 καὶ
566 2211 607 2293 τό
640 2212 750 2293 Οῦτιν
784 2210 930 2308 ἐληλύθει
965 2217 982 2307 ἡ
1014 2209 1082 2320 όίριι
1115 2211 1225 2304 αὑτοῦ,
1256 2209 1295 2286 έκ

96 2338 241 2435 πολλῆς
266 2335 360 2436 ἀγαν
382 2340 445 2435 τῆς
469 2339 645 2442 ε’λαφρίας
669 2336 760 2439 πρὸς
779 2334 999 2434 Ἑλληνικὰς
1026 2337 1084 2414 καῖ
1111 2331 1295 2431 μανιώδεις

97 2462 331 2564 ὑπενεχθῆναι
349 2463 598 2559 κακοβουλίας,
617 2463 665 2544 ὡς
685 2462 830 2557 νομίσαι
853 2455 1086 2563 παραλόγως,
1105 2455 1212 2558 ὥραις
1238 2457 1295 2533 καὶ

96 2581 240 2685 ἡμέραις
277 2585 335 2663 καὶ
366 2593 500 2688 καιροῖς
537 2588 746 2665 ὑποκεῖσθαι
783 2583 829 2665 τά
865 2582 1085 2686 ἀνθρώπινα,
1119 2577 1216 2678 οἶμαι
1253 2577 1296 2678 δὴ

95 2705 209 2786 πάλιν
234 2709 429 2810 ἀναγκαῖον
451 2707 621 2814 ὑπάρχειν
646 2709 756 2813 ὀλίγα
784 2706 875 2788 ἀττα
902 2708 984 2809 περὶ
1011 2704 1149 2786 τούτων
1173 2708 1294 2798 εἰπεῖν,

45 2862 84 2904 20
97 2828 195 2933 εἴπερ
220 2830 303 2929 ἡμῖν
327 2833 347 2911 ὁ
374 2830 514 2916 σκοπός
539 2831 598 2911 διά
623 2832 747 2934 πάσης
774 2833 910 2916 ἐννοίας
936 2837 1010 2915 τοῖς
1037 2827 1296 2934 ἐντευξομένοις

96 2953 138 3034 τῦ
180 2964 397 3035 λυσιτελοῦν
435 2954 633 3059 ἐμπορίζειν
668 2957 857 3060 ἐπείγεται.
915 2961 990 3038 τοῖς
1030 2950 1097 3052 μέν
1134 2952 1198 3030 οῦν
1233 2954 1327 3049 τῆςο

95 3079 319 3178 Ἐκκλησίας
350 3077 494 3178 τέκνοις,
527 3075 551 3158 ἀ
583 3084 641 3161 καὶ
673 3087 747 3163 τοῖς
780 3085 885 3183 ἱεροῖς
915 3077 1148 3180 ε’ντέθραπται
1180 3072 1297 3177 γράμ-

96 3237 219 3301 μασιν,
245 3204 410 3305 ἀρκέσειν
439 3204 686 3301 ὑπολαμβάνω
714 3202 806 3307 πρὸς
833 3202 985 3308 ’ἔλεγχον
1012 3206 1076 3300 τῆς
1103 3196 1298 3298 Ἑλλήνων

96 3327 245 3427 ἀπάτης,
264 3327 430 3430 καὶπρὸς
456 3325 498 3409 τῦ
524 3329 700 3408 δύνασθαι
726 3335 847 3413 καλῶς
866 3326 932 3426 τὴν
950 3329 1109 3406 ἐντεῦθεν
1127 3327 1294 3428 ἀποφορ-

46 3486 83 3545 ι5
97 3453 271 3532 τίσασθαι
307 3454 544 3546 δυσβουλίαν,
579 3451 620 3532 τὸ
659 3455 706 3536 ὡς
742 3455 780 3531 ἐν
811 3453 934 3560 τρόπῳ
972 3448 1185 3551 κατηγορίας
1219 3447 1298 3547 ἤτοι

96 3581 219 3683 σοφῆς
242 3575 468 3682 ἐπιπλήξεως
493 3574 675 3680 εἰρημένον
692 3575 793 3679 παρὰ
817 3584 881 3655 τοῦ
906 3575 1059 3655 Παύλου
1083 3569 1174 3675 πρός
1200 3604 1297 3653 τινας

96 3708 169 3780 τῶν
196 3704 280 3802 τῇδε
308 3700 535 3800 διακειμένων
564 3710 585 3746 “
602 3700 764 3802 Ἡμέρας
793 3702 1059 3803 παρατηρεῖσθε
1092 3700 1150 3776 καὶ
1183 3698 1297 3792 μῆνας
1342 3703 1399 3754 ⁶⁸¹·
1412 3704 1446 3754 iv.

1345 3784 1383 3828 10,
1393 3784 1430 3821 Η.

96 3832 119 3870 “
138 3825 195 3902 καὶ
224 3822 365 3923 καιροὺς
394 3826 452 3902 καὶ
480 3824 670 3906 ἐνιαυτούς·
706 3828 892 3929 φοβοῦμαι
920 3824 1023 3920 ὑμᾶς,
1054 3818 1192 3919 μήποτε
1220 3821 1296 3922 εἰκῇ

97 3957 120 3992 “
136 3949 328 4026 κεκοπίακα
347 3952 395 4028 είς
421 3945 541 4044 ὑμᾶς.”
577 3949 634 4026 καῖ
661 3944 732 4050 γὰρ
758 3945 802 4046 δὴ
829 3950 887 4026 καὶ
912 3945 1024 4029 ὄντως
1048 3941 1296 4047 εὑρεσιλογίας

47 4108 85 4166 30
98 4069 242 4169 ἀπάσης
262 4070 491 4175 ἀνῃρημένης,
510 4072 530 4149 ὁ
548 4076 593 4176 τῇ
613 4070 760 4176 τοιαύτη
786 4068 1064 4168 κατειλημμένος
1088 4069 1206 4174 μωρίᾳ
1230 4065 1327 4167 τηνιι
1349 4084 1467 4146 cam.

133 4273 159 4326 8.
177 4272 322 4340 αὑτομθλος
335 4270 377 4343 [²
392 4272 541 4339 αὐτομόλοις
549 4270 598 4344 0)]
614 4274 646 4328 Β.
725 4289 766 4328 12.
785 4271 828 4344 ἀφ’
841 4270 939 4327 ἅπασιν
950 4270 1061 4326 tdnotat
1073 4289 1101 4326 ιο
1113 4269 1297 4327 emendavisse

98 4360 146 4414 pro
158 4341 200 4414 ἐφ’
213 4344 318 4398 ἅπασαν
330 4342 438 4424 Μύκοι
449 4344 485 4397 ita
498 4361 521 4398 c.
536 4343 618 4400 Cord.
721 4361 762 4413 19.
782 4341 859 4414 ἅττα]
872 4364 929 4397 τινα
940 4360 965 4396 ιι.
1068 4358 1110 4408 24.
1129 4343 1159 4397 τό
1171 4340 1297 4397 δύνασθαι

98 4415 181 4470 καλῶς
193 4417 230 4486 τῷ
242 4412 367 4469 δύνασθαι
380 4416 443 4482 (κιο)
459 4414 490 4469 Β.
704 4415 746 4470 26.
764 4415 834 4483 παρὰ
846 4417 893 4468 τοῦ
908 4413 963 4468 ΒΛ.
975 4411 1035 4482 παρ’
1047 4413 1128 4467 αὑτοῦ
1142 4412 1231 4466 Holet.
1245 4410 1297 4467 Ed.

100 4486 142 4575 ηδ.
151 4485 355 4611 Εκηὶμτίαςοιο.
371 4485 403 4539 B.
417 4485 533 4541 habeta.
593 4484 704 4557 μήποτε]
717 4484 806 4555 μήπως
817 4502 842 4539 a.
925 4505 929 4513 ·
1009 4500 1053 4554 3ο.
1072 4485 1130 4553 ὀτῇ
1144 4481 1297 4539 edidien.

99 4577 139 4610 W
195 4596 202 4610 ι
