3038 5018
227 303 291 367 598
530 304 569 369 Β.
593 301 802 369 CYRILLI
832 302 1122 369 ALEXANDR.
1202 399 1210 412 .
1318 300 1372 367 vii.
1387 319 1427 381 14

227 467 311 572 θέτῃ
339 472 467 548 δοκοῦν
491 475 694 572 περιαθρεῖν
717 468 948 571 εὐγνωμόνως
975 467 1206 572 ἠναγκάζετο,
1229 471 1295 546 καὶ
1325 467 1368 546 δι’
1386 461 1429 544 ῶν

227 591 305 669 οὐδ’
333 591 423 673 ὅσον
452 591 635 674 ἐπαινέσαι
662 592 704 673 τὸ
732 592 870 695 ἀγαθὸν
897 599 1096 691 τολμῶσιν,
1124 591 1346 672 ἐθελούσιον
1372 587 1431 687 112·

227 716 401 815 οὐδαμῶς,
430 715 641 817 βιαιοτάτην
672 716 711 798 δέ
745 715 882 819 ῶσπερ,
912 718 993 796 καθ’
1027 713 1077 796 ῶν
1109 713 1155 796 ἂν
1186 718 1320 796 ἐκεῖνοι
1349 713 1431 810 βού·

194 849 374 936 δλωνται,
394 841 459 939 τὴν
475 844 533 922 ἐπὶ
551 839 755 948 φαυλότητι
780 845 912 947 ψῆφον
929 841 1098 948 ἐκφερειυ,
1116 842 1177 920 καὶ
1201 839 1273 920 τὸν
1290 840 1430 920 ἐπαίνου

228 964 287 1041 καὶ
321 962 501 1062 θαύματος
533 964 647 1071 ἀξιον,
678 968 726 1049 ῶς
756 961 911 1067 αἰσχρὸν
940 964 1171 1066 κατακρίνειν.
1225 962 1343 1067 ὅνπερ
1374 962 1457 1042 οὖνὸ

228 1083 364 1189 τρόπον
380 1085 426 1166 ἂν
443 1085 576 1190 ἄριστά
600 1121 654 1172 τις
679 1085 769 1188 ἀνὴρ
795 1084 1027 1165 θαλαττεύειν
1049 1087 1160 1184 εἰδὼς,
1180 1091 1243 1166 καὶ
1271 1093 1350 1170 τοῖς
1373 1089 1433 1184 τῆς

230 1209 314 1294 νεῶς
340 1212 529 1311 πηδαλίοις
555 1208 865 1312 προσκαθήμενος,
883 1212 941 1288 καὶ
963 1209 1177 1310 πειθομένην
1202 1209 1306 1314 ἔχων
1326 1208 1434 1309 αι’νιήν

229 1333 362 1436 ἀγάγοι
380 1333 471 1415 κατά
488 1341 639 1437 πετρῶν,
658 1333 764 1417 αὐτὸς
789 1329 835 1411 ἂν
853 1334 1013 1418 ὑπαίτιος
1037 1340 1153 1413 νοοῖτο
1177 1334 1349 1435 γεγονὸς
1373 1340 1434 1414 τοῦ

228 1461 468 1559 πταίσματος·
512 1457 535 1560 ἢ
573 1457 698 1560 ῶσπερ
735 1454 780 1536 οῖν
811 1456 846 1536 εί
876 1489 930 1541 τις
964 1461 1180 1557 ἱππηλατεῖν
1211 1458 1431 1558 εἰθισμένος,

229 1581 508 1684 εὐδρομωτάτοις
538 1580 604 1681 μέν
632 1581 716 1661 λίαν
743 1582 910 1685 ε’ποχοῖτο
941 1586 1016 1665 τοῖς
1047 1581 1196 1680 πῶλοις,
1224 1583 1429 1686 εὐπαρακό·
1445 1614 1474 1655 ιο

228 1738 361 1802 μιστον
381 1703 418 1784 δέ
442 1707 560 1784 αὐτῶν
578 1708 646 1784 καὶ.
660 1703 726 1805 τήν
743 1707 800 1810 ἐφ’
821 1704 909 1808 ὅπερ
934 1701 979 1784 ἀν
1000 1702 1171 1799 βούλοιτο
1194 1709 1343 1804 πτῆσιν
1365 1713 1433 1790 τοῖς

198 1834 302 1906 οτῶν
332 1835 493 1932 χαλινῶν
523 1828 819 1931 ἀνακρούσμασιν
852 1828 945 1933 ἐχειν
978 1827 1182 1924 δυνάμενος,
1221 1825 1306 1908 εἶτα
1345 1830 1434 1938 λίθῳ

227 1949 489 2059 προσαῤῥάξας
513 1951 596 2038 τούς
621 1950 782 2058 τροχοὺς,
801 1952 843 2031 οὐ
867 1958 941 2035 τοῖς
965 1953 1103 2036 πώλοις
1127 1959 1192 2032 τοῦ
1215 1959 1355 2033 παθεῖν
1373 1952 1435 2052 τῆν

228 2076 344 2154 αἰτίαν
373 2073 532 2178 εὐλόγως
563 2076 639 2177 μέν,
667 2085 814 2175 μᾶλλον
840 2077 954 2183 ἑαυτῷ
985 2073 1185 2176 περιθήσει·
1228 2073 1299 2156 τὸν
1328 2077 1436 2157 αὐτὸν

228 2195 325 2297 οἶμαι
345 2199 479 2303 τρόπον
498 2205 530 2280 οἱ
550 2207 622 2279 τῶν
639 2199 820 2280 Ἰουδαίων
839 2200 1048 2300 καθηγηταί,
1068 2199 1135 2303 οὐχ
1152 2197 1253 2282 ὅπως
1274 2206 1436 2297 τιμῶντα
1446 2225 1472 2288 15

228 2320 349 2420 μόνον,
378 2324 479 2403 ἀλλὰ
507 2327 565 2403 καὶ
592 2330 644 2430 τῷ
671 2322 760 2425 ὐπέρ
787 2321 916 2401 τούτου
945 2321 1052 2430 φόβιρ
1083 2322 1437 2426 δουλαγωγούμευον

228 2447 368 2549 ἔχοντες
396 2446 460 2526 τὸν
487 2447 588 2545 λαὸν,
617 2447 826 2554 ἀπᾳδόντως
857 2444 895 2525 δέ
923 2454 997 2531 τοῖς
1027 2446 1132 2531 θείοις
1163 2447 1437 2550 προστάγμασι

228 2568 483 2669 διοικήσαντες,
505 2572 645 2654 δικαίως
673 2569 718 2649 ἀν
745 2571 845 2649 αὐτοὶ
872 2573 936 2667 τῆς
964 2568 1134 2650 ἁπάντων
1162 2572 1355 2656 ἀπωλείας
1383 2573 1436 2651 εὐ·

228 2693 336 2778 θύνας
370 2696 557 2774 ἐκτίσειαν.
612 2692 666 2773 ότι
700 2691 739 2773 δέ
771 2695 871 2772 αὐτοὶ
907 2697 971 2792 τῆς
1009 2699 1081 2772 τῶν
1112 2699 1214 2772 λαῶν
1250 2695 1437 2780 ἀπωλείας

59 2837 180 2894 αοοΔ.
199 2816 402 2919 ογεγόνασι
433 2817 630 2924 πρόφασις,
657 2816 879 2920 μαρτυρήσει
906 2816 1026 2918 λόγων
1053 2818 1073 2897 ὁ
1100 2815 1296 2922 προφήτης
1325 2821 1432 2923 Ἱερε·
1447 2840 1474 2887 ²⁰

59 2938 169 3056 ᾖξθῦῐ·
228 2941 311 3040 μίας
331 2952 352 2988 “
365 2940 455 3021 Ὅτι
482 2946 514 3021 οἱ
541 2940 704 3039 ποιμένες
732 2943 1015 3046 ήφρονεύσαντο,
1037 2944 1094 3018 καὶ
1122 2938 1186 3020 τὸν
1207 2940 1355 3044 Κύρων
1377 2944 1438 3023 οὐκ

228 3076 250 3113 “
269 3064 500 3173 ἐξεζήτησαν·
546 3064 604 3145 διά
637 3073 744 3146 τοῦτο
777 3066 841 3144 οὐκ
874 3062 999 3163 ἐνόησε
1032 3070 1137 3146 παῖσα
1174 3065 1196 3164 ἡ
1236 3064 1348 3166 νομὴ,
1384 3071 1440 3149 καὶ

227 3199 250 3236 “
268 3189 636 3293 διεσκορπίσθησαν.”

177 3449 214 3504 ι4
245 3430 330 3497 Ἠδιι
359 3430 395 3496 δὲ
422 3437 479 3497 τῆς
505 3433 624 3520 ἑορτιῖο
651 3431 811 3507 μεσούοιις
838 3433 937 3510 ἀνὲβιι
965 3431 983 3500 ὁ
1007 3433 1135 3498 Ἰιιοοῡο
1162 3427 1210 3495 eie
1238 3431 1280 3498 τὸ
1311 3430 1417 3524 ἱερὸν,

695 3556 748 3621 καί
774 3556 955 3623 ἐδίδασκεν.
1449 3568 1474 3629 ²5

281 3715 509 3824 Ἱεροπρεπὴς
533 3726 596 3798 τοῦ
621 3723 788 3822 Σωτῆρος
813 3721 915 3819 ἡμῶν
940 3722 962 3820 ἡ
991 3721 1221 3800 διδασκαλία·
1255 3731 1334 3802 ποῦ
1366 3724 1437 3826 γὰρ

226 3848 270 3945 δη
290 3879 348 3924 και
369 3851 514 3947 ετερωθι
539 3851 685 3944 μᾶλλον
703 3847 811 3949 ἐχρῆν
829 3844 896 3945 τήν
914 3847 1011 3925 θείαν
1030 3845 1224 3925 ἀκούεσθαι
1246 3847 1394 3952 φωνὴν,
1411 3853 1438 3928 εί

191 3967 275 4068 ομή
301 3971 339 4048 ἐν
360 3966 492 4065 τόποις,
511 3967 563 4053 οἷς
588 3968 630 4048 τὸ
657 3974 752 4047 θεῖον
777 3970 922 4048 ἐνοικεῖν
946 3969 1181 4069 πιστεύηται;
1215 3968 1346 4052 ποίντα
1375 3973 1438 4072 μέν

225 4093 298 4195 γὰρ
325 4092 482 4195 περιέπει
509 4091 614 4181 Θεὸς,
642 4096 700 4171 καὶ
728 4093 793 4172 οὐκ
820 4090 865 4172 ἂν
894 4100 1010 4173 νοοῖτο
1038 4091 1138 4202 τύπῳ
1165 4095 1435 4198 περιγραπτὸς,

263 4338 285 4375 1.
305 4319 476 4391 ἠναγκάζοντο
490 4320 522 4375 Β.
595 4339 620 4391 3.
640 4320 737 4375 δνοαι.
753 4320 785 4375 Β.
858 4320 883 4375 6.
903 4322 1000 4388 τρόπον
1011 4321 1043 4375 δν
1055 4319 1163 4393 ἄριστά]
1177 4321 1277 4391 ι’ίριστα
1290 4329 1396 4395 τρόπον
1406 4327 1437 4381 Β.

227 4409 267 4445 10.
286 4390 345 4461 μὲν]
360 4391 387 4444 δέ
403 4391 434 4445 Β.
508 4408 548 4458 14.
568 4394 683 4463 εὐλόγως
694 4393 748 4460 μὲν,
761 4391 877 4478 μὸλλον]
891 4431 899 4456 ,
913 4393 1028 4464 εὐλόγως
1039 4393 1068 4446 δέ
1080 4394 1182 4462 μᾶλλον
1195 4393 1228 4446 Β.
1310 4397 1357 4450 16.
1377 4397 1437 4452 τού·

223 4483 269 4514 του
284 4462 315 4515 Β.
329 4465 405 4515 τοῦτο
420 4462 471 4516 Ed.
573 4479 616 4530 25.
636 4460 783 4532 ἐδίδασκεν]
801 4469 829 4523 -Ι-
845 4466 930 4533 λεγων
944 4462 976 4516 Β.
1080 4464 1122 4517 28.
1141 4463 1309 4537 πιστεύηται]
1326 4469 1436 4524 mami-

223 4553 263 4585 ετε
279 4531 310 4586 B.
420 4548 461 4603 29.
479 4534 529 4603 γὰρ
541 4551 595 4588 om.
610 4532 642 4588 Β.
696 4535 767 4604 τόπῳ
778 4533 1016 4604 περιγραπτδςλος
1030 4532 1125 4588 ordine
1140 4532 1212 4588 BD.
