<?xml version="1.0" encoding="UTF-8"?>
<!DOCTYPE html PUBLIC "-//W3C//DTD XHTML 1.0 Transitional//EN"
    "http://www.w3.org/TR/xhtml1/DTD/xhtml1-transitional.dtd">
<html xmlns="http://www.w3.org/1999/xhtml" xml:lang="en" lang="en">
 <head>
  <title>
</title>
<meta http-equiv="Content-Type" content="text/html;charset=utf-8" />
  <meta name='ocr-system' content='tesseract 3.04.00' />
  <meta name='ocr-capabilities' content='ocr_page ocr_carea ocr_par ocr_line ocrx_word'/>
</head>
<body>
  <div class='ocr_page' id='page_1' title='image "./sanctipatrisnos00pusegoog_0348.png"; bbox 0 0 3038 5018; ppageno 0'>
   <div class='ocr_carea' id='block_1_1' title="bbox 90 289 1284 374">
    <p class='ocr_par' dir='ltr' id='par_1_1' title="bbox 90 289 1284 374">
     <span class='ocr_line' id='line_1_1' title="bbox 90 289 1284 374; baseline 0.006 -24"><span class='ocrx_word' id='word_1_1' title='bbox 90 304 187 374; x_wconf 82' lang='lat' dir='ltr'><strong>v.23.</strong></span> <span class='ocrx_word' id='word_1_2' title='bbox 244 289 299 354; x_wconf 94' lang='lat' dir='ltr'>IN</span> <span class='ocrx_word' id='word_1_3' title='bbox 331 291 363 355; x_wconf 84' lang='lat' dir='ltr'>S.</span> <span class='ocrx_word' id='word_1_4' title='bbox 389 293 646 358; x_wconf 81' lang='lat' dir='ltr'><strong>JOANNEM.</strong></span> <span class='ocrx_word' id='word_1_5' title='bbox 693 295 859 360; x_wconf 87' lang='lat' dir='ltr'><strong>LIB.II.</strong></span> <span class='ocrx_word' id='word_1_6' title='bbox 906 296 1007 361; x_wconf 89' lang='lat' dir='ltr'>CAP.</span> <span class='ocrx_word' id='word_1_7' title='bbox 1025 294 1125 360; x_wconf 89' lang='lat' dir='ltr'><strong>VIII.</strong></span> <span class='ocrx_word' id='word_1_8' title='bbox 1222 296 1284 358; x_wconf 87' lang='grc'>335</span> 
     </span>
    </p>
   </div>
   <div class='ocr_carea' id='block_1_2' title="bbox 57 448 1359 1553">
    <p class='ocr_par' dir='ltr' id='par_1_2' title="bbox 57 448 1317 1553">
     <span class='ocr_line' id='line_1_2' title="bbox 89 448 1285 562; baseline 0.008 -34"><span class='ocrx_word' id='word_1_9' title='bbox 89 448 174 549; x_wconf 77' lang='grc' dir='ltr'>ἧκεν</span> <span class='ocrx_word' id='word_1_10' title='bbox 192 457 240 535; x_wconf 85' lang='grc' dir='ltr'>είς</span> <span class='ocrx_word' id='word_1_11' title='bbox 258 453 400 560; x_wconf 78' lang='grc' dir='ltr'>ἀξίωμα</span> <span class='ocrx_word' id='word_1_12' title='bbox 418 457 621 559; x_wconf 74' lang='grc' dir='ltr'>θεοπρεπὲς,</span> <span class='ocrx_word' id='word_1_13' title='bbox 638 465 715 543; x_wconf 81' lang='grc' dir='ltr'>πῶς</span> <span class='ocrx_word' id='word_1_14' title='bbox 734 461 798 539; x_wconf 79' lang='grc' dir='ltr'>οὐκ</span> <span class='ocrx_word' id='word_1_15' title='bbox 817 459 861 539; x_wconf 86' lang='grc' dir='ltr'>ἂν</span> <span class='ocrx_word' id='word_1_16' title='bbox 879 461 931 560; x_wconf 86' lang='grc' dir='ltr'>ε’ίη</span> <span class='ocrx_word' id='word_1_17' title='bbox 949 460 1087 562; x_wconf 70' lang='grc' dir='ltr'>πρέπον</span> <span class='ocrx_word' id='word_1_18' title='bbox 1107 456 1285 539; x_wconf 80' lang='grc' dir='ltr'>ῖσοστοῖθ·</span> 
     </span>
     <span class='ocr_line' id='line_1_3' title="bbox 88 576 1283 690; baseline 0.008 -39"><span class='ocrx_word' id='word_1_19' title='bbox 88 606 169 671; x_wconf 90' lang='grc' dir='ltr'>μοις</span> <span class='ocrx_word' id='word_1_20' title='bbox 186 576 304 684; x_wconf 80' lang='grc' dir='ltr'>ἐκείνῳ</span> <span class='ocrx_word' id='word_1_21' title='bbox 323 586 595 686; x_wconf 80' lang='grc' dir='ltr'>στεφανοῦσθαι</span> <span class='ocrx_word' id='word_1_22' title='bbox 614 590 743 682; x_wconf 91' lang='grc' dir='ltr'>τιμαῖς,</span> <span class='ocrx_word' id='word_1_23' title='bbox 762 581 826 662; x_wconf 83' lang='grc' dir='ltr'>τὸν</span> <span class='ocrx_word' id='word_1_24' title='bbox 844 579 942 690; x_wconf 80' lang='grc' dir='ltr'>ᾧπερ</span> <span class='ocrx_word' id='word_1_25' title='bbox 965 584 1065 664; x_wconf 67' lang='grc' dir='ltr'>οὐδὲν</span> <span class='ocrx_word' id='word_1_26' title='bbox 1084 589 1132 668; x_wconf 84' lang='grc' dir='ltr'>είς</span> <span class='ocrx_word' id='word_1_27' title='bbox 1155 580 1283 663; x_wconf 88' lang='grc' dir='ltr'>ταυτό-</span> 
     </span>
     <span class='ocr_line' id='line_1_4' title="bbox 89 702 1317 810; baseline 0.005 -33"><span class='ocrx_word' id='word_1_28' title='bbox 89 731 180 798; x_wconf 86' lang='grc' dir='ltr'>τητα</span> <span class='ocrx_word' id='word_1_29' title='bbox 207 703 271 798; x_wconf 81' lang='grc' dir='ltr'>τῆς</span> <span class='ocrx_word' id='word_1_30' title='bbox 298 703 424 788; x_wconf 81' lang='grc' dir='ltr'>οὐσίας</span> <span class='ocrx_word' id='word_1_31' title='bbox 450 706 637 799; x_wconf 81' lang='grc' dir='ltr'>ε’νδεῖ;’</span> <span class='ocrx_word' id='word_1_32' title='bbox 599 740 634 785; x_wconf 94' lang='grc' dir='ltr'>τι</span> <span class='ocrx_word' id='word_1_33' title='bbox 662 707 724 786; x_wconf 76' lang='grc' dir='ltr'>οὖν</span> <span class='ocrx_word' id='word_1_34' title='bbox 745 706 816 809; x_wconf 82' lang='grc' dir='ltr'>α’ίρα</span> <span class='ocrx_word' id='word_1_35' title='bbox 843 706 956 786; x_wconf 80' lang='grc' dir='ltr'>πόλιν</span> <span class='ocrx_word' id='word_1_36' title='bbox 978 741 1036 786; x_wconf 92' lang='grc' dir='ltr'>και</span> <span class='ocrx_word' id='word_1_37' title='bbox 1063 707 1154 810; x_wconf 82' lang='grc' dir='ltr'>πρὸς</span> <span class='ocrx_word' id='word_1_38' title='bbox 1182 702 1317 785; x_wconf 81' lang='grc' dir='ltr'>τοῦτόο</span> 
     </span>
     <span class='ocr_line' id='line_1_5' title="bbox 90 825 1359 971; baseline 0.01 -71"><span class='ocrx_word' id='word_1_39' title='bbox 90 827 208 928; x_wconf 91' lang='grc' dir='ltr'>φασιν</span> <span class='ocrx_word' id='word_1_40' title='bbox 226 827 294 869; x_wconf 90' lang='lat'>“</span> <span class='ocrx_word' id='word_1_41' title='bbox 263 857 296 902; x_wconf 93' lang='grc' dir='ltr'>οι</span> <span class='ocrx_word' id='word_1_42' title='bbox 320 825 440 907; x_wconf 82' lang='grc' dir='ltr'>πάντα</span> <span class='ocrx_word' id='word_1_43' title='bbox 463 827 510 907; x_wconf 80' lang='grc' dir='ltr'>τὰ</span> <span class='ocrx_word' id='word_1_44' title='bbox 536 829 627 933; x_wconf 83' lang='grc' dir='ltr'>ὀρθὰ</span> <span class='ocrx_word' id='word_1_45' title='bbox 654 832 1003 939; x_wconf 88' lang='grc' dir='ltr'>διαστρεφοντες,”</span> <span class='ocrx_word' id='word_1_46' title='bbox 981 866 1029 915; x_wconf 90' lang='grc' dir='ltr'>ως</span> <span class='ocrx_word' id='word_1_47' title='bbox 1053 832 1074 910; x_wconf 95' lang='lat'><strong><em>5</em></strong></span> <span class='ocrx_word' id='word_1_48' title='bbox 1098 828 1359 971; x_wconf 40' lang='lat'>59065669·</span> 
     </span>
     <span class='ocr_line' id='line_1_6' title="bbox 57 947 1287 1101; baseline 0 -70"><span class='ocrx_word' id='word_1_49' title='bbox 57 970 76 1031; x_wconf 87' lang='lat'><strong>5</strong></span> <span class='ocrx_word' id='word_1_50' title='bbox 92 947 227 1101; x_wconf 76' lang='grc' dir='ltr'>φησὶν</span> <span class='ocrx_word' id='word_1_51' title='bbox 232 947 400 1045; x_wconf 87' lang='grc' dir='ltr'>Ησοίας;</span> <span class='ocrx_word' id='word_1_52' title='bbox 421 955 466 1030; x_wconf 79' lang='grc' dir='ltr'>Εἰ</span> <span class='ocrx_word' id='word_1_53' title='bbox 480 950 589 1031; x_wconf 80' lang='grc' dir='ltr'>διὰ</span> <span class='ocrx_word' id='word_1_54' title='bbox 553 987 595 1032; x_wconf 94' lang='grc' dir='ltr'>το</span> <span class='ocrx_word' id='word_1_55' title='bbox 614 952 798 1055; x_wconf 76' lang='grc' dir='ltr'>λέγεσθαι,</span> <span class='ocrx_word' id='word_1_56' title='bbox 810 951 953 1059; x_wconf 72' lang='grc' dir='ltr'>φησίν”</span> <span class='ocrx_word' id='word_1_57' title='bbox 954 971 1012 1034; x_wconf 82' lang='grc' dir='ltr'>Ινιι</span> <span class='ocrx_word' id='word_1_58' title='bbox 1025 952 1149 1039; x_wconf 72' lang='grc' dir='ltr'>πάντες</span> <span class='ocrx_word' id='word_1_59' title='bbox 1164 952 1287 1057; x_wconf 74' lang='grc' dir='ltr'>τιμαῖσι</span> 
     </span>
     <span class='ocr_line' id='line_1_7' title="bbox 92 1071 1290 1184; baseline 0.004 -35"><span class='ocrx_word' id='word_1_60' title='bbox 92 1106 145 1150; x_wconf 86' lang='grc' dir='ltr'>τιν</span> <span class='ocrx_word' id='word_1_61' title='bbox 161 1072 233 1153; x_wconf 74' lang='grc' dir='ltr'>Τίον</span> <span class='ocrx_word' id='word_1_62' title='bbox 257 1071 368 1159; x_wconf 77' lang='grc' dir='ltr'>καθῖις</span> <span class='ocrx_word' id='word_1_63' title='bbox 391 1075 514 1181; x_wconf 76' lang='grc' dir='ltr'>τιμαῖσι</span> <span class='ocrx_word' id='word_1_64' title='bbox 537 1080 590 1156; x_wconf 70' lang='grc' dir='ltr'>τόν</span> <span class='ocrx_word' id='word_1_65' title='bbox 610 1076 712 1157; x_wconf 82' lang='grc' dir='ltr'>Πατί</span> <span class='ocrx_word' id='word_1_66' title='bbox 706 1114 758 1184; x_wconf 80' lang='grc' dir='ltr'>ραι,</span> <span class='ocrx_word' id='word_1_67' title='bbox 781 1077 934 1181; x_wconf 89' lang='grc' dir='ltr'>νομίζετε</span> <span class='ocrx_word' id='word_1_68' title='bbox 961 1081 1090 1182; x_wconf 81' lang='grc' dir='ltr'>χρῆναι</span> <span class='ocrx_word' id='word_1_69' title='bbox 1117 1075 1181 1155; x_wconf 83' lang='grc' dir='ltr'>τὸν</span> <span class='ocrx_word' id='word_1_70' title='bbox 1199 1072 1290 1155; x_wconf 80' lang='grc' dir='ltr'>Υῖὸν</span> 
     </span>
     <span class='ocr_line' id='line_1_8' title="bbox 92 1194 1289 1305; baseline 0.008 -32"><span class='ocrx_word' id='word_1_71' title='bbox 92 1194 293 1298; x_wconf 74' lang='grc' dir='ltr'>ἰσομέτροις</span> <span class='ocrx_word' id='word_1_72' title='bbox 329 1203 381 1305; x_wconf 78' lang='grc' dir='ltr'>τῷ</span> <span class='ocrx_word' id='word_1_73' title='bbox 415 1200 534 1302; x_wconf 86' lang='grc' dir='ltr'>Πατρὶ</span> <span class='ocrx_word' id='word_1_74' title='bbox 566 1201 842 1297; x_wconf 86' lang='grc' dir='ltr'>κατασεμνύνειν</span> <span class='ocrx_word' id='word_1_75' title='bbox 874 1207 1003 1301; x_wconf 88' lang='grc' dir='ltr'>τιμαῖς,</span> <span class='ocrx_word' id='word_1_76' title='bbox 1036 1202 1194 1302; x_wconf 79' lang='grc' dir='ltr'>ἀγνοεῖτε</span> <span class='ocrx_word' id='word_1_77' title='bbox 1224 1202 1289 1298; x_wconf 77' lang='grc' dir='ltr'>τῆς</span> 
     </span>
     <span class='ocr_line' id='line_1_9' title="bbox 91 1318 1289 1427; baseline 0.008 -31"><span class='ocrx_word' id='word_1_78' title='bbox 91 1319 262 1418; x_wconf 80' lang='grc' dir='ltr'>ἀληθείας</span> <span class='ocrx_word' id='word_1_79' title='bbox 279 1318 420 1425; x_wconf 88' lang='grc' dir='ltr'>μακροῖν</span> <span class='ocrx_word' id='word_1_80' title='bbox 438 1357 509 1403; x_wconf 94' lang='grc' dir='ltr'>που</span> <span class='ocrx_word' id='word_1_81' title='bbox 528 1324 742 1426; x_wconf 82' lang='grc' dir='ltr'>βαδίζοντες.</span> <span class='ocrx_word' id='word_1_82' title='bbox 782 1325 823 1403; x_wconf 85' lang='grc' dir='ltr'>οὐ</span> <span class='ocrx_word' id='word_1_83' title='bbox 848 1323 921 1427; x_wconf 78' lang='grc' dir='ltr'>γὰρ</span> <span class='ocrx_word' id='word_1_84' title='bbox 945 1323 1089 1406; x_wconf 78' lang='grc' dir='ltr'>πάντως</span> <span class='ocrx_word' id='word_1_85' title='bbox 1107 1320 1148 1401; x_wconf 92' lang='grc' dir='ltr'>τό</span> <span class='ocrx_word' id='word_1_86' title='bbox 1170 1320 1289 1408; x_wconf 53' lang='lat' dir='ltr'>wok</span> 
     </span>
     <span class='ocr_line' id='line_1_10' title="bbox 91 1438 1286 1553; baseline -0.002 -28"><span class='ocrx_word' id='word_1_87' title='bbox 91 1438 243 1541; x_wconf 73' lang='grc' dir='ltr'>ἰσότητα</span> <span class='ocrx_word' id='word_1_88' title='bbox 269 1443 493 1548; x_wconf 78' lang='grc' dir='ltr'>πραγμάτων</span> <span class='ocrx_word' id='word_1_89' title='bbox 521 1447 688 1553; x_wconf 70' lang='grc' dir='ltr'>εἰσφέρει,</span> <span class='ocrx_word' id='word_1_90' title='bbox 717 1444 798 1526; x_wconf 86' lang='grc' dir='ltr'>καθ’</span> <span class='ocrx_word' id='word_1_91' title='bbox 828 1444 878 1527; x_wconf 78' lang='grc' dir='ltr'>ὧν</span> <span class='ocrx_word' id='word_1_92' title='bbox 906 1444 950 1526; x_wconf 82' lang='grc' dir='ltr'>ἂν</span> <span class='ocrx_word' id='word_1_93' title='bbox 978 1447 1140 1553; x_wconf 90' lang='grc' dir='ltr'>φαίνοιτο</span> <span class='ocrx_word' id='word_1_94' title='bbox 1171 1443 1286 1541; x_wconf 74' lang='grc' dir='ltr'>τεθὲν,</span> 
     </span>
    </p>
   </div>
   <div class='ocr_carea' id='block_1_3' title="bbox 1333 821 1442 872">
    <p class='ocr_par' dir='ltr' id='par_1_3' title="bbox 1333 821 1442 872">
     <span class='ocr_line' id='line_1_11' title="bbox 1333 821 1442 872; baseline -0.02 0"><span class='ocrx_word' id='word_1_95' title='bbox 1333 822 1422 872; x_wconf 85' lang='lat' dir='ltr'><strong>Mic.</strong></span> <span class='ocrx_word' id='word_1_96' title='bbox 1406 821 1442 871; x_wconf 84' lang='lat' dir='ltr'>ui.</span> 
     </span>
    </p>
   </div>
   <div class='ocr_carea' id='block_1_4' title="bbox 45 1567 1459 1674">
    <p class='ocr_par' dir='ltr' id='par_1_4' title="bbox 45 1567 1459 1674">
     <span class='ocr_line' id='line_1_12' title="bbox 45 1567 1459 1674; baseline 0.001 -32"><span class='ocrx_word' id='word_1_97' title='bbox 45 1598 80 1638; x_wconf 91' lang='grc' dir='ltr'>ιο</span> <span class='ocrx_word' id='word_1_98' title='bbox 91 1597 265 1660; x_wconf 89' lang='grc' dir='ltr'>ομοιωσιν</span> <span class='ocrx_word' id='word_1_99' title='bbox 302 1568 345 1648; x_wconf 77' lang='grc' dir='ltr'>δέ</span> <span class='ocrx_word' id='word_1_100' title='bbox 376 1604 456 1649; x_wconf 90' lang='grc' dir='ltr'>τινα</span> <span class='ocrx_word' id='word_1_101' title='bbox 491 1570 735 1674; x_wconf 83' lang='grc' dir='ltr'>χαρακτηρίζει</span> <span class='ocrx_word' id='word_1_102' title='bbox 771 1570 960 1667; x_wconf 79' lang='grc' dir='ltr'>πολλάκις,</span> <span class='ocrx_word' id='word_1_103' title='bbox 994 1567 1079 1667; x_wconf 81' lang='grc' dir='ltr'>οῖον,</span> <span class='ocrx_word' id='word_1_104' title='bbox 1111 1569 1285 1674; x_wconf 78' lang='grc' dir='ltr'>φησὶν,</span> <span class='ocrx_word' id='word_1_105' title='bbox 1270 1603 1320 1647; x_wconf 79' lang='grc' dir='ltr'>οι</span> <span class='ocrx_word' id='word_1_106' title='bbox 1344 1587 1459 1645; x_wconf 70' lang='lat' dir='ltr'>am.</span> 
     </span>
    </p>
   </div>
   <div class='ocr_carea' id='block_1_5' title="bbox 94 1686 1436 1842">
    <p class='ocr_par' dir='ltr' id='par_1_5' title="bbox 94 1686 1436 1842">
     <span class='ocr_line' id='line_1_13' title="bbox 94 1686 1436 1842; baseline -0.026 -45"><span class='ocrx_word' id='word_1_107' title='bbox 94 1686 310 1792; x_wconf 62' lang='lat' dir='ltr'>2⁰ff&#39;197s0v</span> <span class='ocrx_word' id='word_1_108' title='bbox 329 1693 569 1793; x_wconf 72' lang='grc' dir='ltr'>συμβουλεύει</span> <span class='ocrx_word' id='word_1_109' title='bbox 592 1694 709 1842; x_wconf 78' lang='grc' dir='ltr'>λε’γμν</span> <span class='ocrx_word' id='word_1_110' title='bbox 725 1706 746 1741; x_wconf 87' lang='grc'><strong>“</strong></span> <span class='ocrx_word' id='word_1_111' title='bbox 759 1695 958 1774; x_wconf 83' lang='grc' dir='ltr'>Γίνεσθε’</span> <span class='ocrx_word' id='word_1_112' title='bbox 926 1695 1154 1797; x_wconf 88' lang='grc' dir='ltr'>οικτίρμονες,</span> <span class='ocrx_word' id='word_1_113' title='bbox 1174 1691 1291 1775; x_wconf 82' lang='grc' dir='ltr'>καθὼς</span> <span class='ocrx_word' id='word_1_114' title='bbox 1337 1689 1436 1816; x_wconf 51' lang='lat' dir='ltr'>S:¹³¹⁰-</span> 
     </span>
    </p>
   </div>
   <div class='ocr_carea' id='block_1_6' title="bbox 93 1811 1292 2044">
    <p class='ocr_par' dir='ltr' id='par_1_6' title="bbox 93 1811 1292 2044">
     <span class='ocr_line' id='line_1_14' title="bbox 93 1811 1292 1919; baseline 0.001 -27.037"><span class='ocrx_word' id='word_1_115' title='bbox 93 1820 194 1893; x_wconf 84' lang='grc' dir='ltr'>“και</span> <span class='ocrx_word' id='word_1_116' title='bbox 181 1814 236 1892; x_wconf 92' lang='lat'><strong><em>5</em></strong></span> <span class='ocrx_word' id='word_1_117' title='bbox 257 1811 428 1917; x_wconf 77' lang='grc' dir='ltr'>Πατὴρ</span> <span class='ocrx_word' id='word_1_118' title='bbox 411 1824 509 1914; x_wconf 86' lang='grc' dir='ltr'>υμῶν</span> <span class='ocrx_word' id='word_1_119' title='bbox 535 1819 555 1896; x_wconf 88' lang='grc' dir='ltr'>ὁ</span> <span class='ocrx_word' id='word_1_120' title='bbox 580 1815 741 1919; x_wconf 79' lang='grc' dir='ltr'>οὐράνιος</span> <span class='ocrx_word' id='word_1_121' title='bbox 767 1818 955 1919; x_wconf 81' lang='grc' dir='ltr'>οἰκτίρμων</span> <span class='ocrx_word' id='word_1_122' title='bbox 980 1817 1113 1897; x_wconf 85' lang='grc' dir='ltr'>ε’στί.”ν</span> <span class='ocrx_word' id='word_1_123' title='bbox 1152 1812 1207 1918; x_wconf 80' lang='grc' dir='ltr'>ἆρ’</span> <span class='ocrx_word' id='word_1_124' title='bbox 1228 1815 1292 1894; x_wconf 79' lang='grc' dir='ltr'>οὖν</span> 
     </span>
     <span class='ocr_line' id='line_1_15' title="bbox 93 1935 1289 2044; baseline 0.007 -29"><span class='ocrx_word' id='word_1_125' title='bbox 93 1935 250 2036; x_wconf 80' lang='grc' dir='ltr'>ἐσόμεθα</span> <span class='ocrx_word' id='word_1_126' title='bbox 275 1941 629 2044; x_wconf 71' lang='grc' dir='ltr'>φιλοικτίρμονες“</span> <span class='ocrx_word' id='word_1_127' title='bbox 586 1976 708 2038; x_wconf 90' lang='grc' dir='ltr'>ουτως,</span> <span class='ocrx_word' id='word_1_128' title='bbox 728 1945 775 2024; x_wconf 86' lang='grc' dir='ltr'>ὡς</span> <span class='ocrx_word' id='word_1_129' title='bbox 801 1940 980 2042; x_wconf 84' lang='grc' dir='ltr'>ὁΠατὴρ,</span> <span class='ocrx_word' id='word_1_130' title='bbox 999 1939 1058 2018; x_wconf 76' lang='grc' dir='ltr'>διὰ</span> <span class='ocrx_word' id='word_1_131' title='bbox 1081 1975 1123 2020; x_wconf 95' lang='grc' dir='ltr'>το</span> <span class='ocrx_word' id='word_1_132' title='bbox 1113 1936 1289 2032; x_wconf 74' lang='grc' dir='ltr'>’Καθόςς</span> 
     </span>
    </p>
   </div>
   <div class='ocr_carea' id='block_1_7' title="bbox 95 2061 1408 2224">
    <p class='ocr_par' dir='ltr' id='par_1_7' title="bbox 95 2061 1408 2224">
     <span class='ocr_line' id='line_1_16' title="bbox 95 2061 1291 2167; baseline 0.002 -30"><span class='ocrx_word' id='word_1_133' title='bbox 95 2062 153 2140; x_wconf 79' lang='grc' dir='ltr'>καῖ</span> <span class='ocrx_word' id='word_1_134' title='bbox 179 2061 292 2142; x_wconf 86' lang='grc' dir='ltr'>πάλιν</span> <span class='ocrx_word' id='word_1_135' title='bbox 317 2065 337 2142; x_wconf 89' lang='lat'><strong><em>5</em></strong></span> <span class='ocrx_word' id='word_1_136' title='bbox 363 2062 524 2165; x_wconf 79' lang='grc' dir='ltr'>Χριστὸς</span> <span class='ocrx_word' id='word_1_137' title='bbox 553 2065 650 2167; x_wconf 84' lang='grc' dir='ltr'>λε’γει</span> <span class='ocrx_word' id='word_1_138' title='bbox 678 2064 768 2165; x_wconf 85' lang='grc' dir='ltr'>πρὸς</span> <span class='ocrx_word' id='word_1_139' title='bbox 795 2063 858 2143; x_wconf 81' lang='grc' dir='ltr'>τὸν</span> <span class='ocrx_word' id='word_1_140' title='bbox 885 2066 1011 2143; x_wconf 83' lang='grc' dir='ltr'>ἑαυτοῦ</span> <span class='ocrx_word' id='word_1_141' title='bbox 1037 2062 1183 2165; x_wconf 76' lang='grc' dir='ltr'>Πατέρα</span> <span class='ocrx_word' id='word_1_142' title='bbox 1208 2064 1291 2164; x_wconf 84' lang='grc' dir='ltr'>περὶ</span> 
     </span>
     <span class='ocr_line' id='line_1_17' title="bbox 1270 2175 1408 2224; baseline 0 0"><span class='ocrx_word' id='word_1_143' title='bbox 1270 2185 1289 2211; x_wconf 67' lang='grc' dir='ltr'>»ν</span> <span class='ocrx_word' id='word_1_144' title='bbox 1337 2175 1408 2224; x_wconf 74' lang='lat' dir='ltr'><strong>Infra</strong></span> 
     </span>
    </p>
   </div>
   <div class='ocr_carea' id='block_1_8' title="bbox 45 2183 1452 2304">
    <p class='ocr_par' dir='ltr' id='par_1_8' title="bbox 45 2183 1452 2304">
     <span class='ocr_line' id='line_1_18' title="bbox 45 2183 1452 2304; baseline 0.019 -42"><span class='ocrx_word' id='word_1_145' title='bbox 45 2208 82 2270; x_wconf 88' lang='lat'>15</span> <span class='ocrx_word' id='word_1_146' title='bbox 95 2191 167 2264; x_wconf 84' lang='grc' dir='ltr'>τῶν</span> <span class='ocrx_word' id='word_1_147' title='bbox 189 2191 361 2287; x_wconf 83' lang='grc' dir='ltr'>μαθητῶν</span> <span class='ocrx_word' id='word_1_148' title='bbox 380 2198 400 2233; x_wconf 89' lang='grc'><strong>“</strong></span> <span class='ocrx_word' id='word_1_149' title='bbox 419 2185 642 2287; x_wconf 85' lang='grc' dir='ltr'>Ἠγοίπησας</span> <span class='ocrx_word' id='word_1_150' title='bbox 669 2185 806 2284; x_wconf 70' lang='grc' dir='ltr'>αὐτοῖς,</span> <span class='ocrx_word' id='word_1_151' title='bbox 830 2187 946 2271; x_wconf 63' lang='grc' dir='ltr'>καθὼς</span> <span class='ocrx_word' id='word_1_152' title='bbox 973 2185 1033 2285; x_wconf 60' lang='grc' dir='ltr'>ἐμὲ</span> <span class='ocrx_word' id='word_1_153' title='bbox 1059 2183 1266 2287; x_wconf 60' lang='grc' dir='ltr'>ἠγάπησας·</span> <span class='ocrx_word' id='word_1_154' title='bbox 1337 2240 1397 2292; x_wconf 76' lang='lat' dir='ltr'><strong>xvii.</strong></span> <span class='ocrx_word' id='word_1_155' title='bbox 1413 2253 1452 2304; x_wconf 65' lang='grc' dir='ltr'>η.</span> 
     </span>
    </p>
   </div>
   <div class='ocr_carea' id='block_1_9' title="bbox 45 2306 1326 3033">
    <p class='ocr_par' dir='ltr' id='par_1_9' title="bbox 45 2306 1326 3033">
     <span class='ocr_line' id='line_1_19' title="bbox 94 2306 1291 2414; baseline -0.003 -26"><span class='ocrx_word' id='word_1_156' title='bbox 94 2309 179 2388; x_wconf 76' lang='grc' dir='ltr'>ἀλλ’</span> <span class='ocrx_word' id='word_1_157' title='bbox 206 2311 273 2414; x_wconf 82' lang='grc' dir='ltr'>οὐχ</span> <span class='ocrx_word' id='word_1_158' title='bbox 300 2312 393 2390; x_wconf 80' lang='grc' dir='ltr'>οὕτω</span> <span class='ocrx_word' id='word_1_159' title='bbox 421 2310 584 2407; x_wconf 80' lang='grc' dir='ltr'>δώσομεν</span> <span class='ocrx_word' id='word_1_160' title='bbox 609 2309 821 2409; x_wconf 81' lang='grc' dir='ltr'>ἠγαπῆσθαι</span> <span class='ocrx_word' id='word_1_161' title='bbox 848 2308 930 2394; x_wconf 77' lang='grc' dir='ltr'>τοὺς</span> <span class='ocrx_word' id='word_1_162' title='bbox 957 2307 1131 2410; x_wconf 79' lang='grc' dir='ltr'>μαθητὰς,</span> <span class='ocrx_word' id='word_1_163' title='bbox 1152 2312 1197 2391; x_wconf 87' lang='grc' dir='ltr'>ὡς</span> <span class='ocrx_word' id='word_1_164' title='bbox 1227 2306 1291 2386; x_wconf 86' lang='grc' dir='ltr'>τὸν</span> 
     </span>
     <span class='ocr_line' id='line_1_20' title="bbox 95 2429 1292 2537; baseline -0.002 -25"><span class='ocrx_word' id='word_1_165' title='bbox 95 2429 187 2512; x_wconf 78' lang='grc' dir='ltr'>Υῖὸν</span> <span class='ocrx_word' id='word_1_166' title='bbox 204 2430 327 2530; x_wconf 79' lang='grc' dir='ltr'>πόλιν,</span> <span class='ocrx_word' id='word_1_167' title='bbox 346 2433 404 2514; x_wconf 79' lang='grc' dir='ltr'>διὰ</span> <span class='ocrx_word' id='word_1_168' title='bbox 423 2432 465 2514; x_wconf 92' lang='grc' dir='ltr'>τό</span> <span class='ocrx_word' id='word_1_169' title='bbox 486 2430 615 2518; x_wconf 80' lang='grc' dir='ltr'>Καθιίς.</span> <span class='ocrx_word' id='word_1_170' title='bbox 649 2436 687 2513; x_wconf 95' lang='grc' dir='ltr'>τί</span> <span class='ocrx_word' id='word_1_171' title='bbox 703 2434 765 2513; x_wconf 83' lang='grc' dir='ltr'>οὖν</span> <span class='ocrx_word' id='word_1_172' title='bbox 782 2436 1020 2537; x_wconf 82' lang='grc' dir='ltr'>εὖρεσιλογεῖς</span> <span class='ocrx_word' id='word_1_173' title='bbox 1039 2434 1097 2513; x_wconf 84' lang='grc' dir='ltr'>καὶ</span> <span class='ocrx_word' id='word_1_174' title='bbox 1115 2429 1292 2536; x_wconf 77' lang='grc' dir='ltr'>οῖποβιόζη</span> 
     </span>
     <span class='ocr_line' id='line_1_21' title="bbox 96 2553 1326 2664; baseline 0 -30"><span class='ocrx_word' id='word_1_175' title='bbox 96 2553 163 2654; x_wconf 76' lang='grc' dir='ltr'>τὴν</span> <span class='ocrx_word' id='word_1_176' title='bbox 182 2555 281 2664; x_wconf 77' lang='grc' dir='ltr'>λε’ξιν</span> <span class='ocrx_word' id='word_1_177' title='bbox 298 2563 345 2640; x_wconf 79' lang='grc' dir='ltr'>εἰς</span> <span class='ocrx_word' id='word_1_178' title='bbox 364 2554 584 2661; x_wconf 84' lang='grc' dir='ltr'>δυσφημίαν,</span> <span class='ocrx_word' id='word_1_179' title='bbox 600 2558 766 2656; x_wconf 79' lang='grc' dir='ltr'>οὐδεμίαν</span> <span class='ocrx_word' id='word_1_180' title='bbox 785 2565 859 2645; x_wconf 84' lang='grc' dir='ltr'>τοῖς</span> <span class='ocrx_word' id='word_1_181' title='bbox 876 2557 1112 2662; x_wconf 75' lang='grc' dir='ltr'>ἀκροωμένοις</span> <span class='ocrx_word' id='word_1_182' title='bbox 1133 2554 1326 2658; x_wconf 75' lang='grc' dir='ltr'>ἁνοίγκηνὶ)</span> 
     </span>
     <span class='ocr_line' id='line_1_22' title="bbox 97 2678 1295 2790; baseline 0.001 -31"><span class='ocrx_word' id='word_1_183' title='bbox 97 2679 349 2785; x_wconf 75' lang='grc' dir='ltr'>είσφέρουσαν,</span> <span class='ocrx_word' id='word_1_184' title='bbox 368 2686 416 2764; x_wconf 84' lang='grc' dir='ltr'>είς</span> <span class='ocrx_word' id='word_1_185' title='bbox 441 2678 483 2759; x_wconf 83' lang='grc' dir='ltr'>τὸ</span> <span class='ocrx_word' id='word_1_186' title='bbox 508 2685 636 2785; x_wconf 80' lang='grc' dir='ltr'>χρῆναι</span> <span class='ocrx_word' id='word_1_187' title='bbox 663 2690 769 2785; x_wconf 86' lang='grc' dir='ltr'>τιμοῖν</span> <span class='ocrx_word' id='word_1_188' title='bbox 787 2684 838 2764; x_wconf 67' lang='grc' dir='ltr'>τόν</span> <span class='ocrx_word' id='word_1_189' title='bbox 857 2684 928 2763; x_wconf 75' lang='grc' dir='ltr'>Υῖιν</span> <span class='ocrx_word' id='word_1_190' title='bbox 946 2684 984 2762; x_wconf 83' lang='grc' dir='ltr'>ἐν</span> <span class='ocrx_word' id='word_1_191' title='bbox 1002 2680 1073 2790; x_wconf 81' lang='grc' dir='ltr'>’ίσιρ</span> <span class='ocrx_word' id='word_1_192' title='bbox 1097 2679 1214 2790; x_wconf 80' lang='grc' dir='ltr'>με’τριρ</span> <span class='ocrx_word' id='word_1_193' title='bbox 1243 2685 1295 2789; x_wconf 79' lang='grc' dir='ltr'>τῷ</span> 
     </span>
     <span class='ocr_line' id='line_1_23' title="bbox 45 2803 279 2910; baseline 0.021 -31"><span class='ocrx_word' id='word_1_194' title='bbox 45 2840 84 2880; x_wconf 73' lang='grc' dir='ltr'>ιο</span> <span class='ocrx_word' id='word_1_195' title='bbox 97 2803 279 2910; x_wconf 80' lang='grc' dir='ltr'>φύσαντι;</span> 
     </span>
     <span class='ocr_line' id='line_1_24' title="bbox 154 2926 1296 3033; baseline -0.001 -25"><span class='ocrx_word' id='word_1_196' title='bbox 154 2928 206 3008; x_wconf 90' lang='grc' dir='ltr'>Τί</span> <span class='ocrx_word' id='word_1_197' title='bbox 229 2929 291 3008; x_wconf 80' lang='grc' dir='ltr'>οὖν</span> <span class='ocrx_word' id='word_1_198' title='bbox 318 2928 408 3033; x_wconf 81' lang='grc' dir='ltr'>πρὸς</span> <span class='ocrx_word' id='word_1_199' title='bbox 436 2937 547 3007; x_wconf 82' lang='grc' dir='ltr'>ταῦτα</span> <span class='ocrx_word' id='word_1_200' title='bbox 576 2932 633 3008; x_wconf 79' lang='grc' dir='ltr'>καὶ</span> <span class='ocrx_word' id='word_1_201' title='bbox 661 2929 745 3030; x_wconf 83' lang='grc' dir='ltr'>παρ’</span> <span class='ocrx_word' id='word_1_202' title='bbox 774 2929 899 3028; x_wconf 79' lang='grc' dir='ltr'>ἡμῶν;</span> <span class='ocrx_word' id='word_1_203' title='bbox 936 2936 1074 3030; x_wconf 84' lang='grc' dir='ltr'>πικροῖς</span> <span class='ocrx_word' id='word_1_204' title='bbox 1101 2926 1167 3028; x_wconf 71' lang='grc' dir='ltr'>μὲν</span> <span class='ocrx_word' id='word_1_205' title='bbox 1195 2929 1296 3028; x_wconf 79' lang='grc' dir='ltr'>ἡμῶν</span> 
     </span>
    </p>
   </div>
   <div class='ocr_carea' id='block_1_10' title="bbox 1191 3050 1455 3101">
    <p class='ocr_par' dir='ltr' id='par_1_10' title="bbox 1191 3050 1455 3101">
     <span class='ocr_line' id='line_1_25' title="bbox 1191 3050 1455 3101; baseline -0.008 -1"><span class='ocrx_word' id='word_1_206' title='bbox 1191 3053 1200 3077; x_wconf 86' lang='grc'><em>’</em></span> <span class='ocrx_word' id='word_1_207' title='bbox 1274 3054 1293 3079; x_wconf 88' lang='grc'>”</span> <span class='ocrx_word' id='word_1_208' title='bbox 1341 3050 1406 3101; x_wconf 87' lang='lat' dir='ltr'>Phil.</span> <span class='ocrx_word' id='word_1_209' title='bbox 1419 3050 1455 3099; x_wconf 87' lang='lat' dir='ltr'><strong>iii.</strong></span> 
     </span>
    </p>
   </div>
   <div class='ocr_carea' id='block_1_11' title="bbox 45 3048 1366 4444">
    <p class='ocr_par' dir='ltr' id='par_1_11' title="bbox 45 3048 1366 4444">
     <span class='ocr_line' id='line_1_26' title="bbox 97 3048 1366 3167; baseline 0.002 -35"><span class='ocrx_word' id='word_1_210' title='bbox 97 3059 366 3134; x_wconf 85' lang='grc' dir='ltr'>καθυλακτοῦσι</span> <span class='ocrx_word' id='word_1_211' title='bbox 392 3051 514 3154; x_wconf 85' lang='grc' dir='ltr'>λόγοις</span> <span class='ocrx_word' id='word_1_212' title='bbox 540 3056 572 3131; x_wconf 85' lang='grc' dir='ltr'>οῖ</span> <span class='ocrx_word' id='word_1_213' title='bbox 600 3052 779 3157; x_wconf 82' lang='grc' dir='ltr'>θεομάχοι,</span> <span class='ocrx_word' id='word_1_214' title='bbox 798 3053 881 3131; x_wconf 87' lang='grc' dir='ltr'>ἀλλ’</span> <span class='ocrx_word' id='word_1_215' title='bbox 903 3048 1039 3158; x_wconf 82' lang='grc' dir='ltr'>“Ἔξω</span> <span class='ocrx_word' id='word_1_216' title='bbox 1057 3051 1138 3134; x_wconf 75' lang='grc' dir='ltr'>τοὺς</span> <span class='ocrx_word' id='word_1_217' title='bbox 1157 3086 1274 3150; x_wconf 89' lang='grc' dir='ltr'>κυνας,</span> <span class='ocrx_word' id='word_1_218' title='bbox 1343 3131 1366 3167; x_wconf 45' lang='grc' dir='ltr'><strong>λ</strong></span> 
     </span>
     <span class='ocr_line' id='line_1_27' title="bbox 97 3173 1297 3282; baseline 0.001 -27"><span class='ocrx_word' id='word_1_219' title='bbox 97 3179 146 3260; x_wconf 80' lang='grc' dir='ltr'>ὡς</span> <span class='ocrx_word' id='word_1_220' title='bbox 171 3178 191 3255; x_wconf 89' lang='grc' dir='ltr'>ὁ</span> <span class='ocrx_word' id='word_1_221' title='bbox 215 3175 363 3260; x_wconf 83' lang='grc' dir='ltr'>Παῦλός</span> <span class='ocrx_word' id='word_1_222' title='bbox 389 3185 515 3282; x_wconf 85' lang='grc' dir='ltr'>φησιν,</span> <span class='ocrx_word' id='word_1_223' title='bbox 535 3184 556 3223; x_wconf 86' lang='lat'>“</span> <span class='ocrx_word' id='word_1_224' title='bbox 569 3175 639 3281; x_wconf 77' lang='grc' dir='ltr'>ἔξω</span> <span class='ocrx_word' id='word_1_225' title='bbox 667 3173 748 3259; x_wconf 76' lang='grc' dir='ltr'>τοὺς</span> <span class='ocrx_word' id='word_1_226' title='bbox 776 3173 905 3259; x_wconf 76' lang='grc' dir='ltr'>κακοὺς</span> <span class='ocrx_word' id='word_1_227' title='bbox 932 3174 1095 3277; x_wconf 79' lang='grc' dir='ltr'>ἐργάτας,</span> <span class='ocrx_word' id='word_1_228' title='bbox 1114 3173 1208 3280; x_wconf 80' lang='grc' dir='ltr'>ἕξω”</span> <span class='ocrx_word' id='word_1_229' title='bbox 1233 3177 1297 3272; x_wconf 76' lang='grc' dir='ltr'>τῆς</span> 
     </span>
     <span class='ocr_line' id='line_1_28' title="bbox 98 3296 1299 3400; baseline -0.002 -20"><span class='ocrx_word' id='word_1_230' title='bbox 98 3301 207 3400; x_wconf 81' lang='grc' dir='ltr'>ὀρθῆς</span> <span class='ocrx_word' id='word_1_231' title='bbox 224 3302 380 3384; x_wconf 90' lang='grc' dir='ltr'>πίστεως</span> <span class='ocrx_word' id='word_1_232' title='bbox 400 3309 422 3346; x_wconf 84' lang='grc'><strong>“</strong></span> <span class='ocrx_word' id='word_1_233' title='bbox 436 3297 502 3398; x_wconf 75' lang='grc' dir='ltr'>τὴν</span> <span class='ocrx_word' id='word_1_234' title='bbox 520 3296 754 3398; x_wconf 81' lang='grc' dir='ltr'>κατατομήν.”</span> <span class='ocrx_word' id='word_1_235' title='bbox 785 3299 882 3396; x_wconf 81' lang='grc' dir='ltr'>ἡμεῖς</span> <span class='ocrx_word' id='word_1_236' title='bbox 901 3298 967 3398; x_wconf 78' lang='grc' dir='ltr'>μὲν</span> <span class='ocrx_word' id='word_1_237' title='bbox 985 3297 1057 3399; x_wconf 83' lang='grc' dir='ltr'>γάρ</span> <span class='ocrx_word' id='word_1_238' title='bbox 1079 3300 1189 3396; x_wconf 88' lang='grc' dir='ltr'>ε’σμεν</span> <span class='ocrx_word' id='word_1_239' title='bbox 1207 3300 1299 3398; x_wconf 82' lang='grc' dir='ltr'>ἀλη-</span> 
     </span>
     <span class='ocr_line' id='line_1_29' title="bbox 45 3420 1299 3530; baseline -0.004 -23"><span class='ocrx_word' id='word_1_240' title='bbox 45 3447 83 3507; x_wconf 79' lang='lat'>25</span> <span class='ocrx_word' id='word_1_241' title='bbox 99 3425 195 3507; x_wconf 89' lang='grc' dir='ltr'>θείας</span> <span class='ocrx_word' id='word_1_242' title='bbox 214 3428 291 3522; x_wconf 79' lang='grc' dir='ltr'>υίοὶ,</span> <span class='ocrx_word' id='word_1_243' title='bbox 310 3429 366 3503; x_wconf 82' lang='grc' dir='ltr'>καὶ</span> <span class='ocrx_word' id='word_1_244' title='bbox 385 3422 491 3502; x_wconf 77' lang='grc' dir='ltr'>τέκνα</span> <span class='ocrx_word' id='word_1_245' title='bbox 516 3421 646 3527; x_wconf 89' lang='grc' dir='ltr'>φωτός·</span> <span class='ocrx_word' id='word_1_246' title='bbox 681 3422 793 3501; x_wconf 83' lang='grc' dir='ltr'>διάτοι</span> <span class='ocrx_word' id='word_1_247' title='bbox 818 3430 925 3502; x_wconf 81' lang='grc' dir='ltr'>τοῦτο</span> <span class='ocrx_word' id='word_1_248' title='bbox 948 3420 1012 3502; x_wconf 82' lang='grc' dir='ltr'>τὸν</span> <span class='ocrx_word' id='word_1_249' title='bbox 1033 3427 1223 3525; x_wconf 81' lang='grc' dir='ltr'>Μονογενῆ</span> <span class='ocrx_word' id='word_1_250' title='bbox 1247 3428 1299 3530; x_wconf 78' lang='grc' dir='ltr'>τῷ</span> 
     </span>
     <span class='ocr_line' id='line_1_30' title="bbox 100 3542 1297 3655; baseline -0.004 -28"><span class='ocrx_word' id='word_1_251' title='bbox 100 3552 184 3655; x_wconf 78' lang='grc' dir='ltr'>θεῷ</span> <span class='ocrx_word' id='word_1_252' title='bbox 210 3551 267 3627; x_wconf 78' lang='grc' dir='ltr'>καὶ</span> <span class='ocrx_word' id='word_1_253' title='bbox 290 3549 407 3648; x_wconf 82' lang='grc' dir='ltr'>Πατρῖ</span> <span class='ocrx_word' id='word_1_254' title='bbox 431 3542 706 3651; x_wconf 80' lang='grc' dir='ltr'>συνδοξόζομεν,</span> <span class='ocrx_word' id='word_1_255' title='bbox 726 3547 767 3624; x_wconf 85' lang='grc' dir='ltr'>οὐ</span> <span class='ocrx_word' id='word_1_256' title='bbox 786 3544 877 3624; x_wconf 86' lang='grc' dir='ltr'>κατοί</span> <span class='ocrx_word' id='word_1_257' title='bbox 899 3579 978 3624; x_wconf 90' lang='grc' dir='ltr'>τινα</span> <span class='ocrx_word' id='word_1_258' title='bbox 1005 3544 1193 3651; x_wconf 78' lang='grc' dir='ltr'>διαφορὰν,</span> <span class='ocrx_word' id='word_1_259' title='bbox 1213 3547 1297 3625; x_wconf 83' lang='grc' dir='ltr'>ἀλλ’</span> 
     </span>
     <span class='ocr_line' id='line_1_31' title="bbox 99 3667 1329 3775; baseline -0.004 -26"><span class='ocrx_word' id='word_1_260' title='bbox 99 3673 137 3749; x_wconf 82' lang='grc' dir='ltr'>ἐν</span> <span class='ocrx_word' id='word_1_261' title='bbox 156 3669 295 3769; x_wconf 82' lang='grc' dir='ltr'>ἰσότητι</span> <span class='ocrx_word' id='word_1_262' title='bbox 312 3674 415 3770; x_wconf 80' lang='grc' dir='ltr'>τιμῆς</span> <span class='ocrx_word' id='word_1_263' title='bbox 434 3704 472 3748; x_wconf 90' lang='grc' dir='ltr'>τε</span> <span class='ocrx_word' id='word_1_264' title='bbox 498 3675 554 3748; x_wconf 81' lang='grc' dir='ltr'>καὶ</span> <span class='ocrx_word' id='word_1_265' title='bbox 582 3667 700 3775; x_wconf 83' lang='grc' dir='ltr'>δόξης,</span> <span class='ocrx_word' id='word_1_266' title='bbox 720 3671 768 3751; x_wconf 85' lang='grc' dir='ltr'>ὡς</span> <span class='ocrx_word' id='word_1_267' title='bbox 787 3668 883 3748; x_wconf 84' lang='grc' dir='ltr'>θεὸν</span> <span class='ocrx_word' id='word_1_268' title='bbox 901 3672 939 3748; x_wconf 83' lang='grc' dir='ltr'>ἐκ</span> <span class='ocrx_word' id='word_1_269' title='bbox 960 3673 1067 3766; x_wconf 84' lang='grc' dir='ltr'>Θεοῦ,</span> <span class='ocrx_word' id='word_1_270' title='bbox 1086 3673 1144 3748; x_wconf 79' lang='grc' dir='ltr'>καὶ</span> <span class='ocrx_word' id='word_1_271' title='bbox 1163 3676 1241 3775; x_wconf 81' lang='grc' dir='ltr'>φῶς</span> <span class='ocrx_word' id='word_1_272' title='bbox 1260 3671 1329 3748; x_wconf 89' lang='grc' dir='ltr'>ε’κο</span> 
     </span>
     <span class='ocr_line' id='line_1_32' title="bbox 85 3790 1300 3898; baseline -0.005 -23"><span class='ocrx_word' id='word_1_273' title='bbox 85 3791 232 3898; x_wconf 81' lang='grc' dir='ltr'>φωτός,</span> <span class='ocrx_word' id='word_1_274' title='bbox 251 3800 308 3872; x_wconf 82' lang='grc' dir='ltr'>καὶ</span> <span class='ocrx_word' id='word_1_275' title='bbox 328 3793 419 3895; x_wconf 73' lang='grc' dir='ltr'>ζωὴν</span> <span class='ocrx_word' id='word_1_276' title='bbox 437 3795 475 3870; x_wconf 83' lang='grc' dir='ltr'>ἐκ</span> <span class='ocrx_word' id='word_1_277' title='bbox 494 3792 595 3894; x_wconf 70' lang='grc' dir='ltr'>ζωῆς.</span> <span class='ocrx_word' id='word_1_278' title='bbox 636 3795 693 3870; x_wconf 82' lang='grc' dir='ltr'>καὶ</span> <span class='ocrx_word' id='word_1_279' title='bbox 711 3790 1003 3894; x_wconf 78' lang='grc' dir='ltr'>περιεργάζεσθαι</span> <span class='ocrx_word' id='word_1_280' title='bbox 1027 3790 1093 3889; x_wconf 76' lang='grc' dir='ltr'>μὲν</span> <span class='ocrx_word' id='word_1_281' title='bbox 1111 3790 1152 3870; x_wconf 83' lang='grc' dir='ltr'>τὸ</span> <span class='ocrx_word' id='word_1_282' title='bbox 1178 3791 1300 3870; x_wconf 87' lang='grc' dir='ltr'>πίστει</span> 
     </span>
     <span class='ocr_line' id='line_1_33' title="bbox 99 3912 1298 4018; baseline -0.004 -22"><span class='ocrx_word' id='word_1_283' title='bbox 99 3914 333 4018; x_wconf 84' lang='grc' dir='ltr'>παραδεκτὸν,</span> <span class='ocrx_word' id='word_1_284' title='bbox 352 3919 400 3998; x_wconf 84' lang='grc' dir='ltr'>ὡς</span> <span class='ocrx_word' id='word_1_285' title='bbox 425 3918 482 3995; x_wconf 82' lang='grc' dir='ltr'>ἐπὶ</span> <span class='ocrx_word' id='word_1_286' title='bbox 507 3923 682 3994; x_wconf 90' lang='grc' dir='ltr'>πλεῖστον</span> <span class='ocrx_word' id='word_1_287' title='bbox 701 3915 765 3993; x_wconf 82' lang='grc' dir='ltr'>οὐκ</span> <span class='ocrx_word' id='word_1_288' title='bbox 784 3916 965 4018; x_wconf 80' lang='grc' dir='ltr'>ἀσφαλές·</span> <span class='ocrx_word' id='word_1_289' title='bbox 996 3913 1243 4009; x_wconf 73' lang='grc' dir='ltr'>βασανιστέον</span> <span class='ocrx_word' id='word_1_290' title='bbox 1262 3912 1298 3991; x_wconf 91' lang='grc' dir='ltr'>δ’</span> 
     </span>
     <span class='ocr_line' id='line_1_34' title="bbox 45 4036 1300 4140; baseline 0 -26"><span class='ocrx_word' id='word_1_291' title='bbox 45 4074 86 4131; x_wconf 85' lang='lat'>30</span> <span class='ocrx_word' id='word_1_292' title='bbox 100 4041 164 4119; x_wconf 82' lang='grc' dir='ltr'>οὖν</span> <span class='ocrx_word' id='word_1_293' title='bbox 182 4039 276 4133; x_wconf 81' lang='grc' dir='ltr'>ὅμως</span> <span class='ocrx_word' id='word_1_294' title='bbox 296 4043 435 4119; x_wconf 81' lang='grc' dir='ltr'>καὶτοῦ</span> <span class='ocrx_word' id='word_1_295' title='bbox 456 4036 575 4123; x_wconf 67' lang='grc' dir='ltr'>Καθιῖκ</span> <span class='ocrx_word' id='word_1_296' title='bbox 594 4038 659 4136; x_wconf 78' lang='grc' dir='ltr'>τὴν</span> <span class='ocrx_word' id='word_1_297' title='bbox 679 4037 837 4135; x_wconf 82' lang='grc' dir='ltr'>δύναμιν,</span> <span class='ocrx_word' id='word_1_298' title='bbox 856 4037 914 4115; x_wconf 85' lang='grc' dir='ltr'>ἵνα</span> <span class='ocrx_word' id='word_1_299' title='bbox 932 4036 982 4136; x_wconf 76' lang='grc' dir='ltr'>μὴ</span> <span class='ocrx_word' id='word_1_300' title='bbox 1002 4036 1094 4138; x_wconf 81' lang='grc' dir='ltr'>με’γα</span> <span class='ocrx_word' id='word_1_301' title='bbox 1114 4042 1300 4140; x_wconf 82' lang='grc' dir='ltr'>φρονῶσιν</span> 
     </span>
     <span class='ocr_line' id='line_1_35' title="bbox 100 4159 1301 4269; baseline -0.002 -27"><span class='ocrx_word' id='word_1_302' title='bbox 100 4165 156 4269; x_wconf 82' lang='grc' dir='ltr'>ἐφ’</span> <span class='ocrx_word' id='word_1_303' title='bbox 183 4164 317 4247; x_wconf 79' lang='grc' dir='ltr'>ἑαυτοῖς</span> <span class='ocrx_word' id='word_1_304' title='bbox 346 4170 379 4243; x_wconf 86' lang='grc' dir='ltr'>οἱ</span> <span class='ocrx_word' id='word_1_305' title='bbox 408 4162 451 4243; x_wconf 81' lang='grc' dir='ltr'>δι’</span> <span class='ocrx_word' id='word_1_306' title='bbox 480 4163 649 4245; x_wconf 86' lang='grc' dir='ltr'>ἐναντίας.</span> <span class='ocrx_word' id='word_1_307' title='bbox 693 4162 819 4239; x_wconf 79' lang='grc' dir='ltr'>οὐκοῦν</span> <span class='ocrx_word' id='word_1_308' title='bbox 847 4162 904 4239; x_wconf 85' lang='grc' dir='ltr'>ε’πῖ</span> <span class='ocrx_word' id='word_1_309' title='bbox 932 4159 997 4259; x_wconf 71' lang='grc' dir='ltr'>μὲν</span> <span class='ocrx_word' id='word_1_310' title='bbox 1025 4165 1097 4239; x_wconf 82' lang='grc' dir='ltr'>τῶν</span> <span class='ocrx_word' id='word_1_311' title='bbox 1124 4160 1301 4258; x_wconf 83' lang='grc' dir='ltr'>ἀνομοίων</span> 
     </span>
     <span class='ocr_line' id='line_1_36' title="bbox 139 4368 1302 4444; baseline -0.006 -15"><span class='ocrx_word' id='word_1_312' title='bbox 139 4393 166 4444; x_wconf 83' lang='grc'>5.</span> <span class='ocrx_word' id='word_1_313' title='bbox 184 4374 325 4430; x_wconf 80' lang='grc' dir='ltr'>πάντεςΙ).</span> <span class='ocrx_word' id='word_1_314' title='bbox 338 4376 419 4429; x_wconf 84' lang='grc' dir='ltr'>πάντα</span> <span class='ocrx_word' id='word_1_315' title='bbox 434 4374 484 4428; x_wconf 82' lang='lat' dir='ltr'>Ed.</span> <span class='ocrx_word' id='word_1_316' title='bbox 627 4373 652 4426; x_wconf 94' lang='lat'>6.</span> <span class='ocrx_word' id='word_1_317' title='bbox 672 4371 800 4427; x_wconf 80' lang='grc' dir='ltr'>καθὼςΒ.</span> <span class='ocrx_word' id='word_1_318' title='bbox 813 4369 878 4423; x_wconf 77' lang='grc' dir='ltr'>καθὰ</span> <span class='ocrx_word' id='word_1_319' title='bbox 892 4369 943 4425; x_wconf 82' lang='lat' dir='ltr'>Ed.</span> <span class='ocrx_word' id='word_1_320' title='bbox 1087 4385 1129 4423; x_wconf 89' lang='lat'>10.</span> <span class='ocrx_word' id='word_1_321' title='bbox 1146 4368 1302 4438; x_wconf 81' lang='grc' dir='ltr'>δμοίωςρῐο</span> 
     </span>
    </p>
   </div>
   <div class='ocr_carea' id='block_1_12' title="bbox 103 4439 1302 4583">
    <p class='ocr_par' dir='ltr' id='par_1_12' title="bbox 103 4439 1302 4583">
     <span class='ocr_line' id='line_1_37' title="bbox 103 4439 1302 4515; baseline -0.005 -15"><span class='ocrx_word' id='word_1_322' title='bbox 103 4447 228 4515; x_wconf 81' lang='grc' dir='ltr'>ὁμοίωσιν</span> <span class='ocrx_word' id='word_1_323' title='bbox 242 4445 274 4498; x_wconf 86' lang='grc' dir='ltr'>Β.</span> <span class='ocrx_word' id='word_1_324' title='bbox 401 4462 441 4510; x_wconf 83' lang='grc'>14.</span> <span class='ocrx_word' id='word_1_325' title='bbox 460 4447 531 4514; x_wconf 81' lang='grc' dir='ltr'>λέγει</span> <span class='ocrx_word' id='word_1_326' title='bbox 545 4453 605 4514; x_wconf 80' lang='lat' dir='ltr'>post</span> <span class='ocrx_word' id='word_1_327' title='bbox 618 4444 723 4511; x_wconf 70' lang='grc' dir='ltr'>Πατέρα·</span> <span class='ocrx_word' id='word_1_328' title='bbox 734 4441 929 4510; x_wconf 75' lang='lat' dir='ltr'><strong>transponitB.</strong></span> <span class='ocrx_word' id='word_1_329' title='bbox 1059 4455 1104 4493; x_wconf 66' lang='grc' dir='ltr'>τε.</span> <span class='ocrx_word' id='word_1_330' title='bbox 1122 4442 1213 4509; x_wconf 85' lang='grc' dir='ltr'>λόγοις</span> <span class='ocrx_word' id='word_1_331' title='bbox 1224 4439 1302 4494; x_wconf 81' lang='grc' dir='ltr'>καθυ-</span> 
     </span>
     <span class='ocr_line' id='line_1_38' title="bbox 103 4509 999 4583; baseline -0.011 -11"><span class='ocrx_word' id='word_1_332' title='bbox 103 4521 244 4572; x_wconf 85' lang='grc' dir='ltr'>λοκτοῦσιν</span> <span class='ocrx_word' id='word_1_333' title='bbox 257 4517 360 4571; x_wconf 82' lang='grc' dir='ltr'>ἰονοτιο</span> <span class='ocrx_word' id='word_1_334' title='bbox 373 4515 465 4570; x_wconf 88' lang='lat' dir='ltr'>ordine</span> <span class='ocrx_word' id='word_1_335' title='bbox 480 4516 512 4569; x_wconf 91' lang='lat' dir='ltr'>B.</span> <span class='ocrx_word' id='word_1_336' title='bbox 619 4531 662 4580; x_wconf 78' lang='lat'>2⁴·</span> <span class='ocrx_word' id='word_1_337' title='bbox 679 4536 726 4583; x_wconf 84' lang='grc' dir='ltr'>μεν</span> <span class='ocrx_word' id='word_1_338' title='bbox 738 4521 907 4581; x_wconf 74' lang='lat' dir='ltr'><strong>assumptum</strong></span> <span class='ocrx_word' id='word_1_339' title='bbox 921 4527 953 4563; x_wconf 82' lang='grc' dir='ltr'>εκ</span> <span class='ocrx_word' id='word_1_340' title='bbox 967 4509 999 4562; x_wconf 89' lang='lat' dir='ltr'>B.</span> 
     </span>
    </p>
   </div>
   <div class='ocr_carea' id='block_1_13' title="bbox 0 0 1524 5018">
    <p class='ocr_par' dir='ltr' id='par_1_13' title="bbox 0 0 1524 5018">
     <span class='ocr_line' id='line_1_39' title="bbox 0 0 1524 5018; baseline 0 0"><span class='ocrx_word' id='word_1_341' title='bbox 0 0 1524 5018; x_wconf 95' lang='lat' dir='ltr'> </span> 
     </span>
    </p>
   </div>
  </div>
 </body>
</html>
