3038 5018
107 284 174 373 i.9.
278 288 335 353 IN
365 289 398 355 S.
422 289 677 358 JOANNEM.
722 292 818 357 LIB.
840 291 869 358 Ι.
914 293 1017 358 CAP.
1041 292 1140 357 VIII.
1265 293 1308 358 97

107 455 283 559 ἄτρεπτον
301 462 359 540 καὶ
377 462 624 543 ἀναλλοίωτον
641 463 790 565 ἀγαθὸν,
809 465 846 541 ἐκ
868 459 1012 563 Πατρδς
1036 463 1158 559 διῆκον
1176 464 1222 541 εἷς
1244 456 1308 538 τὸν

106 584 172 679 τῆς
190 582 315 667 οῦσίας
333 585 441 664 αὐτοῦ
460 584 696 687 κληρονόμον.
728 587 751 686 ῆ
771 585 808 665 δὲ
827 587 943 668 κτίσις
962 585 1030 690 οῦχ
1048 585 1141 663 οὸτω
1159 582 1309 688 φορέσει

107 701 256 784 τὸεῖναι
275 712 364 814 φῶς·
391 710 439 793 ὡς
457 709 521 788 οῦκ
539 709 675 814 ἔχουσα
694 706 881 806 λαμβάνει,
896 712 945 793 ὡς
961 710 1090 789 σκοτία
1108 706 1307 814 φωτίζεται,

106 829 295 928 ἐπίκτητον
311 830 382 936 ἔχει
398 829 465 931 τὴν
482 831 598 936 χάριν,
614 835 653 913 ε’κ
677 833 949 940 φιλανθρωπίας
972 836 1037 931 τῆς
1061 839 1125 911 τοῦ
1149 829 1307 913 διδόντος

74 949 150 1031 5τῦ
192 954 345 1060 ἀξίωμα.
400 956 528 1035 οῦκοῦν
564 958 584 1035 ὁ
621 957 686 1055 μέν
724 957 798 1064 φάς
842 955 998 1052 ἀληθινδι,
1036 955 1058 1054 ῆ
1100 953 1138 1034 δὲ
1176 955 1337 1033 οῦκέτι.ο

106 1077 286 1177 τοσαύτης
318 1089 507 1183 τοιγαροῦν
538 1079 676 1187 μεταξῦ
705 1080 862 1180 κειμένης
900 1084 1083 1183 διαφορᾶς,
1117 1083 1175 1158 καὶ
1213 1079 1306 1158 οῦτω

106 1209 246 1302 μακροῦ
264 1203 534 1308 διατειχίζοντος
552 1201 666 1306 λόγου
683 1207 747 1303 τῆς
766 1205 915 1287 κτίσεως
933 1201 997 1283 τὸν
1009 1200 1100 1281 Υἱδν
1116 1209 1180 1281 τοῦ
1199 1207 1306 1300 Θεοῦ,

106 1320 198 1402 ὅσον
229 1330 278 1409 είς
310 1327 510 1428 ταυτότητα
542 1327 700 1433 φύσεως,
732 1333 809 1411 πῶς
846 1329 910 1406 οὐκ
948 1326 993 1405 ἀν
1025 1360 1078 1410 τις
1110 1328 1169 1405 καὶ
1204 1324 1306 1424 μάλα

105 1445 250 1531 εἰκότως
274 1447 454 1544 ὑπολάβοι
478 1458 709 1554 παραληρεῖν,
733 1450 935 1548 μᾶλλονδὲ
961 1448 1084 1550 πόσης
1111 1451 1182 1556 ἔξω
1209 1448 1306 1552 γενέ-

54 1595 93 1636 ¹0
105 1575 196 1649 σθαι
214 1573 344 1677 φρενὸς
362 1577 511 1677 ἀγαθῆς,
530 1575 612 1660 τοῦς
635 1574 785 1675 ὅσοιπερ
807 1571 852 1653 ἀν
870 1571 1020 1676 γενητὸν
1036 1571 1124 1652 εἶναι
1146 1572 1307 1674 λέγωσιν

105 1691 225 1793 αῦτδυ,
262 1699 321 1776 καὶ
355 1705 429 1782 τοῖς
464 1699 711 1800 πεποιημένοις
750 1697 1001 1778 συντάττωσιν
1038 1695 1101 1778 τὸν
1137 1697 1307 1778 ἁπάντων

104 1818 368 1922 γενεσιουργῦν,
392 1822 458 1926 οὐχ
483 1823 643 1926 ὁρῶντες,
665 1819 713 1906 ὥς
740 1855 784 1969 γε
810 1856 872 1921 μοι
899 1822 1072 1927 φαίνεται,
1094 1821 1186 1924 πρὸς
1212 1820 1306 1922 ὅσην

105 1940 225 2026 οῦτοῖς
238 1945 408 2040 ἀσέβειαν
422 1945 760 2026 ἀποκινδυνεῦσει
724 1980 766 2024 το
784 1943 1021 2045 τόλμημα,
976 1980 1025 2042 μη
1045 1953 1168 2024 νοοῦσι
1182 1955 1204 1992 “
1215 1943 1304 2045 μήτε
1317 1972 1374 2088 (17¹
1376 1956 1463 2008 Tim.
1454 1973 1473 2008 ¹·

106 2062 354 2168 κἀλέγουσι,
376 2068 466 2169 μήτε
483 2104 563 2172 περι
581 2070 687 2150 τίνων
705 2069 1021 2164 διαθεβαιοῦνταιῗ
1061 2066 1115 2147 ὅτι
1139 2067 1210 2172 γάρ
1230 2037 1365 2153 τοῖς7

53 2206 91 2268 ¹5
105 2189 362 2295 ἀκριβέστερον
390 2190 597 2296 βασανίζειν
626 2192 772 2273 ειωθὸσι
803 2190 869 2292 τῆν
896 2194 934 2270 ε’ν
961 2197 1035 2275 τοῖς
1065 2192 1305 2294 προκειμένοις

106 2313 288 2414 ἀλήθειαν,
317 2317 515 2418 οῦδαμόθευ
542 2318 626 2416 ῆμῖν
654 2319 674 2396 ὁ
705 2312 924 2417 Μονογενῆς,
952 2314 1126 2412 τουτέστι,
1155 2316 1190 2395 τδ
1229 2314 1304 2422 φῦς

104 2435 141 2517 τὶ
173 2436 330 2537 ἀληθιιδι,
357 2440 506 2542 γενητὸς
532 2440 556 2542 ῆ
584 2439 829 2540 πεποιημένος,
856 2437 880 2539 ῆ
909 2441 967 2518 καὶ
996 2437 1090 2523 ὅλως
1118 2444 1163 2542 τῇ
1189 2439 1304 2518 κτίσει

103 2559 277 2666 συμφυὴς
295 2562 467 2669 ῦπάρχων
484 2562 577 2644 κατά
594 2598 629 2643 τι
647 2572 735 2667 γοῦν
752 2561 1062 2666 ἀποδειχθήσεται,
1076 2561 1304 2668 πανταχόθεν

102 2680 167 2781 μέν
185 2684 231 2764 ἀν
248 2720 301 2770 τις
321 2689 456 2766 κατίδοι
473 2690 531 2767 καὶ
553 2685 657 2787 μάλα
677 2689 818 2793 ῥηιδίως,
837 2688 904 2791 οῦχ
929 2686 1060 2786 ἥκιστα
1085 2684 1123 2766 δὲ
1148 2684 1205 2764 διά
1230 2692 1303 2764 τῶν

50 2808 234 2916 αοέφεξῆς
259 2810 553 2913 ὑποτεταγμένων
571 2813 724 2908 ἐννοιῶν,
743 2809 801 2891 διά
827 2808 893 2910 τὴν
911 2813 948 2890 ἐν
967 2816 1040 2894 τοῖς
1063 2808 1332 2913 προκειμένοιςο

101 2934 188 3034 ἡμῖν
206 2936 356 3038 θεωρίαν
374 2934 671 3037 συνειλεγμένων.

94 3223 236 3291 Ἕννοιοι
255 3226 321 3308 ῆτοι
343 3230 556 3311 συλλογισμοὶ,
572 3226 608 3293 δι’
625 3230 667 3293 ὧν
685 3227 782 3308 ἔξεστι
800 3232 916 3308 μαθεῖν,
933 3227 978 3291 ὅτι
997 3228 1089 3307 μόνος
1107 3228 1124 3289 δ
1142 3226 1216 3294 Υἱὸς
1236 3232 1301 3309 φῶς

192 3337 277 3403 ἑστιν
292 3338 444 3419 ἀληθινὸν,
460 3341 478 3421 ἡ
494 3342 527 3404 δὲ
543 3341 637 3408 κτίσις
652 3339 759 3415 οῦκέτι,
776 3343 877 3422 διόπερ
893 3339 960 3403 οὐδὲ
976 3338 1108 3420 δμοφυῆς
1124 3338 1207 3425 αὐτῇ.

157 3526 202 3601 Εἰ
220 3523 447 3625 ἀπαύγασμα
469 3531 533 3626 τῆς
557 3526 665 3634 δόξης
687 3536 751 3607 τοῦ
770 3533 865 3608 Θεοῦ
883 3530 942 3607 καὶ
961 3523 1109 3630 Πατρός
1128 3525 1300 3632 ῦπάρχων

48 3647 120 3728 115ῦ
137 3643 242 3742 Υἱὸς,
262 3652 342 3754 φῶς
360 3650 533 3750 ἀληθινὸν
551 3651 611 3730 διά
634 3650 740 3732 τοῦτό
764 3652 875 3748 ἐστιν,
895 3651 958 3730 οῦκ
985 3650 1088 3730 ἔσται
1114 3652 1159 3756 τῇ
1184 3650 1299 3729 κτίσει

97 3768 272 3874 ὁμοφυὴς,
290 3770 346 3850 ἵνα
366 3772 416 3871 μῆ
435 3775 533 3874 καὶῆ
559 3778 674 3860 κτίσις
699 3776 927 3875 ἀπαύγασμα
953 3779 1075 3873 νοῆται
1100 3778 1162 3873 τῆς
1190 3773 1299 3880 δόξης

96 3899 163 3970 τοῦ
181 3898 277 3973 Θεοῦ
302 3901 360 3975 καὶ
380 3894 535 4000 Πατρός,
554 3898 691 4004 ἔχουσα
718 3897 863 3998 δυνάμει
891 3896 933 3977 τὸ
960 3893 1047 3977 εἶναι
1074 3905 1181 3977 τοῦτο
1206 3896 1298 3977 κατά

96 4014 224 4120 φύσιν,
242 4017 330 4122 ὅπερ
348 4022 450 4100 ἐστὶν
467 4022 487 4100 ὁ
506 4019 606 4106 Υἱός.

154 4171 254 4219 Almo.
284 4148 329 4222 Εἰ
357 4151 462 4224 πᾶσα
489 4145 512 4243 ῆ
540 4144 655 4229 κτίσις
683 4142 829 4239 ἀληθιιδι
851 4141 939 4223 εἶναι
965 4143 1110 4223 δύναται
1134 4143 1219 4250 φῦς,
1237 4141 1327 4223 διάιι
1367 4167 1464 4224 θθΔ.

136 4406 159 4444 1.
178 4389 302 4460 ἀγοθδν’
288 4414 316 4444 εκ
328 4391 473 4463 Πατρδς]’
459 4414 487 4446 εκ
499 4397 595 4462 πατρὸς
604 4392 709 4463 ἀγαθῶν
721 4392 754 4446 Β.
856 4408 882 4461 9.
899 4390 986 4458 πάσης
998 4390 1044 4444 δε
1038 4408 1143 4446 luverso
1155 4389 1247 4446 ordine
1261 4389 1294 4444 B.

99 4477 141 4531 13.
161 4460 325 4518 νοοῦντεςΒ.
430 4480 470 4529 14.
487 4462 699 4526 βεβοιοῦντοιΒ.
800 4478 842 4516 20.
862 4484 963 4515 ιννοιων
974 4479 1028 4515 om
1044 4461 1077 4515 Β.
1176 4479 1218 4516 21.
1235 4461 1296 4531 ἡμῖν

95 4543 268 4602 assumptum
279 4550 312 4586 ex
325 4532 358 4587 B
448 4550 490 4602 23.
509 4532 647 4605 οῦκίτι]’
620 4556 665 4588 ουκ
677 4555 735 4588 εστι
748 4533 780 4588 Ε
828 4532 891 4602 αιἰτη
879 4532 980 4588 “.’Β
951 4554 1019 4604 ουτηι
1006 4530 1083 4587 Ed.

141 4632 210 4677 vol..
229 4634 249 4676 Ι.
689 4634 709 4679 0
