3038 5018
224 285 290 348 οοο
425 286 427 290 ⁴
528 283 802 352 1101(ssle
832 285 1129 351 ALEXANDR..
1305 281 1361 347 vii.
1380 303 1430 368 19.

224 447 443 555 ἀφυλάκτως
473 484 512 531 τε
543 450 602 531 διὰ
634 459 740 532 τοῦτο
772 449 902 532 λοιπὸν
934 455 992 530 καί
1025 449 1187 556 φονεύειν
1218 445 1331 527 αὐτὸν
1360 447 1432 548 ἤδη

224 572 476 665 βουλεύεσθαι.
521 573 579 655 διὰ
610 572 682 677 γάρ
712 609 767 655 τοι
796 583 902 655 τοῦτο
933 574 1098 673 μάλιστα
1130 580 1432 674 παρανομοῦντας

201 697 374 801 τέλέγχει,
402 696 591 803 πρόφασιν
618 705 682 779 τοῦ
710 696 824 800 λόγου
851 694 1093 797 ποιησάμενος
1120 702 1362 794 οἰκονομικῶς,
1389 693 1432 775 τὸ

224 826 343 921 τηρεῖν
364 820 571 922 ἐπείγεσθαι
598 816 662 901 τὸν
685 818 804 920 νόμον,
823 821 882 899 διοὶ
906 854 945 899 τε
970 818 1097 899 τούτου
1122 825 1229 918 τιμᾶν
1246 816 1311 898 τὸν
1331 817 1433 898 Θεὸν

194 944 283 1021 exal
317 940 477 1047 Πατέρα.
528 954 544 1025 ὁ
573 942 609 1026 δὲ
639 942 737 1054 ζητῶν
765 950 882 1048 φησιν
913 940 966 1037 τῖμ
994 939 1093 1049 δέξαι
1125 944 1181 1022 τοῦ
1213 935 1461 1047 πέμφαντιςε

224 1065 331 1163 αῦτίν,
351 1065 440 1153 οῦτος
458 1065 580 1162 ἀληθής
599 1068 680 1163 ἔστι,
702 1078 761 1147 καὶ
780 1063 902 1148 ιἰθιιιία
922 1066 951 1145 ἓν
971 1071 1062 1174 αῦτῷ
1083 1071 1141 1146 οῦκ
1162 1064 1256 1146 έστιν.
1295 1067 1345 1148 ῶς
1364 1071 1433 1143 τοῦ

222 1187 275 1287 μὴ
302 1188 489 1293 ζητοῦντος
516 1189 558 1269 τὸ
585 1197 649 1269 τοῦ
678 1196 773 1270 Θεοῦ
800 1196 957 1288 μᾶλλον,
983 1188 1085 1269 ἀλλὰ
1112 1187 1153 1267 τὸ
1182 1193 1320 1285 οἰκεῖον,
1346 1190 1432 1267 οὔτε

224 1310 326 1396 ὄντος
345 1315 512 1412 ἀληθοῦς,
531 1310 633 1392 ἀλλὰ
651 1316 709 1393 καί
729 1310 813 1392 λίαν
831 1309 1062 1392 ἀδικωτάτου·
1092 1312 1156 1392 οῦκ
1177 1312 1247 1392 ἔστι
1269 1311 1337 1410 μέν
1356 1308 1438 1414 γὰρ

224 1433 361 1533 οῖληθῆς,
389 1440 438 1520 ῶς
463 1442 704 1541 συκοφαντῶν
734 1432 797 1516 τὸν
825 1434 935 1535 νόμον
962 1437 1021 1514 καί
1052 1433 1095 1514 τὸ
1128 1440 1255 1514 οἰκεῖον
1283 1434 1432 1534 θέλημα

223 1557 477 1664 παρεισφέρων
505 1560 612 1666 αύτῷ·
657 1559 873 1642 ἀδικώτατος
902 1558 951 1656 δέ,
982 1562 1030 1640 ὡς
1062 1556 1104 1636 τὸ
1135 1566 1199 1636 τοῦ
1232 1558 1432 1655 νομοθέτου
1446 1596 1481 1636 ιο

223 1680 358 1761 δίκαιον
376 1687 486 1782 κρῖμα
502 1680 775 1786 παρωσάμενος,
793 1685 851 1762 καὶ
870 1684 907 1761 έν
926 1683 1091 1781 ἀμείνοσι
1109 1687 1182 1759 τῶν
1200 1683 1432 1761 δεσποτικῶν

57 1821 169 1878 416Δ.
193 1801 269 1883 ατὰ
302 1808 411 1884 οἰκεῖα
442 1805 559 1891 τιθείς.
606 1806 738 1891 δίκαιος
765 1808 829 1886 οὖν
856 1805 926 1906 ἄρα
955 1808 1013 1885 καὶ
1040 1802 1165 1899 ἰιληθῖις
1194 1806 1213 1882 ὁ
1242 1805 1431 1907 Χριστὸς,

224 1928 338 2008 οὐδενὶ
357 1935 429 2008 τῶν
447 1927 638 2033 εἰρημένων
656 1928 867 2010 ὑποπίπτων
885 1928 1095 2032 ἐγκλήματι.

175 2235 213 2294 19
260 2214 307 2283 Οὐ
333 2215 480 2284 Μωυοεῖο
507 2216 651 2284 δέδωκεν
679 2213 752 2296 ὑμῖν
778 2218 834 2286 τὸν
863 2217 983 2300 νόμον,
1021 2216 1073 2282 καί
1101 2215 1209 2281 οὐδεὶς
1236 2217 1272 2287 ἐξ
1301 2217 1399 2295 ὑμῶν

405 2339 493 2410 ποιεῖ
519 2341 577 2412 τὸν
604 2345 716 2421 νόμον·
755 2344 785 2411 τί
810 2367 850 2422 με
877 2339 999 2434 ηιτεῖτε
1025 2339 1217 2410 ἀποκτεῖναι
1228 2373 1237 2426 ;
1451 2367 1483 2429 15

237 2608 238 2614 χ
281 2525 355 2605 Διὰ
381 2531 535 2606 πολλῶν
561 2524 768 2630 εὑρημάτων
796 2528 851 2633 ἐφ’
881 2526 943 2608 ένα
973 2526 1159 2632 συντρέχει
1192 2527 1335 2607 σκοπὸν
1366 2538 1434 2610 τοῦ

204 2653 393 2751 ,Σωτῆρος
421 2650 441 2728 ὁ
468 2647 593 2751 λόγος.
632 2650 797 2752 πλαγίως
818 2649 883 2750 μέν
908 2649 980 2754 γὰρ
1008 2655 1045 2730 ἐν
1070 2658 1143 2734 τοῖς
1169 2659 1434 2753 προλαβοῦσιν

179 2787 212 2871 71)
225 2771 427 2878 ύπελέγξας
456 2769 537 2857 τούς
566 2775 796 2875 Φαρισαίους,
825 2777 873 2858 ὡς
904 2779 1099 2876 προσῆκεν,
1127 2773 1315 2873 οἰομένους,
1348 2778 1434 2881 οὐχὶ

112 2887 135 2912 “’
224 2903 298 2979 τοῖς
318 2893 439 2979 θεόθεν
456 2895 740 2995 διατεταγμένοις
757 2898 1034 2977 καταπείθεσθαι
1053 2901 1136 2993 δεῖν,
1155 2895 1255 2975 ἀλλὰ
1277 2898 1435 2996 γνῶμας

224 3022 450 3121 εἰσηγεῖσθαι
472 3017 536 3103 τὰς
554 3022 698 3115 ἑαυτῶν,
718 3025 899 3125 θηρᾶσθαι
917 3017 954 3098 δὲ
972 3027 1118 3120 μᾶλλον
1136 3021 1342 3120 ἐπείγεσθαι
1361 3022 1434 3121 τὴν
1449 3055 1484 3095 το

224 3141 323 3245 παρὰ
351 3149 424 3221 τῶν
451 3139 618 3241 ῦπηκόων
645 3142 762 3242 τιμὴν,
787 3146 846 3223 καὶ
874 3145 916 3222 οῦ
943 3150 994 3250 τῷ
1020 3141 1167 3225 πάντων
1194 3143 1433 3229 ἀνατιθέντας

227 3263 413 3370 Δεσπότη,
434 3264 519 3345 ἀλλ’
539 3271 587 3350 εἰς
605 3263 647 3345 τῦ
666 3273 776 3372 σφῶν
795 3268 911 3347 αὐτῶν
927 3264 1180 3368 περιέλκοντας
1204 3263 1430 3369 πρόσωπον,

225 3391 274 3481 ὡς
301 3390 459 3468 ἐντεῦθεν
486 3389 555 3489 ἤδη
583 3392 642 3469 καὶ
668 3396 887 3489 παρανομεῖν
915 3393 1127 3488 ἁποτολμῦν
1152 3388 1431 3491 εὐπετέστερον,

225 3511 332 3618 ἑτέρῳ
368 3508 481 3591 πάλιν
516 3514 574 3590 καὶ
610 3512 813 3621 δριμυτάτην
851 3511 1078 3617 χρησάμενος
1115 3511 1249 3620 τρόπῳ,
1285 3513 1434 3614 γυμνὸν

204 3634 345 3718 ἀὐτοῖς
374 3633 442 3733 ἤδη
470 3637 528 3713 καί
557 3635 857 3716 ἀκατακάλυπτον
885 3635 1044 3743 ε’ξαρτύει
1071 3632 1134 3715 τῦν
1160 3632 1327 3740 έλεγχον.
1366 3640 1431 3718 ε’πί
1448 3664 1484 3724 25

225 3753 298 3860 γὰρ
330 3762 376 3862 τῇ
406 3763 470 3837 τοῦ
502 3755 696 3852 σαββάτου
727 3759 833 3839 λύσει
865 3757 1079 3861 κρινόμενος,
1108 3761 1166 3838 καὶ
1199 3761 1431 3861 παρανομίας

195 3879 448 3981 οοίδικωτάτην
476 3880 661 3981 ύπομένων
688 3883 741 3962 ἐπ’
770 3883 867 3990 αὐτῷ
898 3881 964 3981 τὴν
991 3881 1147 3987 γραφὴν,
1176 3882 1218 3960 ού
1248 3880 1331 3961 καθ’
1362 3870 1431 3963 ένα

226 4001 357 4084 λοιπὸν
381 4013 682 4104 πλημμελοῦντας
709 4009 757 4089 εἰς
785 4006 837 4086 τίι
867 4008 969 4110 νέμον,
999 4007 1083 4086 ἀλλ’
1104 4005 1173 4106 ἤδη
1200 4004 1353 4105 σύμπαν
1382 4006 1430 4088 τῦ

225 4133 298 4207 τῶν
316 4128 497 4208 Ἰουδαίων
515 4128 616 4214 έθνος
639 4127 723 4231 παρ’
743 4126 843 4208 οῦδὲν
869 4128 923 4208 ῦτι
948 4131 1137 4229 πεποίηται
1161 4126 1208 4208 τὰ
1234 4128 1430 4216 Μωυσέως

260 4380 285 4418 2.
304 4364 449 4427 βούλεσθαι
463 4365 496 4419 Β.
612 4383 639 4431 4.
656 4363 697 4454 τε]
712 4364 740 4419 δὲ
755 4362 787 4419 Β.
895 4381 928 4488 φ.
947 4365 982 4420 ὧς
994 4382 1049 4419 om.
1063 4365 1096 4419 B.
1216 4382 1257 4420 10.
1275 4366 1306 4420 τδ
1319 4384 1376 4420 om.
1393 4368 1429 4423 Β.

224 4450 267 4503 23.
285 4436 331 4523 φδη
359 4433 416 4503 ᾔδει
430 4435 463 4491 Β.
553 4449 596 4506 25.
614 4435 656 4489 ἐπὶ
683 4436 739 4489 επεὶ
753 4435 789 4490 D.
879 4450 893 4488 2
915 4437 1098 4506 ,παρανομίας
1111 4435 1183 4490 BD.
1196 4437 1359 4506 παρανομίαν
1371 4437 1429 4495 Ed.

223 4518 267 4574 η.
286 4433 381 4575 «π’ἰέν
394 4505 426 4560 B.
535 4522 577 4576 29·
596 4505 636 4560 ὅτι
650 4433 722 4562 θλ).
734 4507 772 4561 ἔτι
785 4504 837 4561 Ed.
850 4504 890 4561 ὅτι
902 4513 964 4560 ante
976 4507 1023 4577 ἤδη
1036 4506 1181 4579 praemittit
1194 4507 1298 4578 Migne.
