3038 5018
90 294 346 386 iv·13-15·1N
377 301 410 365 s.
434 299 691 367 JOANNEM.
737 300 832 366 ΜΒ.
856 300 902 365 11.
949 301 1052 368 οκς.
1077 302 1137 368 ιν.
1224 303 1287 368 οτι

89 458 136 561 ἦν
163 461 275 547 ὅντως
301 463 443 564 ἀληθὲς,
468 464 523 544 ὅτι
551 469 614 564 τῆς
637 465 771 561 Ἰακὼβ
798 464 981 572 ἐξέφυσαν
1005 464 1101 569 ῥίζης
1128 471 1201 545 τῶν
1223 463 1290 563 τὴν

91 584 298 690 Σαμάρειαν
319 586 511 668 οίκούντων
536 594 569 668 οἱ
597 589 754 673 πλείους.
794 587 912 691 ὁγάρ
935 599 1000 670 τοῦ
1026 587 1160 684 Ναβάτ
1175 591 1285 693 Ἱερο-

90 708 200 807 βοάμ,
226 709 312 790 δέκα
338 719 403 792 τοῦ
430 711 585 815 Ἰσραὴλ
612 711 827 816 συναγείρας
855 711 986 819 φυλὰς,
1014 715 1073 793 καὶ
1101 711 1144 792 τὸ
1176 713 1291 812 ἥμισυ

91 838 214 938 φυλῆς
239 832 414 939 Ἐφραίμ,
437 835 577 939 ἀπαίρει
603 833 669 934 μίν
689 839 755 935 τῆς
780 835 1021 938 Ἰερουσαλὴμ
1048 834 1140 916 κατά
1168 834 1291 938 καιρὸν

57 959 157 1054 ὅτῆς
173 957 336 1054 Ῥοβοάμ
360 959 549 1054 βασιλείας
575 963 660 1039 υἱοῦ,
678 965 903 1056 Σολομῶνος,
922 957 1141 1053 καταλαβὼν
1162 958 1200 1038 δὲ
1224 956 1291 1057 τὴν

92 1076 311 1183 Σαμάρειαν,
332 1083 391 1161 καὶ
410 1080 526 1164 οἴκους
543 1084 581 1161 ἐν
598 1084 688 1186 αὐτῇ
707 1085 764 1162 καί
782 1081 907 1165 πόλεις
925 1082 1144 1181 ἀνεδείματο.
1301 1089 1323 1154 b

92 1305 163 1373 Πᾶι
187 1305 206 1373 ὁ
227 1305 330 1373 πίνων
348 1307 386 1371 ἐκ
410 1310 466 1373 τοῦ
492 1307 611 1374 ὕδατος
635 1308 751 1374 τούτου
776 1307 908 1388 διψήσει
930 1300 1036 1374 πάλιν·
1064 1309 1101 1375 δι
1120 1306 1148 1372 δ’
1171 1306 1212 1373 δν
1230 1307 1287 1395 τιίη
1306 1332 1342 1387 ¹4

145 1429 182 1495 ἐκ
210 1436 267 1497 τοῦ
297 1431 415 1497 ὕδατος
445 1429 483 1495 οδ
511 1432 577 1506 esd>
606 1431 706 1497 δώσω
735 1432 825 1517 αὐτῷ
852 1433 889 1499 οὐ
918 1432 962 1509 μυί
995 1432 1125 1511 διψιίσει
1153 1428 1200 1496 εἰς
1229 1431 1288 1496 τίιν

144 1550 259 1635 αἰῶνα,
277 1555 362 1621 ἀλλὰ
387 1556 425 1622 τό
449 1556 538 1645 ὕδωρ
562 1558 581 1624 δ
607 1556 706 1622 δώσω
731 1559 821 1642 αὐτῷ
845 1559 1013 1633 τενείσεται
1035 1558 1069 1623 ἒν
1088 1557 1178 1640 αὐτῷ
1202 1557 1287 1630 nun}

45 1686 79 1727 10
144 1678 261 1745 ὕδατος
296 1680 479 1756 ἁλλομένου
514 1679 561 1746 εἰσ
596 1682 680 1771 ζωείν
711 1678 856 1754 αἰώνιον.
903 1683 990 1758 Λὲτει
1021 1682 1103 1772 πρὸσ
1138 1679 1237 1746 αὑτὸν
1268 1681 1342 1756 ίιι5
1442 1687 1444 1691 ’

145 1804 232 1878 τυνιί.

239 1948 250 1976 ἱ
311 1946 323 1977 ἱ
404 1951 414 1980 Ι

150 1960 172 1997 “
187 1955 254 2051 Μη
275 1985 327 2031 συ
352 1985 410 2050 μει
428 1986 479 2032 ων
501 1948 535 2031 εί
555 1961 619 2033 τοῦ
643 1952 780 2055 πατρὸς
802 1954 904 2053 ἡμῶν
919 1951 1086 2047 Ἰακὼβ,”
1105 1948 1232 2054 ὥσπερ
1255 1983 1292 2029 τι

92 2070 185 2175 με’γα
222 2080 282 2153 καὶ
319 2075 662 2177 δυσκαταγώνιστον
698 2073 897 2180 πρόβλημα
933 2075 1188 2180 προτεινούσης
1227 2076 1321 2173 τῆςσ

95 2196 358 2299 Σαμαρείτιδος,
383 2197 609 2304 εὐφυέστατα
635 2197 748 2280 πάλιν
775 2202 795 2279 ὁ
824 2198 952 2305 Σωτὴρ
979 2204 1199 2300 παραιτεῖται
1226 2195 1292 2296 μὲν

45 2345 80 2407 15
94 2317 157 2400 τδν
175 2323 213 2398 ἐν
230 2318 368 2423 ῥήμασι
385 2320 534 2419 κόμπον,
553 2322 608 2402 ὅτι
626 2322 753 2426 μείζων
772 2322 924 2428 ύπάρχοι
942 2327 1072 2429 σαφῶς
1091 2322 1155 2400 ούκ
1173 2319 1291 2416 εἰπὼν,

93 2440 166 2522 ἀπὸ
193 2441 231 2521 δὲ
255 2447 319 2542 τῆς
342 2449 415 2523 τῶν
432 2443 658 2547 πραγμάτων
680 2445 869 2548 ποιότητος
893 2443 1090 2549 δοκιμάζειν
1112 2444 1292 2524 ἀναπείθει

92 2562 157 2644 τὸν
184 2562 402 2668 προύχοντα.
454 2567 567 2647 διάτοι
599 2577 705 2648 τοῦτο
736 2570 794 2649 καὶ
826 2568 1044 2673 ἀσύγκριτον
1074 2568 1189 2647 οὖσαν
1220 2573 1293 2646 τῶν

93 2693 232 2786 νοητῶν
246 2686 386 2768 ὑδάτων
403 2688 496 2793 πρὸς
514 2690 560 2769 τὰ
578 2693 615 2770 ε’ν
629 2689 797 2790 αἰσθήσει
815 2697 873 2771 καὶ
891 2693 1115 2793 γεωδέστερα
1132 2688 1198 2790 τὴν
1211 2695 1288 2770 δια·

93 2807 213 2914 φορὰν
239 2811 442 2892 ἐπιδεικνύει
471 2813 590 2915 λε’γων
615 2818 694 2900 Πῖις
722 2825 737 2896 ὁ
766 2819 863 2895 πίνων
888 2816 928 2895 ἐκ
952 2818 1008 2895 τοῦ
1034 2810 1154 2899 ὕδατος
1182 2817 1294 2895 τούτου

45 2928 235 3038 ιοδιφητιι
265 2933 384 3031 πάλιν,
412 2936 432 3014 ὁ
460 2936 499 3016 δὲ
525 2944 598 3016 τῶν
625 2940 729 3036 ἐμῶν,
759 2942 883 3043 φησὶν,
912 2936 1049 3018 ὑδάτων
1075 2935 1288 3041 ἐμφορησά·

93 3093 209 3158 μενος,
236 3061 304 3165 οὐχ
335 3059 433 3146 ὅπως
465 3071 529 3143 τοῦ
561 3067 674 3169 διψῆν
703 3063 754 3141 ἔτι
783 3062 950 3166 κρείττων
978 3060 1325 3166 ἀποφανθήσεται,δ

93 3183 181 3262 ἀλλ’
216 3183 286 3288 ἕξει
318 3183 433 3288 πηγὴν
466 3188 504 3265 ἐν
536 3186 648 3293 ἑαυτῷ
683 3183 774 3289 πρὸς
811 3182 890 3293 ζαῆν
923 3180 1046 3265 αίιύνισν
1078 3184 1292 3288 ἀποτρέψειν

95 3305 310 3411 ἰσχύουσαν.
365 3310 491 3388 οὐκοῦν
527 3311 547 3389 ὁ
583 3307 629 3388 τά
664 3306 769 3410 μείζω
806 3308 1027 3412 δωρούμενος
1062 3309 1100 3387 ἐν
1133 3308 1292 3411 μειζοσιν

94 3431 208 3528 ἔσται,
238 3433 344 3537 φησί,
372 3441 435 3511 τοῦ
464 3429 505 3511 τὸ
539 3429 691 3512 ἐ’λαττον
720 3432 872 3537 ἔχοντος,
900 3435 960 3512 καὶ
991 3428 1058 3531 την
1086 3429 1197 3531 αὐτὴν
1227 3432 1292 3512 οὐκ

45 3576 82 3636 25
96 3554 283 3634 ἀποίσεται
310 3553 422 3661 δόξαν
443 3563 494 3662 τῷ
517 3563 656 3635 νικῶντι
678 3553 721 3635 τὸ
743 3555 956 3655 ἡττώμενον.

150 3677 289 3757 Ἰστέου
319 3676 357 3758 δὲ
385 3677 507 3776 πάλιν,
539 3682 587 3763 ὡς
617 3680 710 3782 ὕδωρ
742 3680 780 3758 ἐν
807 3677 945 3762 τούτοις
976 3677 1043 3778 τὴν
1072 3685 1136 3756 τοῦ
1164 3677 1291 3777 Ἀγίου

97 3800 306 3898 Πνεύματος
333 3799 439 3905 χάριν
466 3804 486 3881 ὁ
518 3800 644 3901 Σωτὴρ
672 3803 856 3900 ἀποκαλεῖ,
878 3801 920 3901 ἧς
947 3801 1044 3904 είπερ
1072 3834 1125 3884 τις
1153 3800 1291 3901 γίνοιτο

94 3922 255 4027 με’τοχος,
282 3923 585 4026 ἀναπηγάζουσαν
614 3923 686 4030 ἕξει
719 3923 847 4004 λοιπὸν
874 3926 912 4003 εὐ
941 3926 1054 4030 ἑαυτῷ
1086 3930 1159 4003 τῶν
1187 3925 1290 4002 θείων

95 4044 315 4146 μαθημάτων
343 4046 411 4146 τὴν
439 4046 623 4152 χορηγίαν,
654 4049 703 4130 ὡς
732 4047 856 4146 μηκέτι
886 4045 952 4146 μίν
983 4047 1079 4153 αύτῷ
1109 4049 1173 4145 τῆς
1204 4048 1320 4150 παρ’σ

45 4204 84 4262 30
95 4168 224 4272 ἑτέρων
242 4169 427 4254 νουθεσίας
444 4172 565 4267 ε’νδεῖν,
584 4171 744 4277 ἐξαρκεῖν
763 4169 962 4266 δὲμᾶλλον
980 4173 1029 4253 είς
1050 4167 1092 4248 τὸ
1115 4165 1291 4248 δύνασθαι

103 4449 110 4467 ·
132 4374 163 4448 3(
177 4378 207 4432 τδ
218 4378 298 4448 ἥμισυ
310 4381 397 4449 φυλῆς
407 4377 536 4448 Ἐφραίμ]
550 4383 651 4434 τοιόσοι
662 4381 708 4447 τῆς
718 4376 820 4447 Ἐφρίμ
832 4378 920 4449 φυλῆς
932 4377 966 4432 Β.
1051 4375 1077 4431 6.
1095 4375 1243 4444 ἀνεδείματο
1256 4376 1290 4432 Β.

95 4449 214 4536 εδείμρτο
229 4448 280 4503 Ed.
370 4465 411 4514 15.
430 4451 541 4539 ὑπάρχοι
555 4449 613 4504 Β.Ι.
626 4448 707 4505 Cord.
720 4449 829 4574 ὑπάρχει
844 4447 895 4502 Ed.
914 4516 927 4537 u
978 4449 1196 4530 24'nqpf‘xonue
1208 4446 1290 4530 ¹Cord.

97 4534 141 4588 25·
161 4523 302 4588 ηπὼμενος
315 4518 337 4572 1.
351 4517 433 4573 cord.
446 4522 461 4573 ὁ
472 4523 614 4588 ηπώμενος
626 4537 650 4575 α.
746 4535 761 4573 2
782 4558 790 4574 .
807 4519 901 4573 λοιπὸν
912 4519 964 4588 εξει
978 4518 1010 4573 Β.
1023 4527 1112 4573 mutu
1125 4516 1242 4573 Cuteme.
