3038 5018
395 306 453 369 IN
484 306 517 368 S.
542 307 561 368 J
568 305 682 370 OAN.
707 304 997 369 PRAEFATIO.
1273 310 1292 371 ⁷

153 466 226 545 Διά
251 466 303 567 δι)
319 467 456 549 τοιίτων
480 467 649 549 ἁπάντων
671 468 973 567 ἀναπεπεισμένος
996 465 1164 568 εὐλόγως,
1188 466 1292 547 ὄκνον

95 621 132 666 τε
163 592 227 686 τῆς
253 595 395 691 σιωπῆς
422 589 485 671 τὸν
512 592 716 694 συνήγορον
743 594 806 690 τῆς
833 594 985 690 ἐμαυτοῦ
1013 592 1166 675 διανοίας
1195 595 1288 671 ἀπο-

94 712 258 817 πέμψας,
278 712 407 817 οἷσπερ
432 712 477 794 ἀν
497 713 613 819 ἔχοιμι
639 720 746 811 τιμᾶν
768 708 936 814 οἰήσομαι
964 718 1035 793 δεῖν
1053 712 1116 794 τὸν
1138 716 1290 812 ἐμαυτοῦ

96 833 303 935 Δεσπότην,
333 839 391 916 καὶ
422 837 613 939 προσοίσω
646 835 807 939 καθάπερ
837 835 917 915 τινὰ
947 837 1148 936 σεμίδαλιν,
1180 838 1289 944 ἐλαίῳ

64 957 340 1058 5δεδευσμένην,
359 957 422 1038 τὸν
440 957 617 1066 τρόφιμόν
639 992 678 1038 τε
703 963 761 1040 καὶ
786 958 911 1061 ἱλαρὸν
935 967 1009 1043 τοῖς
1032 958 1288 1065 ἐντευξομένοις

96 1077 218 1182 λόγον·
256 1081 438 1187 ἀρξόμεθα
463 1080 502 1160 δέ
527 1086 591 1181 τῆς
608 1079 775 1161 Ἰωάννου
799 1086 1028 1188 συγγραφῆς,
1046 1082 1197 1188 μεγοίλερ
1221 1079 1317 1180 μένο

95 1204 179 1282 λίαν
201 1206 455 1308 ἐπιχειροῦντες
480 1200 677 1308 πράγματι,
698 1203 798 1303 πλὴν
821 1206 884 1284 οῦκ
911 1207 1116 1288 ἀτονοῦντες
1140 1203 1200 1284 διὰ
1223 1204 1288 1304 τὴν

94 1326 230 1408 πίστιν.
274 1329 333 1406 καὶ
362 1325 416 1406 ότι
442 1326 508 1425 μέν
535 1323 697 1424 ἔλαττον,
725 1328 817 1429 ἤπερ
845 1328 962 1431 ἐχρῆν,
990 1328 1135 1429 ἐροῦμέν
1163 1362 1202 1406 τε
1231 1331 1289 1407 καὶ

95 1446 282 1548 νοήσομεν,
316 1447 575 1555 ἀναμφιλόγως
607 1447 861 1550 ὁμολογητέον·
906 1448 960 1529 ότι
992 1447 1031 1528 δέ
1063 1449 1199 1529 δικαίαν
1231 1452 1288 1529 ἐπὶ

48 1571 209 1679 ῑοτοῦτερ
237 1571 303 1671 τὴν
328 1570 550 1674 συγγνώμην
577 1569 821 1671 αίτῆσομεν,ῆ
848 1572 972 1671 πολλὴ
1000 1580 1064 1651 τοῦ
1091 1572 1284 1674 συγγράμ-

94 1727 206 1791 ματος
224 1694 407 1774 ἀναπείσει
425 1693 623 1799 δυσχέρεια
642 1689 666 1791 ἢ
685 1696 753 1789 καὶ,
772 1691 860 1795 ὅπερ
877 1696 976 1773 ἐστὶν
993 1693 1245 1797 ἀληθέστερον,
1264 1696 1287 1794 ἡ

94 1819 158 1915 τῆς
185 1819 223 1895 ἐν
246 1817 330 1914 ἡμῖν
353 1815 506 1900 διανοίας
532 1816 709 1896 ἀσθένεια.
757 1819 922 1920 πανταχῆ
950 1812 986 1894 δέ
1013 1815 1215 1919 τὸνλόγον
1240 1823 1288 1900 εἷς

95 1937 402 2041 δογματικωτέραν
433 1938 699 2041 περιτρέποντες
736 1935 919 2044 ἐξήγησιν,
951 1944 1027 2022 ταῖς
1059 1945 1132 2018 τῶν
1164 1941 1285 2042 ἑτερο-

95 2061 409 2141 διδασκαλοῦντων
431 2061 690 2167 φευδοδοξίαις,
710 2064 757 2144 ὡς
782 2062 873 2159 ἐνῆν,
892 2059 1133 2167 ἀντιτάξομεν,
1153 2063 1217 2141 οῦκ
1239 2067 1321 2147 eisd

47 2210 81 2270 ¹5
95 2185 186 2265 ὅσον
200 2185 285 2292 ἐξῆν
303 2185 513 2267 ἐκτείνοντες
530 2189 652 2282 μῆκος,
671 2182 771 2263 ἀλλὰ
796 2185 855 2262 καὶ
880 2189 953 2262 τῶν
970 2190 1144 2285 περιττῶν
1162 2187 1285 2265 ἀπαλ-

94 2306 295 2404 λάττοντες,
314 2309 373 2386 καὶ
395 2313 458 2386 τοῦ
484 2304 680 2409 πρέποντος
704 2306 767 2384 οῦκ
791 2307 910 2385 ἐπιδεᾶ
926 2310 1154 2405 καταστῆσαι
1172 2341 1288 2387 σπου-

94 2429 281 2512 δάσαντες.
320 2429 342 2528 ἡ
362 2425 400 2508 δέ
419 2425 681 2527 ἀποτεταγμένη
699 2434 770 2508 τῶν
789 2429 994 2535 κεφαλαίων
1012 2429 1287 2530 ῦποσημείωσις,

92 2550 140 2632 τὰ
156 2554 211 2658 ἐφ’
232 2550 284 2635 οἷς
302 2551 386 2650 ἡμῖν
403 2549 587 2629 ἐκτέταταί
606 2585 683 2633 πως
707 2551 727 2627 ό
752 2547 862 2652 λόγος
887 2549 1108 2651 καταστήσει
1132 2551 1284 2659 φαυερά,

93 2674 146 2759 οἷς
173 2678 232 2755 καὶ
259 2670 429 2776 ἀριθμοὺς
455 2669 723 2778 παρεπῆξαμεν,
750 2673 840 2775 πρὸς
867 2671 910 2752 τὸ
943 2678 1001 2753 καὶ
1031 2675 1115 2755 λίαν
1142 2675 1289 2775 ἑτοίμως

45 2831 81 2872 το
93 2797 367 2898 ἀνευρίσκεσθαι
383 2801 457 2879 τοῖς
475 2793 734 2900 ἐντευξομένοις
752 2793 795 2874 τὸ
814 2793 1032 2896 ζητούμενον.

128 3067 145 3120 3
174 3049 189 3102 ἐ
206 3070 259 3172 vagu
272 3046 305 3101 B.
318 3046 370 3101 Ed.
384 3064 440 3117 mg.
453 3047 509 3116 ἔχοι
520 3069 553 3116 με
566 3044 618 3102 Ed.
688 3061 715 3118 5·
734 3045 916 3116 δεδευσμίνῆν]
930 3011 1065 3114 διδεῆιένην
1078 3044 1110 3097 Β.
1182 3045 1209 3098 8.
1226 3043 1286 3115 μὲν]

95 3127 125 3184 ÷
139 3121 186 3174 οῦκ
245 3158 251 3172 .
264 3118 348 3172 invito
361 3116 394 3170 B.
407 3115 452 3171 οῦν
463 3117 575 3170 correxit
588 3116 691 3188 Migne.
872 3133 912 3170 12.
930 3115 1050 3170 ἀσθένεια
1061 3114 1172 3169 διανοίας
1184 3115 1289 3169 inverso

92 3190 187 3246 ordine
200 3188 232 3243 B.
386 3204 427 3253 14.
446 3185 519 3241 ἐστὶν
530 3203 579 3257 pro
590 3187 648 3256 ἐνῆν
660 3186 761 3259 Migne.
809 3186 977 3255 ἀντιτάξομεν
989 3186 1026 3242 D.
1181 3184 1222 3239 18.
1239 3186 1289 3239 πᾶς

92 3277 142 3331 pro
152 3280 208 3316 ποις
221 3257 254 3312 Β.
