3038 5018
253 280 298 342 40
556 283 595 346 Β.
619 282 830 347 OYRILLI
859 283 1147 350 ALEXANDR.
1389 286 1410 349 i.
1427 306 1454 350 1.

252 473 369 542 μενος·
400 444 423 545 ἢ
443 445 540 550 ε’ίπερ
558 446 687 531 ἐκεῖνός
706 449 807 527 ε’στιν
820 450 857 527 ἐν
871 447 1139 549 ἀκαταλήπτοις
1157 452 1215 529 καὶ
1233 449 1450 552 ἀνεκμετρή-
1474 447 1477 450 ’

252 600 327 651 τοις
354 569 374 647 ὁ
397 568 527 673 Πατήρ
552 572 711 673 ἀγαθοῖς,
735 573 795 650 καὶ
820 568 918 650 πολῦ
945 569 987 651 τῖι
1015 576 1079 671 τῆς
1104 571 1274 674 ἡμετέρας
1299 576 1455 657 διανοίας

253 690 491 796 ἀνατρέχουσι
522 692 661 797 με’τρον,
688 693 799 774 πόθεν
827 691 1004 774 ἐλάττονα
1034 694 1186 796 λε’γουσι
1213 695 1277 776 τὸν
1304 696 1394 777 Υῖὸν
1422 703 1455 776 οἱ

253 811 372 893 πάντα
402 822 606 914 τολμῶντες
637 818 784 914 ἑτοίμως
811 817 1004 918 Ἀρειανοὶ,
1034 816 1125 921 πρὸς
1157 816 1363 921 ἀνατροπὴν
1391 827 1455 897 τοῦ

253 935 454 1038 προσόντος
487 941 582 1047 αι’ντῷ
614 938 704 1018 κατά
740 937 855 1044 φῦσιν
889 939 1115 1046 ἀξιώματος,
1159 940 1346 1046 ἐλέγχεται
1378 941 1487 1044 γάρ5

85 1083 128 1138 20
142 1081 181 1137 A
222 1062 526 1167 ιάντιπαραθέσει
549 1068 593 1168 τῇ
613 1061 704 1165 πρὸς
729 1061 771 1142 τὸ
795 1061 912 1165 μεῖζον
930 1062 972 1144 τῖι
990 1062 1156 1155 ἐ’λαττον,
1177 1066 1240 1144 οῦκ
1258 1067 1449 1166 ἐκμετρου-

251 1184 360 1284 μένης
390 1182 427 1264 δέ
459 1191 522 1286 τῆς
553 1187 658 1294 ἀξίας
688 1195 754 1267 τοῦ
784 1185 940 1289 Πατρὸς,
967 1187 1053 1267 ποία
1081 1188 1189 1294 δεῖξις
1216 1191 1254 1269 ἐν
1278 1193 1356 1296 m
1389 1197 1454 1269 τοῦ

251 1307 573 1410 μειονεκτήμοτος,

306 1463 408 1510 κικο.
444 1436 529 1515 Ἐπὶ
554 1436 599 1538 τῇ
624 1435 797 1541 βδελυρίᾳ
821 1440 894 1514 τῶν
917 1435 1074 1514 ἀνοσίων
1096 1439 1289 1536 αἱρετικῶν,
1309 1435 1453 1543 ἔξεστιν

80 1568 195 1685 {³:31
251 1553 362 1640 ὅντως
394 1563 503 1638 εἰπεῖν
530 1557 772 1657 ἀληθεύοντας
799 1567 822 1604 “
836 1562 886 1638 Oi
919 1555 957 1638 δέ
990 1560 1110 1662 ἐχθροὶ
1140 1557 1242 1656 ἡμῶν
1270 1556 1451 1658 ἀνόητοι.”
1469 1598 1505 1639 ιο

166 1649 205 1741 Ξῖ
227 1686 327 1762 πῶς
355 1678 426 1784 γὰρ
454 1682 528 1761 οῦκΙ
544 1678 589 1759 ἀν
616 1677 683 1760 εἶεν
709 1679 832 1781 πάσης
860 1681 1015 1778 ἀμαθίας
1042 1680 1222 1787 ἀνάπλεῳ,
1245 1679 1295 1781 μή
1323 1680 1454 1766 εἰδότες

84 1810 173 1941 {m
185 1810 204 1862 ῖ·
253 1812 275 1849 “
292 1801 381 1903 μήτε
400 1802 602 1906 ἀλέγουσι,
621 1803 709 1903 μήτε
726 1809 806 1907 περὶ
825 1804 931 1883 τίνων
949 1806 1269 1903 διαβεβαιοῦνται,”
1289 1804 1453 1908 καθάπερ

100 1913 107 1928 ’
251 1926 272 2003 ὁ
306 1926 455 2012 Παῦλός
489 1935 630 2034 φησιν;
678 1926 762 2007 ὅταν
791 1925 829 2006 δέ
861 1925 904 2026 δή
934 1925 1040 2031 χάριν
1068 1925 1301 2027 ἐπισκήπτειν
1333 1932 1453 2014 αῦτοῖς

215 2048 397 2147 Βοῖόμεθα
422 2056 505 2150 δεῖν,
524 2051 632 2131 ε’κεῖνό
656 2053 768 2131 ἐστιν.
806 2055 836 2129 εῖ
861 2048 953 2130 κατὰ
978 2049 1149 2150 ἀλήθειαν
1169 2049 1266 2131 Θεῦν
1290 2053 1329 2131 ἐκ
1355 2058 1453 2133 Θεοῦ

251 2182 315 2254 τοῦ
335 2173 480 2277 Πατρός
498 2178 735 2277 γεγεννῆσθαι
753 2173 905 2272 λέγουσι
923 2172 986 2252 τὸν
999 2172 1099 2271 Υίὸν,
1115 2176 1173 2252 καὶ
1192 2176 1285 2254 οὕτω
1302 2175 1452 2256 πιστεῦ-
1468 2209 1502 2266 15

251 2330 345 2395 ονσι,
362 2305 440 2383 πῶς
464 2296 625 2377 ἐλάττων
646 2300 725 2377 ἐστὶ
749 2305 813 2377 τοῦ
836 2296 1005 2398 Πατρός;
1042 2295 1167 2395 πολλή
1192 2295 1264 2400 γὰρ
1290 2299 1452 2379 ἐντεῦθεν

250 2421 535 2526 ἀποτεχθήσεται
572 2426 764 2521 λογισμῶν
799 2421 940 2518 ἀτοπία,
973 2423 1139 2525 πανταχῆ
1176 2420 1219 2499 τὸ
1257 2421 1453 2527 δύσφημον

249 2545 394 2649 ἔχουσα,
413 2547 472 2623 καὶ
491 2543 629 2649 ὅσαπερ
652 2544 697 2623 ἀν
715 2572 768 2628 τις
792 2546 850 2622 καὶ
869 2542 980 2642 μόνον
998 2546 1150 2623 ἀκοῦσαι
1173 2544 1449 2647 παραιτήσεται.

223 2673 278 2746 ἐί
306 2667 378 2769 γάρ
406 2666 502 2751 ὅλοις
525 2665 618 2751 Θεῖις
646 2664 737 2747 κατά
765 2667 879 2773 φύσιν
903 2665 1073 2771 ὑπάρχων
1097 2669 1117 2746 ὁ
1140 2664 1228 2752 Υῖῖις
1255 2667 1452 2774 ε’πιδέξεται

248 2789 340 2870 κατά
362 2825 397 2871 τι
425 2798 513 2894 γοῦν
530 2792 585 2898 ἐφ’
607 2792 719 2896 ἐαυτῷ
744 2791 785 2870 τὸ
812 2787 975 2886 ἔλαττον,
994 2787 1133 2893 ἀνάγκη
1159 2788 1288 2871 λοιπὸν
1309 2794 1451 2889 ἐννοεῖν,
1466 2830 1502 2870 20

248 2916 297 2998 ὡς
314 2914 392 2994 ἐστι
410 2949 445 2995 τι
463 2912 505 2994 τῖι
523 2914 641 3018 μεῖζον
659 2919 767 2997 Θεοῦ.
799 2914 925 2993 οῦκοῦν
942 2915 1006 2993 οῦκ
1026 2916 1063 2992 ἐν
1081 2912 1276 3015 τελειότητι
1293 2921 1338 3020 τῇ
1358 2915 1452 2995 κατὰ

217 3044 320 3118 οπῦν
340 3039 499 3137 ὀτιοῦνή
524 3047 587 3119 τοῦ
612 3036 757 3141 Πατρῖις
782 3037 888 3116 οῦσία
913 3043 1053 3134 νοεῖται,
1075 3035 1143 3117 κάν
1168 3036 1311 3145 ὑπάρχῃ
1337 3038 1450 3145 φύσει

247 3162 354 3248 Θεός·
383 3162 561 3269 προκόψει
581 3162 699 3241 δέπαι
718 3164 776 3240 καὶ
795 3158 901 3245 αῦτῦς
920 3162 977 3240 ἐπὶ
996 3159 1037 3240 τὸ
1055 3159 1184 3263 μεῖζον,
1203 3160 1450 3266 ἐλεγχόμενος,

245 3282 370 3387 ὥσπερ
398 3288 436 3364 ἐν
463 3284 568 3366 εἰκόνι
596 3291 648 3391 τῷ
675 3290 765 3391 Υίῷ,
794 3283 849 3363 ότι
879 3283 948 3386 πέρ
977 3285 1056 3363 ἐστι
1086 3287 1144 3362 καὶ
1175 3283 1281 3368 αὐτὸς
1313 3289 1377 3385 τῆς
1408 3283 1450 3365 τδ

246 3405 400 3488 ἔλαττον
418 3408 665 3512 ἐπιδεχομένης
688 3409 823 3490 οὐσίας.
861 3406 1010 3514 φορέσει
1036 3404 1074 3486 δέ
1100 3405 1187 3486 αὐτὸ
1214 3406 1369 3506 δυνάμει,
1389 3412 1449 3489 καὶ
1462 3436 1498 3497 25

245 3537 275 3611 εί
295 3531 402 3633 μήπω
420 3529 626 3639 πεφόρεκεν·
666 3533 827 3633 ἐπείπερ
850 3528 896 3609 τά
921 3528 1063 3610 δεκτικά
1081 3564 1176 3612 τινος
1194 3528 1291 3628 ὄντα,
1311 3531 1449 3638 δέξεται

244 3653 388 3740 πάντας
405 3655 525 3737 καὶτὰ
542 3652 592 3736 ὧν
608 3659 688 3736 ἐστι
705 3653 858 3751 δεκτικὰ,
877 3657 935 3735 καὶ
962 3662 1085 3755 καιροῦ
1112 3663 1308 3740 καλοῦντος
1331 3660 1378 3739 είς
1405 3655 1448 3737 τὸ

244 3786 371 3860 παθεῖν
403 3780 446 3859 οῦ
476 3782 748 3881 παραιτήσεται.
797 3777 898 3856 ἀλλὰ
932 3776 1057 3877 πολλή
1095 3811 1148 3861 τις
1185 3780 1223 3857 ἐν
1255 3777 1392 3862 τούτοις
1424 3781 1446 3880 ἡ

244 3903 435 4009 δυσφημία
467 3902 663 4008 φαίνεται,
697 3905 777 3982 οὔτε
811 3900 883 4003 γὰρ
914 3898 1145 4004 προβήσεταί
1177 3935 1240 3981 ποι
1275 3900 1366 4003 πρὸς
1403 3899 1446 3982 τὸ

244 4027 360 4130 μεῖζον
388 4028 408 4106 ὁ
438 4024 578 4129 Πατήρ,
607 4026 693 4104 ἀλλ’
723 4024 803 4105 οῦδὲ
830 4024 872 4104 τὸ
900 4023 1055 4104 ἔλαττον
1082 4024 1289 4130 ε’πιδέξεται,
1318 4023 1377 4105 διὰ
1404 4023 1445 4107 τὸ
1459 4053 1509 4113 30.

285 4321 307 4358 1.
326 4303 420 4362 ἐκεῖνός
430 4315 599 4376 assumptum
610 4324 642 4360 ex
657 4305 690 4361 Β.
896 4319 921 4357 2.
939 4301 1046 4374 ἀγαθοῖς
1057 4303 1072 4354 ὁ
1085 4300 1176 4372 Πατὴρ
1188 4301 1293 4357 inverso
1305 4301 1398 4357 ordine
1412 4301 1445 4357 B.

249 4391 290 4429 10.
308 4373 479 4444 ἀληθεύοντας
490 4378 569 4432 εἰπεῖν
581 4378 687 4432 inverso
699 4374 792 4430 ordine
806 4373 839 4428 Β.
932 4390 972 4427 ιτ.
991 4373 1094 4440 ἁπάσης
1108 4372 1139 4428 Β.
1239 4389 1280 4443 13·
1299 4372 1327 4426 δι’
1343 4390 1396 4427 om.
1411 4372 1445 4429 B.

248 4447 289 4500 18.
307 4445 494 4516 παραιτήσηται
507 4449 538 4502 E.
636 4463 678 4501 21.
697 4449 727 4501 τὸ
740 4455 909 4517 assumptum
921 4462 953 4498 ex
967 4443 1074 4498 B.D.E.
1172 4459 1215 4512 ²⁴·
1234 4443 1261 4497 ἐν
1272 4448 1446 4515 aeuumptum

245 4515 324 4570 exB.
433 4531 475 4586 25.
494 4516 649 4590 οῦτὸ]αῦτῷ
663 4517 696 4574 Ε.
