3038 5018
111 317 156 360 ιι
169 314 221 383 33²
287 295 346 363 IN
375 295 688 364 8.J0ANNEM.
733 293 827 359 οιιι.
852 293 898 357 11.
944 290 1054 357 οκνρ
1071 287 1138 354 ιιι.
1244 285 1310 349 249

111 456 284 564 ῆλεγέτω
296 459 412 542 πόλιν
424 462 508 563 ἡμῖν
522 462 543 542 5
561 463 604 541 δι’
619 461 787 555 ἐναντίας,
799 463 877 544 πῶς
895 459 917 559 ῆ
936 457 1012 539 θεία
1029 460 1172 553 τιμᾶται
1186 449 1309 559 φύσις,

112 586 162 669 ὡς
186 584 426 686 ἀληθεύουσα,
445 589 509 685 τῆς
534 594 599 666 τοῦ
625 587 792 688 Σωτῆρος
817 585 917 685 ἡμῶν
935 580 1128 683 μαρτυρίας
1152 578 1310 680 παροδε-

112 706 294 809 δεγμένης.
335 714 366 790 εί
390 707 462 811 γὰρ
488 708 583 792 ὅλως
609 709 673 788 οῦκ
696 705 776 787 ἐστι
801 705 892 788 κατὰ
918 705 1032 811 φύσιν
1050 700 1154 798 Θεὸς,
1172 702 1237 780 οῦκ
1262 703 1311 782 είς

112 829 179 931 τῆν
212 832 311 912 θείαν
341 832 531 933 εῦσεβήσει
568 830 683 939 φύσιν
720 832 740 911 5
776 829 966 924 πιστεύων,
999 830 1047 911 ὡς
1084 825 1308 924 ἀληθεύοντι,

79 974 99 1036 5
113 960 259 1054 μᾶλλον
277 954 315 1036 δέ
332 962 382 1042 είς
400 955 439 1036 ἓν
455 963 530 1037 τῶν
544 955 755 1057 κτισμάτων
772 956 847 1035 κατ’
868 954 1018 1036 ἐκείνους
1036 949 1078 1031 τὸ
1096 947 1308 1030 κάλλιστον.
1322 974 1341 1020 0

113 1076 234 1178 ἐπειδὴ
260 1080 298 1161 δέ
322 1089 388 1162 τοῦ
412 1079 599 1181 ἀληθεύειν
620 1081 643 1181 ῆ
670 1083 798 1186 ψῆφος
821 1083 869 1162 είς
891 1075 987 1157 Θεὸν
1009 1073 1223 1155 ἀνατείνεται
1246 1107 1306 1153 πι-

113 1203 331 1295 στευομένου
363 1210 538 1309 Χριστοῦ,
570 1201 756 1308 πρόδηλον
789 1199 903 1302 δήπου
938 1199 1081 1283 πάντως
1113 1199 1224 1295 ἐστὶν,
1257 1196 1311 1276 ότι

115 1324 209 1409 Θεὸς
228 1328 410 1433 ἐπάρχων,
425 1329 467 1409 οῦ
484 1327 717 1435 ψευδώνυμος
736 1325 842 1410 αῦτὸς
858 1323 915 1432 ἐφ’
935 1327 1047 1431 ἐαυτῷ
1064 1319 1130 1422 τῆν
1148 1320 1220 1401 ἀπὸ
1238 1327 1311 1401 τῶν

114 1449 379 1556 συναινούντῳν
396 1449 542 1556 ἁρπάζει
560 1449 676 1552 τιμῆν.
767 1459 770 1462 ’

62 1603 102 1645 10
170 1572 279 1653 Ἀλλ’
299 1576 342 1654 οῦ
360 1572 580 1676 σννθῆσεται
598 1574 663 1672 μὲν
681 1571 772 1654 κατὰ
791 1571 833 1653 τὸ
852 1571 942 1656 εἰκὸς
961 1570 1097 1655 τούτοις
1119 1571 1220 1670 ῆμῶν
1238 1574 1312 1652 τοῖς

114 1693 240 1798 λόγοις
266 1698 287 1777 5
311 1702 375 1798 τῆς
402 1700 572 1798 ἀληθείας
596 1696 733 1802 ἐχθρὸς,
753 1695 1008 1800 ἀνασκιρτῆσει
1034 1695 1071 1774 δέ
1095 1692 1198 1796 μέγα,
1217 1690 1313 1772 Θεὸν

114 1815 203 1900 εἶναι
230 1820 322 1901 κατὰ
349 1821 464 1928 φύσιν
491 1823 533 1902 οῦ
560 1819 846 1925 παραδεχόμενος
874 1818 937 1900 τὸν
959 1819 1061 1900 Υὶόν·
1103 1821 1175 1920 ἐρεῖ
1201 1816 1239 1898 δέ
1269 1814 1313 1914 δῆ

114 1941 228 2024 πόλιν
248 1945 487 2052 Κατασοφίζῃ
504 1945 567 2026 τὸν
584 1943 709 2049 λόγον,
728 1941 757 2023 ὦ
776 1945 889 2042 οὗτος,
907 1948 965 2022 καὶ
982 1941 1148 2049 στροφὰς
1166 1943 1313 2024 ἐπινοεῖς
1332 1987 1336 2001 ⁴

114 2066 361 2149 πολυπλόκου
388 2067 637 2173 θεωρημάτων,
661 2070 727 2169 τῆν
754 2071 877 2169 ἁπλῆν
904 2066 1039 2170 τρόπον
1066 2065 1145 2146 τινὰ
1172 2068 1230 2145 καὶ
1258 2065 1342 2143 εύ-ει
1369 2078 1482 2138 ΙΒΊΔ.

63 2211 101 2272 ¹5
115 2195 213 2272 θεΐαν
240 2194 295 2272 ἀεὶ
322 2192 480 2273 διάνοιαν
506 2193 796 2297 παραιτούμενος.
839 2191 956 2292 ἐπειδὴ
991 2190 1062 2295 γὰρ
1093 2190 1137 2297 ἐξ
1162 2191 1313 2292 οὐρανοῦ

114 2315 361 2416 καταβέβηκεν
397 2319 417 2397 5
454 2325 518 2399 τοῦ
550 2323 646 2399 Θεοῦ
680 2316 801 2418 Λόγος
834 2315 1025 2420 διαρρήδην
1057 2321 1155 2410 βοῶν
1188 2324 1209 2360 “
1227 2313 1311 2393 Ἀπ’
1357 2308 1466 2434 {Qu

115 2449 138 2488 “
157 2441 309 2537 ἐμαυτοῦ
337 2442 378 2520 ού
405 2447 522 2539 λαλῶ,
545 2443 630 2521 ἀλλ’
659 2443 679 2521 5
706 2440 856 2545 πέμφας
883 2474 928 2539 με
956 2436 1095 2540 Πατῆρ,
1118 2437 1233 2520 αῦτός·
1251 2470 1312 2535 μοι
1357 2441 1452 2504 ³¹³·49·

113 2571 137 2611 “
156 2562 306 2663 ἐντολῆν
319 2564 426 2643 ἐδωκε
444 2565 483 2644 τί
497 2563 583 2645 εἴπω
602 2568 659 2646 καὶ
678 2566 716 2645 τί
731 2562 924 2665 λαλῆσω,”
944 2567 1002 2643 καὶ
1020 2560 1133 2643 πόλιν
1152 2572 1173 2609 “
1186 2559 1314 2641 Πάντα
1358 2557 1399 2683 ξιξ·
1410 2571 1450 2605 η

115 2682 181 2766 “ἀ
208 2686 348 2786 ἤκουσα
374 2688 474 2792 παρὰ
502 2698 565 2768 τοῦ
590 2690 736 2792 Πατρός
763 2691 962 2790 ἀπαγγελῶ
990 2683 1143 2786 ὑμῖν,”ἢ
1173 2689 1242 2782 καὶ,
1266 2687 1313 2769 ὡς

58 2846 101 2888 20
115 2810 222 2894 αὐτὸς
239 2813 278 2891 ἐν
295 2793 369 2894 τόΐς
387 2812 516 2919 ἐφεξῆς
543 2814 563 2891 5
588 2810 688 2914 ἅγιος
706 2811 962 2916 διεμαρτύρατο
980 2809 1185 2911 βαπτιστής
1203 2819 1226 2856 “
1236 2806 1314 2888 Ὃν
1359 2806 1462 2934 {224

115 2944 138 2981 “
156 2933 228 3037 γὰρ
250 2936 462 3016 ἀπείττειλεν
481 2937 501 3015 5
520 2935 613 3020 Θεὸς
637 2935 683 3016 τὸ
707 2937 850 3040 ῥήματα
874 2945 938 3015 τοῦ
956 2941 1051 3015 Θεοῦ
1075 2934 1215 3014 λαλεῖ·”
1255 2932 1313 3012 διὰ

114 3065 223 3138 τοῦτο
252 3058 348 3160 λέγει
377 3061 458 3163 περὶ
488 3060 597 3140 αῦτοῦ
623 3060 667 3140 ‘0
695 3057 888 3167 λαμβάιωι
919 3063 1017 3140 αὐτοῦ
1050 3057 1103 3151 τῆν
1131 3060 1347 3166 μαρτυρίανί)

115 3181 322 3289 ἐσφράγισεν
350 3184 397 3263 ’ότι
427 3193 441 3264 5
470 3183 556 3271 Θεὸς
584 3181 707 3277 ἀληθῆς
735 3185 834 3264 ἔστιν.
883 3180 1021 3283 ἀληθῆς
1051 3182 1122 3286 γὰρ
1154 3181 1263 3265 ὅντως
1293 3182 1313 3260 5

117 3304 213 3390 Θεὸς
229 3308 289 3385 καὶ
311 3305 454 3407 Πατήρ·
484 3305 534 3387 σῦ
552 3306 591 3388 δέ
609 3307 693 3408 ἡμῖν
711 3312 759 3391 είς
784 3306 848 3388 τὸν
866 3305 956 3387 Υίὸν
971 3305 1192 3411 περιτρέπειν
1209 3314 1315 3413 πειρᾷ

58 3459 100 3520 25
116 3426 159 3506 τὸ
177 3427 284 3536 ε’τέριρ
302 3428 604 3534 χρεωστούμενον.

82 3578 85 3583 ’
172 3555 225 3633 Τί
244 3554 307 3633 οῦν
325 3551 417 3656 πρὸς
441 3562 555 3633 ταῦτα
580 3558 638 3635 καὶ
661 3554 746 3658 παρ’
767 3556 868 3656 ἡμῶν
886 3555 1085 3659 είρῆσεται;
1117 3551 1172 3657 ἆρ’
1192 3556 1254 3634 οῦν
1277 3557 1314 3634 ἐν

114 3673 319 3781 προφήταις
338 3677 423 3777 ῆρῖν
441 3678 461 3755 5
482 3677 693 3781 Μονογενῆς
712 3680 905 3786 τετάξεται,
924 3680 989 3779 τῆν
1006 3679 1208 3785 προφῆταις
1228 3681 1314 3781 πρέ-

114 3832 262 3879 πουσαν
280 3800 460 3880 διακονίαν
478 3803 711 3906 ἀποπληρῶν,
730 3806 789 3883 καὶ
807 3804 924 3906 ἕτερον
942 3806 997 3884 ἐπὸ
1014 3802 1128 3910 τούτῳ
1146 3800 1314 3903 τρόπον

92 3921 240 4018 ·ούδέν;
275 3923 342 4004 τίνι
370 3923 442 4028 γὰρ
466 3930 540 4005 τῶν
561 3925 675 4005 όντων
699 3928 763 4007 οὐκ
790 3927 1048 4011 ἀνενδοιαίστως
1074 3923 1311 4029 παραδεκτὸν,

152 4269 179 4324 3.
198 4253 244 4307 οῦκ
256 4253 313 4309 ἐστι
326 4256 389 4308 κατὰ
401 4254 485 4327 φύσιν
496 4254 547 4311 hoc
560 4255 653 4311 ordine
667 4256 699 4312 B.
825 4257 850 4311 8.
870 4258 1006 4327 ἀπότομων
1018 4256 1079 4326 (sic)
1111 4275 1140 4312 ro
1152 4256 1203 4312 ἀπὸ
1214 4263 1266 4312 τῶν
1280 4257 1312 4312 Β.

118 4341 161 4379 10.
179 4323 249 4392 ῆμων
262 4324 324 4379 RD
338 4335 367 4379 ut
380 4327 434 4382 vid.
448 4327 507 4394 ῆμῖν
520 4328 571 4382 Ed.
691 4328 780 4410 15.δέ
792 4332 902 4400 ριόγὰρ
919 4329 951 4382 Β.
1065 4328 1312 4393 1.βοῶνΒ.ἀνα-
1404 4353 1409 4373 ι

115 4398 187 4459 βοῶν
200 4395 251 4449 Ed.
387 4397 427 4451 18.
445 4399 538 4452 ἔδωκεν
553 4399 583 4451 Β.
598 4399 632 4452 cs.
645 4399 671 4452 in
686 4400 720 4452 κὶι
736 4398 787 4452 Pro
807 4399 834 4453 h.
847 4402 881 4470 98
895 4418 918 4463 c,
931 4401 984 4470 830
996 4417 1021 4466 a,
1034 4400 1087 4469 850
1099 4399 1126 4454 d.
1139 4400 1247 4453 δέδωκεν
1261 4399 1311 4453 Ed.

117 4482 161 4590 φφ.
173 4464 333 4592 ,ἀπα-Ἠῶ]
348 4467 389 4521 Cf.
402 4469 477 4592 in6xii
492 4469 588 4558 proph.
601 4472 635 4522 ⁶2
646 4469 690 4593 'bss
716 4418 814 4534 5135.
827 4470 849 4524 εί
863 4470 913 4561 Εφ.
954 4471 988 4526 ὡς
994 4488 1053 4595 Ιφοι.
1068 4470 1100 4524 Β.
1174 4486 1216 4541 23.
1234 4469 1314 4529 ὄντας

145 4557 237 4591 ,εστιν
294 4578 301 4592 .
409 4555 520 4610 τ.γορ
533 4557 581 4610 pro
592 4561 645 4610 παρ
693 4581 699 4594 .
808 4557 849 4611 ²9·
868 4563 914 4595 ουκ
925 4560 979 4596 om.
1019 4581 1026 4598 .

160 4637 230 4682 τοι.
248 4639 269 4685 1.
687 4640 708 4684 ιι
724 4623 746 4685 k
