3038 5018
81 293 181 366 imo.
274 301 332 366 IN
363 302 395 370 S.
419 302 673 369 JOANNEM.
719 303 813 368 ΙιΙΒ.
837 303 885 368 ΙΙ.
930 303 1033 367 CAP.
1058 302 1086 367 Ι.
1215 300 1278 365 211

82 461 272 570 κεκυφότες
302 468 365 565 ἀεὶ,
394 471 452 546 καὶ
482 473 531 553 εἷς
557 467 652 568 μόνα
678 467 724 548 τά
752 470 809 548 ἐπὶ
842 471 905 568 τῆς
936 471 1002 568 γῆς
1032 465 1281 550 κατανεύοντες

81 585 289 688 πράγματα,
300 597 372 670 τῶν
390 592 546 698 ῦφηλιῦν
561 595 624 692 τῆς
643 597 691 676 είς
704 592 870 695 Χριστὸν
889 591 1072 684 εὐσεβείας
1090 587 1280 690 δογμάτων

82 712 258 810 μηδεμίαν
294 711 453 818 δέχοιντο
489 717 653 820 θεωρίαν,
691 717 733 796 οὐ
770 717 1033 810 βασκαίνοντας
1069 714 1188 796 αὐτοῖς
1223 715 1280 792 ε’πὶ

81 831 220 917 τούτοις
256 844 321 915 τοῦ
358 839 619 943 φιλανθρώπου
656 844 766 936 Θεοῦ,
805 837 1020 946 ίσοστάθμιρ
1058 835 1095 917 δὲ
1136 843 1282 937 μᾶλλον

47 978 66 1036 5
82 954 295 1058 κολάζοντος
313 960 393 1066 δίκῃ
412 961 494 1046 τοῦς
511 959 678 1068 ἀφόρητα
695 960 1043 1062 πλημμελήσαντας.

131 1079 233 1183 Ὅρα
266 1081 339 1184 γάρ
372 1084 468 1167 ὅπως
504 1084 663 1186 ἀνοήτως
695 1083 880 1188 ὑβρίζουσι
915 1089 979 1184 τῆς
1010 1085 1145 1164 ἑαυτῶν
1176 1086 1280 1190 ἀφει-

81 1204 223 1289 δοῦντες
245 1211 380 1312 ψυχῆς.
420 1209 440 1288 ὁ
466 1206 619 1311 μὲνγὰρ
640 1209 773 1312 Κύριος
796 1209 897 1307 ἡμῶν
918 1209 1061 1306 Ἰησοῦς
1080 1210 1100 1288 ὁ
1119 1206 1281 1308 Χριστὸς

81 1325 170 1405 ἴδιον
188 1326 306 1409 ἐκάλει
326 1331 473 1432 Πατέρα
491 1330 555 1412 τόν
574 1331 671 1411 Θεόν
690 1344 711 1379 “
727 1331 793 1432 Μὴ
814 1339 945 1412 ποιεῖτε
965 1332 1085 1433 λέγων
1102 1330 1167 1410 τὸν
1184 1327 1281 1410 οἶκον
1326 1327 1409 1389 ⁸⁰9⁶*

1326 1406 1378 1440 νοτ.
1393 1390 1431 1441 16.

82 1460 104 1496 ‘⁴
122 1459 186 1530 τοῦ
208 1453 354 1557 Πατρός
378 1489 448 1553 μου
474 1452 570 1534 οἶκον
594 1456 798 1559 ἐμπορίου.”
837 1452 913 1534 εἶτα
941 1455 1020 1534 δεόν
1045 1453 1172 1538 αὐτοῦς
1191 1452 1314 1534 Υίῦνῑ)

26 1604 67 1644 10
82 1572 150 1675 ἤδη
182 1579 239 1657 καὶ
273 1576 379 1675 Θεὸν,
406 1581 454 1662 ὡς
486 1581 525 1659 ἐκ
556 1583 653 1659 Θεοῦ
683 1582 742 1658 καὶ
773 1577 919 1682 Πατρός
951 1576 1138 1684 πεφηνότα
1171 1585 1278 1675 νοεῖν,

81 1697 271 1799 ἀνθρωπον
307 1699 357 1781 ε”τι
395 1699 533 1802 γυμνὸν
564 1706 623 1781 καὶ
659 1708 731 1781 τῶν
767 1703 851 1781 καθ’
885 1702 979 1801 ἡμᾶς
1017 1699 1189 1804 ὑπάρχειν
1221 1700 1283 1780 ἕνα

81 1822 307 1908 πιστεύουσι.
344 1822 403 1904 διά
427 1860 483 1905 τοι
506 1828 699 1923 ταῦτακαὶ
724 1823 788 1905 τόν
810 1827 868 1906 ἐπὶ
893 1832 938 1931 τῇ
964 1833 1028 1904 τοῦ
1054 1832 1141 1903 ναοῦ
1167 1858 1279 1903 κατα·

82 1952 193 2051 σκευῇ
220 1948 470 2050 δαπανηθέντα
496 1947 629 2053 χρόνον
655 1950 884 2051 προτείνουσι
909 1948 1076 2050 λε’γοντες
1104 1947 1282 2054 Τεσσαρά-

84 2104 186 2150 κοντα
214 2077 274 2151 καὶ
304 2066 341 2178 ἓξ
369 2071 471 2153 ίτεσιν
492 2068 679 2180 ᾠκοδομήθη
705 2082 720 2154 ὁ
749 2072 825 2157 ναῖς
850 2070 951 2169 οὗτος,
978 2080 1037 2152 καὶ
1064 2068 1106 2150 σῦ
1130 2073 1160 2151 ἑν
1182 2077 1283 2177 τρισίν

28 2221 65 2281 15
82 2193 216 2301 ἦμέριιις
250 2197 369 2304 ἐγερεῖς
404 2199 521 2291 αὐτοῖς
565 2197 651 2274 ἀλλ’
683 2193 712 2275 ὦ
748 2195 853 2302 πόση
888 2195 1074 2294 μεθύοντες
1114 2193 1280 2300 ἀπονοίᾳ,

81 2319 223 2403 δικαίως
254 2318 299 2399 ἀν
327 2317 425 2416 οἶμαι
456 2319 574 2422 λέγειν
605 2322 733 2418 αὐτοῖς,
764 2327 793 2401 εί
826 2318 945 2428 σοφός
980 2321 1062 2418 ὑμῖν
1094 2316 1283 2424 ε’νφκισται

80 2451 173 2541 νοῦς,
192 2449 221 2523 εί
239 2443 303 2523 τὸν
320 2444 404 2545 παρ’
425 2446 507 2543 ὑμῖν
526 2443 614 2524 ὄντα
633 2442 719 2525 ναόν
737 2441 833 2524 οῖκον
852 2440 939 2524 εἶναι
958 2449 1054 2524 Θεοῦ
1076 2439 1277 2536 πιστεύετε,
1294 2473 1312 2514 ο

34 2596 38 2602 ·
79 2574 157 2650 πῶς
182 2568 246 2646 οῦκ
270 2568 337 2648 ἔδει
363 2566 459 2647 Θεὸν
477 2566 565 2648 ὄντα
591 2567 683 2648 κατά
709 2567 823 2672 φύσιν
849 2570 979 2648 ἐννοεῖν
1002 2565 1066 2646 τὸν
1089 2562 1281 2646 ἀκινδύνως

79 2697 188 2770 εἰπεῖν
211 2690 450 2794 θαρσήσαντα
469 2702 491 2738 “
507 2691 574 2792 Μὴ
600 2698 729 2772 ποιεῖτε
754 2690 818 2771 τὸν
836 2688 932 2770 οἶκον
951 2698 1015 2769 τοῦ
1041 2685 1186 2791 Πατρός
1211 2720 1283 2787 μου

25 2848 66 2886 20
81 2823 102 2858 “
120 2810 218 2893 οἷκον
239 2813 408 2916 ἐμπορίου
420 2815 454 2911 ;”
489 2810 572 2894 εἶπα
599 2821 676 2898 πῶς
705 2811 760 2911 ἀν,
785 2812 862 2894 εἶπέ
885 2846 955 2911 μοι,
980 2809 1111 2892 λοιπὸν
1135 2815 1283 2913 μακρῶν

80 2935 204 3038 ἐδεήθη
232 2938 372 3043 χρόνων
398 2943 447 3023 είς
474 2935 540 3037 τὴν
563 2936 640 3022 ἑνός
668 2937 765 3017 σ’ίκου
793 2933 1017 3035 κατασκευήν
1029 2967 1040 3031 ;
1081 2932 1104 3035 ἢ
1132 2940 1209 3018 πῶς
1236 2929 1283 3012 ἀν

79 3059 234 3160 ι’γτόνησε
260 3059 351 3165 πρὸς
379 3059 468 3163 όπερ
495 3056 541 3138 ἀν
565 3058 668 3164 τύχοι
695 3066 854 3162 γενικῶς,
879 3060 899 3137 ὁ
927 3061 965 3137 ἐν
985 3056 1110 3157 μόναις
1136 3055 1281 3158 ἡμέραις

79 3182 169 3263 ἕπτά
186 3184 251 3264 τὸν
269 3182 421 3287 ἀριθμὸν
438 3183 519 3263 τόδε
537 3182 579 3262 τὸ
602 3181 753 3280 σύμπαν
771 3181 900 3290 ἀφάτερ
919 3179 1063 3277 δυνάμει
1089 3182 1278 3283 διατεχνη·

79 3305 246 3406 σάμενος,
265 3313 322 3389 καὶ
346 3311 384 3389 ἐν
406 3308 505 3416 μόνῳ
533 3313 584 3415 τῷ
606 3306 724 3388 θίλειν
749 3307 842 3411 ἔχων
866 3305 908 3386 τό
934 3304 1137 3402 δύνασθαι;
1168 3311 1282 3384 ταῦτα

26 3460 65 3517 25
80 3427 151 3534 γάρ
178 3431 246 3512 ἔδει
268 3433 475 3536 λογίζεσθαι
502 3429 567 3512 τὸν
589 3437 662 3512 τῶν
686 3435 788 3533 ίερῶν
810 3426 1033 3534 γραμμάτων
1057 3425 1282 3529 ἐπιστήμονα

80 3551 183 3634 λαόν.

1292 3661 1314 3726 d

118 3782 141 3819 1.
160 3765 477 3837 rficueumptumexss.
586 3765 613 3820 6.
631 3765 798 3836 ἀφειδοῦντες
811 3764 843 3819 Β.
857 3762 1046 3835 ἀφειδήσαντες
1058 3761 1110 3817 Ed.
1219 3762 1280 3841 7.ιὶ

79 3836 126 3890 alt.
138 3846 307 3906 assumptum
319 3855 352 3891 ex
366 3836 399 3891 B.
515 3852 557 3892 10.
577 3837 618 3890 καὶ
630 3837 677 3890 alt,
689 3853 781 3890 ausum
800 3843 859 3889 tum
871 3852 903 3888 ex
918 3834 950 3888 B.
988 3833 1071 3887 Deest
1082 3833 1110 3886 in
1124 3831 1147 3885 Ι.
1161 3829 1280 3885 Οςιεαιι.

82 3922 124 3960 12.
142 3929 172 3975 τη
185 3925 239 3961 om.
253 3907 286 3961 Β.
300 3907 399 3962 habent
412 3907 438 3969 l,
449 3907 573 3962 Catenae.
713 3923 754 3972 14.
772 3904 1056 3978 φκοδομὴθη-ἀγερεῖς
1067 3899 1174 3988 αῦτάνς]
1195 3901 1236 3954 καὶ
1248 3902 1281 3954 τὰ

79 3977 222 4100 “fest“
298 3977 339 4032 ¹⁶·
359 3977 503 4103 “W
519 3969 1280 4111 ‘'⁹¹32zss1¹¹3⁶⁸¹1³·¹·⁰„⁰{2‘2·b0t1¹⁸·‘'⁹⁰‘225’ff'e50‘31

79 4046 194 4183 Πῖτοιῖιεν
207 4115 229 4172 l.
244 4065 368 4173 cmm·
402 4068 552 4173 αθῖησέανδῖα
565 4127 594 4182 ἦ·
609 4086 655 4172 τοῦ
669 4068 848 4171 &gemm
862 4114 884 4170 Ι.
950 4084 957 4098 ·
981 4128 1023 4168 22.
1042 4116 1161 4183 γεννικῶς
1176 4062 1280 4198 Μίρμῖῖο.

79 4186 326 4256 ἡμέραις-σύμπαν
339 4187 363 4243 I.
376 4186 457 4243 Cord.
471 4187 523 4242 Ed.
549 4190 565 4258 ε
578 4186 683 4257 ἡμίραις
694 4187 754 4240 τόδε
766 4187 796 4239 τδ
807 4187 858 4240 πῦν
869 4201 893 4240 a.
1006 4198 1049 4249 24.
1067 4183 1134 4254 ἔχειν
1145 4184 1181 4253 τηῖ
1195 4180 1282 4235 θελειν

78 4258 186 4312 inverso
198 4257 291 4314 ordine
306 4259 338 4314 B.
386 4260 453 4328 ἔχων
466 4258 489 4314 Ι.
502 4257 585 4314 Cord.
599 4257 650 4313 Ed.
664 4256 779 4327 κατέχων
791 4274 814 4310 a.
