3038 5018
239 295 304 356 τοι
540 251 581 356 οξ
604 292 815 357 cmm
844 293 1131 359 ALEXANDR.
1263 293 1441 380 τίη-ῃ.

206 460 304 554 δτῆς
324 457 523 560 Σαμαρείας
541 465 714 559 γυναῖκα;
739 460 852 563 ίΤμεῖς
871 466 1078 564 προσκυνεῖτε
1096 464 1111 539 δ
1132 465 1190 539 οῦκ
1211 456 1331 554 οἴδατε,
1346 463 1441 563 ἡμεῖς

240 584 479 689 προσκυνοῦμεν
504 585 520 662 δ
550 579 695 686 οἴδαμεν.
739 579 794 683 ἆρ’
824 585 903 687 ούχὶ
930 584 1040 663 παντί
1064 618 1115 690 τιρ
1143 586 1201 662 καὶ
1229 581 1287 660 διὰ
1311 580 1442 661 τούτου

240 703 454 807 καταφανὲς,
473 704 527 784 ὅτι
545 712 598 812 τῷ
615 712 846 813 πληθυντικῷ
864 707 1091 811 χρησάμενος
1113 709 1264 811 ἀριθμῷ,
1282 709 1340 784 καὶ
1365 712 1441 788 τοῖς

241 828 286 934 ἐξ
300 825 457 929 ἀνάγκης
476 832 535 908 καὶ
553 830 716 912 δουλείας
734 838 1003 932 προσκυνοῦσιν
1021 829 1146 908 ἑαυτὸν
1163 832 1371 930 ἐναριθμιῦν,
1392 831 1442 911 ὡς

211 954 279 1031 θέν
298 952 410 1058 δούλῃ
429 958 474 1058 τῇ
492 950 740 1056 ἀνθρωπύτητι
759 952 915 1054 γεγονὼς
934 952 979 1031 τὰ
997 952 1144 1031 τοιοῦτοί
1162 961 1256 1060 φησι
1273 985 1283 1048 ;
1314 953 1352 1031 τί
1368 951 1441 1054 γὰρ
1456 982 1476 1042 5

240 1073 295 1174 ἦν,
315 1077 393 1156 εἶπέ
412 1111 484 1173 μοι,
502 1077 545 1156 τὸ
571 1077 712 1155 κωλύον
731 1074 839 1155 αὐτὸν
857 1081 905 1160 είς
925 1083 1050 1155 οἰκεῖον
1068 1075 1268 1177 πρόσωπον
1287 1077 1442 1154 ἑλκῦσαι

239 1203 437 1299 μοναδικῶς
456 1199 521 1300 τὴν
539 1199 800 1301 προσκύνησιν,
820 1207 849 1279 εί
873 1205 1032 1279 νοεῖσθαι
1050 1202 1134 1301 παρ’
1156 1201 1256 1298 ἡμῶν
1273 1200 1443 1296 ἐπεθύμει

239 1325 515 1426 προσκυνητής;
551 1324 617 1404 ἴδει
652 1323 724 1425 γὰρ
756 1331 900 1420 μᾶλλον
927 1331 1036 1404 εἰπεῖν
1063 1323 1161 1424 Ἐγὼ
1191 1330 1386 1426 προσκυνῶ
1421 1322 1443 1402 δ

240 1444 328 1543 οἶδα,
352 1448 410 1527 ἵνα
437 1455 511 1529 τοῖς
538 1448 667 1531 ἄλλοις
695 1448 918 1531 ἀσύντακτος
945 1447 1004 1543 ὧν,
1030 1449 1086 1553 ἐφ’
1114 1449 1227 1555 ἑαυτῷ
1255 1452 1312 1526 καὶ
1340 1447 1444 1554 μόνῳ

240 1568 306 1669 τὴν
337 1576 410 1651 τῶν
442 1573 632 1673 είρημένων
664 1572 814 1676 ἁρπάσῃ
847 1570 1008 1669 δύναμιν.
1064 1578 1139 1651 νυνὶ
1173 1572 1211 1650 δὲ
1244 1569 1287 1650 τύ
1317 1571 1444 1675 Ἡμεῖς
1462 1613 1501 1658 10

241 1694 374 1795 ἄριστά
406 1729 444 1774 τε
482 1699 575 1797 φησὶ
612 1699 670 1773 καὶ
706 1696 790 1774 λίαν
822 1699 1013 1800 ἀσφαλῶς,
1047 1699 1096 1777 ὡς
1126 1698 1164 1774 ἐν
1197 1693 1339 1778 δούλοις
1371 1694 1444 1795 ἤδη

241 1819 545 1920 κατατεταγμένος
563 1818 620 1897 διὰ
639 1817 704 1917 τὴν
723 1819 994 1920 άνθρωπότητα,
1014 1823 1061 1902 ὡς
1080 1826 1153 1901 τοῖς
1171 1828 1445 1922 προσκυνοῦσιν

241 1945 451 2046 ἐναρίθμιος,
471 1946 519 2026 ὡς
536 1943 706 2025 Ἰουδαῖος
726 1940 784 2021 διὰ
803 1938 868 2039 τὴν
886 1943 1022 2045 χώραν.

42 2122 45 2130 ,
72 2055 180 2109 191Δ.
211 2071 228 2107 α

190 2187 322 2256 23Ἀλλ’
354 2189 482 2273 ἔρχεται
509 2189 581 2273 ὥρα
615 2184 666 2249 καί
695 2189 747 2250 νῦν
774 2186 871 2265 ὲοτιν,
897 2187 952 2251 ὅτε
984 2183 1014 2249 οἱ
1043 2183 1189 2249 ἀληθινοί
1218 2183 1440 2270 προσκυνηταὶ

292 2313 550 2398 ττροοκυνίιοουοι
578 2316 625 2394 τῷ
648 2310 751 2398 Πατρί
778 2310 812 2374 ἐν
840 2313 997 2386 πνεύματι
1026 2310 1078 2374 καί
1105 2309 1253 2398 ἀλαθείᾳ.
1298 2310 1350 2373 καί
1378 2308 1439 2396 τὰρ
1459 2333 1498 2390 15

191 2456 226 2508 ιο
292 2439 310 2503 ὁ
334 2437 448 2523 Πατήρ
472 2436 638 2501 τοιούτους
663 2432 747 2524 <urei
772 2436 847 2500 τοὺε
875 2440 1136 2523 προοκυνοῡνταο
1164 2435 1273 2502 αὐτόν,
1311 2438 1475 2513 πνεῦμα·

292 2566 310 2629 ὁ
346 2562 439 2643 Θεὸο,
475 2564 529 2628 καί
568 2563 643 2628 τοὺο
683 2568 944 2650 προσκυνοῦνται
985 2563 1083 2628 αὐτὸν
1119 2564 1154 2628 ὲν
1191 2563 1348 2638 πνεύματι
1387 2561 1444 2627 καὶ

191 2699 227 2757 25
292 2688 428 2778 ἀλαθείᾳ
457 2685 505 2752 δεῖ
532 2686 734 2776 προσκυνεῖν.
779 2691 864 2762 λὲτει
891 2688 1023 2772 αὐτῷνί
1054 2689 1140 2762 Γυννί.

269 2852 466 2950 ’Σημαίνει
503 2850 567 2950 μὲν
597 2856 660 2950 τῆς
693 2854 820 2931 ἑαυτοῦ
851 2853 1051 2954 παρουσίας
1083 2849 1147 2930 τὸν
1179 2850 1245 2949 ἤδη
1277 2849 1446 2952 παρόντα

241 2973 373 3077 καιρὸν,
392 2973 804 3075 μετασκευασθήσεσθαι
824 2974 860 3054 δὲ
885 2973 967 3058 τοῦς
992 2975 1125 3058 τύπους
1143 2976 1258 3078 φησίν
1276 2979 1325 3058 είς
1343 2972 1441 3074 ἀλή-
1461 3020 1501 3061 20

206 3103 351 3190 οθειαν,
378 3103 435 3178 καὶ
464 3097 530 3198 τὴν
551 3107 615 3179 τοῦ
644 3097 755 3198 νύμου
783 3097 892 3177 σκιὰν
914 3105 962 3182 είς
991 3099 1158 3199 λατρείαν
1182 3095 1442 3197 πνευματικήν.

241 3220 355 3301 διὰδὲ
378 3228 441 3321 τῆς
464 3224 697 3324 εύαγγελικῆς
718 3222 937 3305 παιδεύσεως
963 3228 1010 3306 είς
1037 3220 1230 3323 εὐάρεστον
1248 3227 1299 3328 τῷ
1320 3224 1446 3323 Πατρὶ

239 3348 423 3424 πολιτείαν
436 3346 818 3451 χειραγωγηθήσεσθαι
838 3345 937 3447 λε’γει
955 3343 1018 3425 τὸν
1032 3343 1188 3439 οίλκθινῦν
1201 3342 1445 3451 προσκυνητὴν,

240 3467 303 3546 τὸν
331 3469 520 3570 ἄνθρωπον
548 3468 714 3568 δηλονότι
747 3468 811 3549 τὸν
838 3469 1085 3567 πνευματικὸν,
1114 3467 1334 3569 ἑτοιμότερόν
1362 3503 1444 3553 πως

240 3599 289 3676 είς
307 3592 502 3692 οἰκειότητα
517 3592 689 3697 τρέχοντα
713 3592 778 3694 τὴν
795 3591 884 3696 πρὸς
904 3593 1010 3673 θεόν.
1052 3596 1186 3697 πνεῦμα
1209 3590 1280 3695 γὰρ
1303 3601 1317 3673 o‘
1337 3591 1441 3690 Θεδς,
1458 3636 1497 3696 25

241 3721 289 3800 ὡς
316 3715 407 3820 πρὸς
435 3716 646 3815 ε’νσιύματον
675 3724 802 3796 νοεῖται
830 3717 955 3823 φύσιν.
995 3715 1053 3795 διιί
1079 3751 1134 3795 τοι
1161 3724 1268 3795 τοῦτο
1296 3718 1445 3801 δικαίως

239 3841 303 3921 τὸν
324 3838 562 3938 πνευματικὸν
584 3839 794 3944 ἀποδέχεται
819 3837 1084 3941 προσκυνητὴν,
1104 3841 1166 3918 ούκ
1192 3842 1228 3917 ἐν
1250 3837 1444 3944 μορφώσει

240 3970 298 4045 καὶ
330 3966 454 4047 τύποις
492 3972 674 4072 φοροῦντα
706 3968 768 4062 τῆς
802 3965 984 4059 εὐσεβείας
1021 3962 1087 4062 τὴν
1118 3962 1311 4068 μόρφωσιν
1342 3964 1440 4042 Ἰου-

211 4094 379 4187 οδαϊκιῦς,
398 4088 499 4168 ἀλλὰ
517 4097 591 4172 τοῖς
610 4088 674 4187 μὲν
692 4088 737 4194 ἐξ
757 4091 883 4189 ἀρετῆς
905 4088 1182 4191 κατορθώμασιν
1201 4088 1445 4188 εύαγγελικῶς

275 4345 300 4393 4.
321 4326 361 4378 καὶ
374 4342 427 4378 om.
444 4323 475 4378 Β.
600 4340 624 4393 7.
644 4321 762 4390 ἐπεθύμει
777 4320 809 4373 Β.
823 4321 939 4390 ε’πιθυμεῖ
952 4320 1003 4373 Ed.
1133 4336 1173 4389 13.
1192 4317 1314 4373 Ἰουδαῖος
1327 4317 1361 4371 Β.
1373 4318 1444 4374 Ἰου-

238 4397 320 4452 δαίοις
334 4395 384 4449 Ed.
476 4411 518 4463 23.
536 4415 648 4464 χειραγω
671 4392 778 4447 ’σεσθαν
793 4391 824 4444 Β.
916 4405 958 4458 25.
976 4388 1114 4461 τρέχοντα]
1132 4397 1160 4454 †
1175 4412 1229 4445 πως
1242 4388 1292 4442 Ed.
1306 4388 1392 4443 invito
1408 4390 1444 4445 B.

242 4466 282 4520 τό.
301 4466 449 4535 ε’νσῶματον
463 4465 494 4518 B.
508 4468 628 4532 σώματος
664 4461 691 4516 d.
767 4463 809 4516 28.
829 4465 872 4531 τῆς
884 4462 1019 4525 εὐσεβείας
1031 4463 1165 4533 φοροῦντα
1177 4462 1283 4515 inverso
1295 4459 1390 4514 ordine
1406 4461 1443 4515 Β.

298 4559 344 4594 ’ἀν
356 4555 404 4608 pro
416 4537 555 4607 μόρφωσιν
570 4534 600 4588 Β.
