3038 5018
229 281 296 346 474
534 283 571 349 Β.
596 284 807 350 CYRILLI
838 284 1126 350 ALEXANDR.
1320 278 1435 363 vi.35.

230 442 358 530 αὑτοὺς
385 449 625 554 καταστέφειν
647 460 776 550 τιμαῖς.
819 450 910 531 ε’πάν
932 451 1053 548 μέντοι
1080 447 1170 532 τινές
1197 453 1269 527 τῶν
1294 445 1434 542 ἀμαθε-

230 569 380 672 στέρων,
399 569 493 672 ὅσην
515 573 586 679 ε”χει
614 576 690 654 κατ’
711 576 850 655 ἐκείνων
875 572 942 674 την
966 571 1146 678 ὑπεροχὴν
1170 572 1233 651 οὑκ
1260 563 1434 669 ἐπιγινώ-

230 725 380 778 σκοντες
410 694 477 795 τὴν
507 699 637 796 ἀμείνω
669 699 941 801 προσαγάγωσι
973 697 1085 804 δόξαν
1117 698 1245 790 αὑτοῖς,
1272 691 1353 773 τότε
1387 686 1438 788 δὴ

230 815 381 923 σφόδρα
403 823 591 925 χρησίμως
613 829 759 928 φρονεῖν
776 824 977 922 μεταπείθει
1002 821 1048 901 τά
1072 817 1360 923 πρεπωδέστερα,
1378 811 1438 897 τίς

229 942 296 1040 μέν
316 943 416 1023 ε’στιν
438 944 458 1025 5
478 944 690 1049 Μονογενὴς
715 945 1037 1046 διενθυμουμένους,
1058 948 1116 1025 καὶ
1142 943 1196 1023 ὅτι
1221 938 1264 1040 δὴ
1285 936 1472 1021 πάντως5

230 1067 462 1169 ἀσυγκρίτοις
486 1072 612 1150 διοίσει
638 1078 715 1156 ταῖς
743 1073 944 1175 ὑπεροχαῖς·
979 1069 1127 1149 ἀλλὀὐ
1151 1067 1299 1170 σφόδρα
1323 1064 1438 1166 σαφῆ

231 1187 295 1268 τὸν
316 1192 373 1271 ἐπὶ
401 1191 540 1277 τούτοις
566 1200 717 1274 ποιεῖται
745 1195 868 1296 λόγον,
892 1192 1177 1289 ε’πεσκιασμένον
1199 1187 1241 1267 δέ
1263 1221 1351 1282 πως,
1374 1186 1439 1264 καὶ

197 1314 315 1418 ἅδίχα
339 1313 480 1413 κόμπου
505 1314 651 1416 παντὸς,
669 1316 742 1397 ἀπὸ
765 1317 802 1397 δὲ
821 1322 883 1417 τῆς
901 1320 939 1396 ἓν
956 1313 1150 1419 πράγμασι
1168 1313 1332 1414 θεωρίας,
1353 1309 1438 1407 ἤτοι

230 1441 466 1541 συγκρίσεως,
502 1440 568 1540 τὴν
603 1443 660 1522 ἐπὶ
698 1448 771 1526 τοῖς
809 1442 1009 1545 κρείττοσιν
1045 1436 1249 1542 ἁρπάζοντα
1285 1438 1434 1541 ψῆφον.

231 1560 315 1659 οἷον,
345 1564 431 1669 φέρε
461 1570 579 1661 εἰπεῖν,
612 1564 790 1669 διελέγετό
819 1598 908 1645 ποτε
939 1563 1030 1667 πρὸς
1061 1563 1127 1663 τὴν
1159 1565 1198 1641 ἐκ
1231 1558 1437 1661 Σαμαρείας
1454 1588 1492 1630 1⁰

231 1685 432 1793 γυναῖκα,ᾗ
460 1692 519 1769 καὶ
547 1688 678 1770 δώσειν
702 1691 797 1793 ὕδωρ
822 1687 864 1769 τὸ
890 1686 959 1790 ζῶν
982 1686 1242 1790 ἐπηγγέλλετο·
1278 1690 1437 1763 συνεῖσα

63 1865 71 1878 ·
142 1903 148 1918 ⁸
232 1809 269 1890 δὲ
303 1810 404 1891 οὑδέν
430 1820 503 1892 τῶν
535 1814 725 1916 εἰρημένων
757 1814 780 1914 ἡ
812 1812 903 1916 γυνή
937 1824 959 1861 “
979 1811 1045 1912 Μὴ
1078 1809 1128 1890 σὺ
1156 1809 1282 1911 μείζων
1308 1803 1342 1886 εἷ
1369 1813 1437 1885 τοῦ

64 2297 103 2346 Ih.
115 2308 153 2360 ιη,

66 2376 105 2427 ¹4·

232 1932 873 1980 “sea-2523
1092 1929 1435 1980 ‘'⁴*'.”

269 1968 407 2037 πατρος
439 1972 541 2036 ημων
579 1944 716 2035 Ιακωβ,
748 1945 829 2044 εφη,
858 1973 897 2022 ος
925 1937 1054 2017 ἔδωκεν
1081 1969 1165 2035 ημιν
1192 1967 1234 2012 το
1265 1937 1410 2036 φρεαρ,

231 2056 350 2158 ἐπειδὴ
376 2058 414 2139 δέ
438 2062 661 2160 μεταπείθειν
686 2060 798 2160 αὑτὴν
819 2062 839 2140 5
869 2060 996 2164 Σωτὴρ
1024 2059 1206 2156 ε’βοὺλετο,
1228 2055 1352 2157 ὅτιπερ
1380 2053 1437 2153 εἴη

231 2185 290 2264 καῖ
316 2184 483 2285 κρείττων
501 2187 620 2283 αὑτοῦ,
639 2188 697 2264 καὶ
724 2187 788 2266 οὑκ
814 2189 851 2266 ἐν
870 2187 1006 2289 ὀλίγοις
1024 2186 1122 2264 τισὶν
1139 2177 1437 2289 ἀξιοπιστότερος
1455 2199 1491 2262 ¹5

201 2305 381 2409 ομέτροις,
399 2311 456 2388 ε’πῖ
481 2307 547 2408 τὴν
566 2315 639 2388 τῶν
658 2309 797 2389 ὑδάτων
814 2309 947 2413 βαδίζει
972 2306 1160 2413 διαφοράν,
1180 2302 1296 2407 λέγων
1314 2312 1336 2349 “
1352 2307 1438 2386 Πᾶς

230 2441 252 2477 “
272 2433 291 2509 ὁ
310 2432 424 2511 πίνων
442 2434 480 2511 ἐκ
500 2441 564 2512 τοῦ
584 2435 712 2518 ὕδατος
730 2433 857 2513 τούτου
876 2431 1026 2540 διψήσει
1044 2427 1168 2528 πάλιν,
1186 2427 1226 2512 ὃς
1250 2428 1283 2506 δ’
1304 2423 1350 2505 ἀν
1368 2425 1438 2530 πίῃ

231 2565 252 2601 “
270 2555 309 2632 ε’κ
339 2563 403 2634 τοῦ
435 2556 562 2639 ὕδατος
594 2555 635 2635 οὗ
672 2555 742 2658 ἐγὼ
780 2556 889 2636 δώσω
921 2558 1016 2663 αὑτῷ
1045 2552 1233 2657 γενήσεται
1264 2551 1304 2629 έν
1335 2551 1440 2654 αὑτῷ

230 2687 253 2726 “
270 2673 370 2778 πηγὴ
404 2680 532 2762 ὕδατος
566 2679 769 2778 ἁλλομένου
801 2686 849 2763 είς
882 2679 974 2783 ζωὴν
1005 2678 1181 2759 αῖῶνιον.”
1232 2676 1291 2755 καὶ
1322 2671 1363 2753 τί
1393 2672 1440 2751 τὸ

230 2801 400 2900 ἐντεῦθεν,
422 2799 444 2901 ἢ
471 2801 616 2888 πάντως
642 2806 753 2884 έκεῖνο
781 2810 875 2885 νοεῖν
896 2803 1093 2899 ἀναπείθει,
1119 2801 1175 2881 ότι
1199 2832 1268 2900 περ
1292 2794 1441 2898 ἀνάγκη
1457 2830 1497 2872 ιο

230 2922 295 3007 τόν
328 2931 400 3006 τῶν
436 2926 630 3026 ἀμεινόνων
666 2926 827 3034 χορηγὸν
863 2933 1004 3007 κεῖσθαι
1040 2925 1084 3026 δὴ
1120 2923 1264 3005 πάντως
1300 2923 1361 3000 καὶ
1399 2923 1443 2999 ἐν

231 3051 425 3149 ἀμείνοσιν,
444 3048 466 3151 ἢ
486 3054 525 3131 έν
542 3050 672 3154 οἷσπερ
689 3052 733 3132 ἀν
751 3052 804 3153 εἴη
822 3049 933 3156 τυχὸν
952 3052 972 3130 5
990 3048 1082 3154 πρὸς
1104 3046 1145 3128 δν
1165 3047 1186 3148 ἡ
1209 3047 1437 3148 σὺγκρισις;

232 3171 392 3254 τοιοῦτόν
410 3208 490 3254 τινα
508 3174 643 3279 τρόπον
663 3174 879 3282 ὑφηγήσεεὺς
903 3209 941 3254 τε
967 3177 1025 3254 καὶ
1051 3170 1285 3253 διδασκαλίας
1306 3170 1438 3268 ἐπιτη·

64 3310 132 3365 ³24
140 3309 180 3366 A·
204 3296 324 3375 νδεὺει
345 3299 404 3375 καὶ
431 3305 506 3378 νῦν.
546 3297 664 3397 ἐπειδὴ
683 3299 754 3402 γάρ
779 3294 1106 3402 κατεσοβαρεὺοντό
1128 3331 1206 3379 πως
1231 3295 1355 3382 αὑτοῦ,
1377 3296 1442 3372 καὶ

231 3426 518 3525 μεγαλοφρονεῖν
543 3422 759 3522 ἀπετόλμων
781 3425 954 3520 Ἰουδαῖοι,
975 3420 1139 3501 Μωυσέα
1165 3454 1204 3498 τε
1231 3414 1295 3497 τόν
1320 3449 1436 3514 ναμο·
1457 3440 1495 3501 ²5

232 3540 338 3641 θέτην
366 3544 440 3624 ἀνω
467 3579 506 3625 τε
534 3549 591 3626 καῖ
620 3546 716 3627 κάτω
743 3544 1012 3652 προϊσχόμενοι,
1041 3547 1100 3645 καὶ
1127 3550 1201 3626 τοῖς
1229 3542 1271 3620 δι’
1301 3539 1442 3622 ἐκείνου

231 3672 377 3766 μᾶλλον
396 3668 618 3765 ἀκολουθεῖν,
635 3670 725 3773 ἤπερ
744 3678 817 3755 τοῖς
837 3668 895 3749 διά
913 3675 1090 3772 Χριστοῦ,
1103 3671 1233 3772 χρῆναι
1251 3661 1442 3751 πολλάκις

232 3791 502 3896 διισχυρίζοντο,
524 3790 590 3894 τὴν
615 3801 679 3872 τοῦ
707 3792 823 3892 μάννα
852 3794 1027 3899 χορηγίαν
1055 3795 1113 3871 καὶ
1141 3787 1207 3889 τὴν
1234 3791 1273 3868 ἐκ
1299 3788 1442 3891 πέτρας

231 3922 304 3994 τῶν
323 3914 461 3996 ὑδάτων
482 3915 668 4020 ἐκδρομὴν,
687 3918 983 4025 ἀξιολογωτάτην
1005 3914 1188 4022 ἀπόδειξιν
1210 3911 1443 4014 λογιζόμενοι

230 4042 295 4137 τῆς
322 4039 413 4119 κατά
440 4039 585 4121 πάντων
612 4041 832 4149 πλεονεξίας,
860 4045 919 4122 καὶ
954 4044 1063 4121 αὑτοῦ
1096 4036 1135 4118 δὲ
1166 4045 1230 4116 τοῦ
1266 4039 1443 4140 Σωτῆρος
1458 4063 1495 4121 30

268 4319 294 4373 3.
312 4307 469 4374 προσάγωσι
484 4306 516 4361 Β.
706 4307 732 4360 6.
751 4308 917 4380 ἀσυγκρίτοις
932 4308 962 4361 Β.
976 4287 1142 4379 ἀσυγκρίτόῖςς
1155 4305 1191 4360 D.
1205 4304 1370 4376 ἀσυγκρίτως
1385 4304 1444 4363 Ed.

233 4373 258 4426 8.
277 4377 371 4431 παντὸς
384 4380 482 4444 κόμπου
496 4379 599 4431 inverso
612 4377 705 4432 ordine
719 4379 751 4432 B.
806 4377 846 4450 ἐν]
862 4385 891 4443 -Ι-
907 4381 961 4434 τοῖς
975 4379 1006 4431 Β.
1150 4394 1176 4447 9.
1195 4377 1250 4431 τοῖς
1262 4385 1445 4446 assumptum

233 4461 264 4495 ex
280 4443 312 4496 B.
360 4446 505 4515 ἁρπάζοντα
520 4449 551 4501 Β.
564 4448 719 4517 ἁρπάζοντες
732 4448 784 4503 Ed.
851 4461 900 4504 Ἰο.
916 4447 1064 4573 ε’κέ-Ι-τῆς
1076 4446 1129 4504 Ed·
1141 4447 1226 4503 invito
1241 4445 1273 4502 Β.
1352 4450 1445 4504 ῑΜδ

234 4512 295 4584 ζῶν]
309 4516 374 4585 ζωὴν
389 4517 420 4571 Β.
504 4536 546 4589 30.
565 4520 715 4589 πλεονεξίας
732 4519 761 4575 Β.
773 4521 925 4590 πλεοτιμίας
963 4518 989 4573 d.
