3038 5018
223 284 288 348 620
526 284 566 348 B.
589 282 798 348 CYRILLI
826 281 1116 347 ALEXANDR.
1316 279 1373 345 vii.
1386 297 1431 358 τι

223 445 482 549 παραβάσεσιν
504 446 657 547 ἀπειλήν
679 445 919 546 εἰσενήνεκται
943 445 1003 527 διά
1027 446 1135 527 ποίαν
1160 444 1310 541 αἰτίαν,
1345 441 1433 546 πρὸς

224 569 269 669 δὴ
297 573 357 649 καί
384 570 490 650 τοῦτό
519 577 649 679 φαμεν,
678 575 727 654 ὡς
754 570 823 651 έδει
849 569 901 671 μὴ
928 570 1052 670 μόνον,
1081 569 1138 650 ὅτι
1165 569 1364 649 πείσονται
1391 564 1434 646 τιί

226 691 323 772 δεινά
351 702 424 778 τοῖς
452 696 743 797 παραβαίνουσιν
770 698 941 792 ἀπειλεῖν,
966 693 1056 795 μηδὲ
1083 692 1184 800 μόνιρ
1210 697 1268 799 τῷ
1298 690 1434 790 δείματι

225 815 317 918 πρὸς
348 817 540 912 εὐλάβειαν
570 817 842 924 ἀσφαλίζεσθαι
873 815 937 897 τόν
966 816 1134 919 Ἰσραήλ·
1179 815 1433 917 δουλοπρεπέ-

227 974 359 1042 στερον
376 940 448 1042 γάρ
467 939 509 1021 τὸ
527 943 566 1021 ε’ν
585 941 693 1050 φόβιρ
712 948 907 1038 θεοσεβεῖν·
938 943 1023 1021 ἀλλ’
1044 941 1217 1047 ἐπιδεῖξαι
1244 943 1306 1020 καί
1330 941 1458 1019 τίνων5

197 1063 373 1143 οἴσονται
395 1063 550 1169 μέτοχοι,
569 1062 592 1167 ἢ
618 1069 677 1145 καί
703 1070 752 1150 εἰς
777 1073 881 1147 ποῖον
899 1064 1148 1172 καταλήξουσι
1175 1063 1288 1148 τέλος
1313 1066 1352 1142 οἰ
1376 1064 1437 1162 τῆς

228 1193 276 1271 εἰς
304 1187 412 1268 αὑτὸν
440 1188 584 1291 ἀγάπης
611 1188 727 1295 ἀπρὶξ
751 1190 951 1292 ἠρτημένοι.
989 1188 1127 1292 διορίζει
1154 1195 1358 1290 τοιγαροῦν
1382 1191 1437 1268 καί

228 1315 377 1394 δίδωσιν
395 1317 444 1398 ὡς
470 1317 509 1394 έν
525 1312 627 1422 τύπιρ
652 1321 725 1394 τῶν
741 1315 922 1412 ἐσομένων
940 1316 1059 1398 αὐτοῖς
1084 1315 1235 1414 ἀγαθῶν
1253 1310 1327 1411 τήν
1346 1310 1436 1392 ἀπό·

228 1472 372 1542 σχεσιν.
413 1436 523 1536 σκιὰν
547 1437 620 1540 γὰρ
647 1436 718 1542 ἔχει
746 1440 766 1517 ὁ
795 1435 902 1532 νόμος
929 1445 1003 1518 τῶν
1027 1435 1243 1536 μελλόντων
1268 1439 1435 1538 ἀγαθῶν,

229 1559 322 1641 καθά
350 1562 562 1663 γέγραπται,
585 1567 644 1640 καί
671 1560 943 1664 προγύμνασμά
970 1596 1005 1641 τι
1032 1566 1096 1662 τῆς
1123 1561 1300 1659 ἀληθείας
1330 1557 1376 1640 τὸ
1404 1561 1476 1637 ε’νῑο

229 1687 325 1791 αὐτῷ
343 1689 471 1788 σχῆμα
490 1687 663 1792 φαίνεται.
706 1688 828 1788 ἀργεῖν
847 1683 886 1763 δὲ
906 1684 1041 1765 κελεύει
1059 1683 1125 1784 τήν
1140 1683 1361 1764 τελευταίαν
1379 1685 1439 1781 τῆς

229 1809 426 1909 ἑβδομάδος
452 1808 596 1912 ἡμέραν,
619 1809 784 1889 τουτέστι
810 1807 852 1888 τὸ
878 1807 1082 1905 σάββατον,
1100 1811 1157 1887 καί
1176 1808 1438 1888 ἀπαπαύεσθαι

61 1953 175 2010 42η
199 1933 294 2027 αμὲν
312 1933 418 2036 έργου
436 1931 581 2032 παντὸς,
601 1934 763 2013 ἀνίεσθαι
789 1933 826 2012 δὲ
853 1935 912 2012 καί
937 1933 1141 2014 ἀνάπαυσιν
1159 1931 1388 2032 ἐπιτηδεύειν
1404 1934 1439 2010 ἐν

230 2059 335 2164 αύτῷ,
355 2056 421 2157 τήν
440 2060 497 2138 ε’πί
524 2056 620 2137 τέλει
646 2063 718 2137 τῶν
741 2057 879 2136 αἰώνων
900 2057 1075 2157 ἐσομένην
1093 2062 1167 2139 τοῖς
1194 2056 1316 2155 ἁγίοις
1349 2054 1434 2133 ἀνά·

229 2183 366 2261 παυσίν
385 2216 423 2261 τε
450 2183 507 2261 καί
533 2180 673 2287 τρυφήν
693 2180 751 2259 διά
776 2180 905 2260 τούτου
931 2183 1063 2281 δηλῶν,
1083 2180 1141 2260 ὅτε
1159 2182 1225 2278 τῆς
1249 2181 1288 2258 ἐν
1309 2176 1437 2286 κόσμῳ
1449 2210 1475 2271 ¹5

231 2303 499 2412 καταλήξαντες
517 2305 617 2408 ζωῆς,
638 2307 695 2384 καί
713 2302 796 2389 τούς
814 2305 872 2384 ε’πί
898 2311 973 2389 ταῖς
1000 2304 1256 2406 ἀγαθουργίαις
1283 2307 1438 2406 ἱδρῶτας

233 2428 507 2534 ἀπονιψάμενοι,
527 2428 593 2528 τήν
612 2427 747 2508 ἀπονόν
763 2462 802 2507 τε
829 2431 887 2507 καί
912 2426 1072 2525 καμάτου
1095 2427 1177 2531 δίχα
1194 2425 1341 2510 παντὸς
1361 2430 1435 2505 δια·

233 2552 403 2657 ζήσονται
426 2554 507 2647 βίον
526 2558 557 2632 οἰ
583 2557 621 2632 έν
641 2557 803 2658 Χριστῷ,
822 2551 914 2631 κατά
942 2553 985 2631 τό
1009 2551 1192 2655 ἀρημένον
1208 2552 1295 2652 περὶ
1322 2551 1439 2629 αὐτῶν

64 2672 107 2788 {³22
118 2671 169 2720 ¹¹V·
235 2675 294 2755 διὰ
311 2680 374 2774 τῆς
391 2686 454 2755 τοῦ
472 2674 661 2783 προφήτου
681 2681 802 2781 φωνῆς
818 2686 840 2723 “
850 2675 1113 2775 Ἐπιλήσονται
1131 2671 1202 2776 γὰρ
1219 2672 1290 2772 τήν
1306 2676 1439 2780 θλίψιν

235 2811 256 2847 “
275 2801 392 2879 αὐτῶν
410 2798 476 2899 τήν
493 2800 650 2903 πρώτην,
670 2801 728 2879 καί
755 2801 797 2879 ού
824 2798 873 2898 μὴ
898 2802 1018 2906 ἀναβῇ
1042 2801 1159 2878 αὐτῶν
1175 2799 1233 2878 ε’πί
1257 2795 1332 2897 τήν
1349 2831 1435 2900 καρ·
1449 2831 1475 2874 ιι

236 2934 257 2971 “
276 2923 365 3022 δίαν,
384 2926 470 3003 ἀλλ’
491 2923 698 3031 εὐφροσύνη
716 2922 855 3007 αἰώνιος
875 2925 931 3003 ε’πί
950 2922 1015 3023 τήν
1033 2921 1197 3029 κεφαλὴν
1215 2923 1355 3000 αὐτῶν·
1385 2923 1439 3001 ε’πί

199 3049 257 3112 b“
276 3047 346 3153 γάρ
374 3052 537 3154 κεφαλῆς
561 3050 677 3128 αὐτῶν
700 3046 844 3144 αἰνεσις,
863 3051 920 3127 καί
948 3047 1153 3154 εὐφροσύνη
1182 3043 1440 3150 καταλήψεται

235 3181 257 3218 “
273 3169 410 3269 αὐτούς,
430 3173 567 3274 ἀπέδρα
585 3172 693 3270 ὀδύνη
711 3173 769 3250 καί
792 3170 891 3270 λύπη
917 3174 975 3250 καί
1000 3168 1233 3272 στεναγμός.”
1272 3169 1438 3248 καταλύ·

65 2919 188 2969 Ibam.

68 2999 106 3035 ιο.

235 3330 354 3375 σαντα
379 3298 588 3393 τοίνυν,καί
612 3296 803 3399 μονονουχὶ
828 3299 900 3373 τῶν
917 3295 973 3374 έπί
1002 3301 1047 3400 τῇ
1075 3293 1288 3398 δημιουργίᾳ
1320 3293 1443 3374 πόνων

237 3417 494 3524 καταλήξαντα
520 3418 583 3498 τὸν
603 3414 835 3521 Δημιουργάν
853 3418 1132 3517 ἀπομιμούμενοι
1151 3419 1207 3496 καί
1228 3418 1352 3513 αὐτοὶ,
1371 3423 1444 3496 τῶν
1455 3448 1479 3505 ²5

236 3544 273 3621 έν
292 3548 381 3648 τῷδε
408 3550 459 3650 τῷ
483 3544 553 3650 βίῳ
580 3542 750 3642 καμάτων
768 3541 1053 3639 ἀποπαύσονται,
1071 3541 1161 3645 πρὸς
1185 3539 1335 3646 τρυφήν
1354 3545 1442 3622 ἀνα·

236 3669 421 3761 βαίνοντες
457 3665 523 3765 τήν
558 3668 615 3747 ε’πί
648 3665 741 3744 τέλει
780 3672 852 3745 τῶν
886 3665 1025 3746 αἰώνων
1056 3664 1308 3765 δοθησομένην
1343 3664 1445 3769 παρά

237 3797 415 3894 Χριστοῦ.
455 3793 513 3870 καὶ
539 3797 586 3874 εἰς
609 3797 734 3870 τοῦτον
751 3786 849 3886 οἶμαι
866 3789 1110 3870 συντετάσθαι
1129 3788 1192 3869 τὸν
1210 3787 1362 3870 σκοπὸν
1379 3789 1447 3890 τήν

239 3919 296 3997 έπί
315 3922 366 4022 τῷ
384 3913 566 4022 σαββάτιρ
585 3912 863 4013 διατεταγμένην
881 3915 1021 4016 ἀργίαν.

276 4195 301 4247 3.
322 4175 433 4247 δείματι]
448 4176 558 4247 δήγματι
573 4178 660 4248 (quasi
673 4176 802 4246 δείγματι)
819 4175 850 4229 Β.
924 4191 949 4248 7.
968 4178 1004 4234 εἰς
1015 4177 1105 4249 αὐτὸν]
1120 4179 1216 4232 ἑαυτῶν
1231 4176 1264 4231 Β.
1359 4197 1401 4234 10.
1422 4183 1449 4234 τὸ

240 4301 268 4352 ἐν
280 4299 348 4370 αὐτῷ
362 4296 464 4369 σχῆμα]
479 4302 514 4370 τῷ
528 4298 554 4351 ε’ν
567 4299 634 4370 αὐτῷ
647 4300 682 4368 τῷ
697 4296 811 4367 σχήματι
827 4298 858 4352 Β.
1077 4311 1117 4368 17.
1137 4299 1252 4367 καμάτου
1279 4264 1403 4356 Gaffiot)
1417 4303 1449 4358 Β.

245 4371 284 4423 ι8.
301 4372 361 4434 βίον
373 4379 540 4438 assumptum
553 4387 586 4421 εκ
601 4368 632 4421 Β.
682 4367 778 4422 Statim
791 4371 816 4421 οἰ
828 4387 881 4422 om.
896 4369 929 4421 B.
1077 4386 1121 4425 αι.
1139 4296 1271 4440 κεφαλὴνί
1287 4374 1404 4442 καρδίαν
1418 4374 1451 4428 Β.

242 4457 284 4509 23·
303 4442 344 4493 καὶ
357 4441 430 4511 prius
442 4449 610 4509 assumptum
623 4457 654 4492 ex
669 4438 739 4494 Β.Β.
813 4440 856 4494 28.
876 4438 1049 4509 συντετάχθαι
1063 4439 1096 4494 Β.
1180 4457 1223 4511 29.
1243 4441 1287 4495 ἐπὶ
1303 4442 1341 4499 Β.
1354 4445 1383 4499 ἐν
1398 4444 1451 4500 Ed.

241 4511 421 4580 διατεταμένην
435 4510 465 4564 Β.
