3038 5018
222 284 287 346 668
526 281 566 345 Β.
589 277 796 343 CYRILLI
826 276 1120 342 ALEXANDR.
1334 273 1389 337 vii.
1400 291 1444 358 30·

224 443 445 546 ἀδικήσαι,ἣ
472 452 530 525 καὶ
554 446 594 523 έκ
618 450 691 522 τῶν
715 443 882 523 ἐναντίων
907 444 1083 547 εὐφρανεῖ,
1103 438 1160 541 μὴ
1194 441 1287 545 οὐχὶ
1316 447 1383 518 τοῦ
1406 436 1444 517 τὰ

224 566 344 650 πάντα
362 568 577 651 διιθύνοντος
594 572 699 665 θεοῦ,
719 567 800 646 καθ’
821 566 908 668 ὅπερ
934 564 979 644 ἂν
996 564 1190 661 βούλεται,
1213 569 1282 644 καὶ
1301 560 1394 665 πρός
1409 560 1444 640 τὸ

224 690 367 801 ἑκάστῳ
405 691 698 796 χρεωστούμενον
735 688 758 790 ἢ
801 696 928 769 λυπεῖν
966 687 988 788 ἢ
1031 689 1254 794 εὐφραίνειν
1295 691 1335 767 ἐκ
1381 693 1444 766 τῶν

226 817 392 898 ἐναντίων
418 815 612 911 θέλοντος;
649 814 821 914 ἠκούομεν
844 811 917 915 γάρ
945 812 1129 915 λεγόντων
1153 812 1314 913 ἀρτίως,
1340 816 1389 894 ὡς
1412 814 1444 890 ἐν

196 942 373 1049 εέξουσίῳ
399 942 465 1040 μέν
484 943 562 1020 ἐστι
588 946 665 1021 ταῖς
691 935 796 1038 ιύραις
821 944 893 1017 τῶν
912 937 993 1016 καθ’
1017 938 1110 1036 ἡμᾶς
1136 937 1267 1028 οὐδέν,
1288 935 1465 1039 πονηρᾶςὸ

224 1065 337 1168 γεμὴν
360 1062 447 1145 εἶναι
475 1071 520 1169 τῇ
549 1063 659 1168 φύσει
686 1061 794 1158 τινὰς,
814 1067 871 1141 καὶ
898 1057 1035 1163 ἀθρόως
1061 1061 1148 1159 ἡμῖν
1172 1063 1439 1167 ἐγκαταφορεῐ·

225 1194 314 1269 σθαι
328 1187 527 1283 πνεύματος
542 1188 652 1286 δίκην.
682 1188 766 1265 ἀλλ’
781 1183 878 1283 οἶμαι
896 1183 940 1285 δὴ
958 1185 1070 1264 πάλιν
1083 1188 1134 1268 ὡς
1148 1186 1334 1289 χαλεπὸν
1348 1185 1442 1264 οὐδέν

225 1318 288 1413 τῆς
317 1312 473 1417 ἐσχάτης
502 1311 675 1407 ἀβουλίας
703 1308 894 1390 ἀνάπλεων
918 1314 976 1388 καὶ
1003 1317 1130 1388 τοῦτον
1154 1311 1248 1405 ὑμῖν
1271 1310 1440 1416 ἐπιδεῖξαι

224 1437 288 1519 τὸν
307 1435 499 1540 λογισμόν.
537 1437 606 1516 τίνι
624 1434 694 1537 γὰρ
714 1434 777 1512 οὐκ
796 1434 899 1513 ἐσται
918 1432 1121 1512 τῶνόντων
1141 1434 1374 1539 καταφανές,
1390 1434 1439 1512 ότι

224 1561 271 1642 τὰ
299 1563 382 1641 δέκα
411 1564 467 1639 καὶ
497 1561 560 1639 δύο
589 1565 661 1638 τῶν
686 1562 790 1659 ὡρῶν
814 1555 1051 1657 διαστήματα,
1073 1556 1215 1655 τὰμὲν
1243 1559 1376 1664 ἡμέρᾳ,
1398 1556 1437 1635 τὰ
1450 1590 1475 1628 ιο

224 1687 262 1767 δέ
301 1688 398 1765 νυκτὶ
432 1685 736 1785 συμμεμέτρηται·
779 1680 847 1788 νύξ
877 1680 914 1760 δέ
948 1688 1005 1762 καὶ
1036 1681 1153 1783 ἡμέρα
1189 1685 1237 1761 οὐ
1271 1687 1346 1764 τινὶ
1377 1680 1437 1778 μέν

224 1811 426 1906 συμβαίνει,
446 1813 513 1885 τινὶ
533 1807 569 1886 δέ
588 1808 651 1885 οὐκ
676 1806 737 1899 ἐτι,
756 1804 856 1884 ἀλλὰ
881 1804 940 1884 διά
964 1803 1108 1885 πάντων
1126 1805 1305 1910 έρχεται;
1343 1807 1385 1885 τὸ
1403 1805 1436 1884 δέ

55 1954 171 2010 ma
194 1931 382 2033 οπονηρὸν
401 1937 446 2035 τῇ
471 1930 594 2035 φύσει,
616 1934 674 2008 καὶ
698 1927 975 2031 ἀπαραποιήτως
999 1929 1081 2033 ἕχον
1098 1935 1148 2013 εἰς
1171 1938 1300 2027 τοῦτο,
1323 1933 1367 2010 οὐ
1391 1934 1435 2036 τῷ

223 2057 288 2154 μέν
313 2060 395 2136 δεῖνι
423 2054 591 2154 πονηρὸν,
616 2055 723 2161 ἑτέρῳ
752 2051 788 2132 δέ
817 2052 942 2150 οὐκέτι,
971 2055 1056 2132 ἀλλ’
1081 2051 1162 2132 οὐδὲ
1193 2057 1248 2133 ἑνὶ
1278 2053 1434 2160 τυχόνῆ

224 2182 385 2287 δευτέρῳ,
399 2187 491 2260 πᾶσι
512 2178 550 2257 δέ
568 2185 714 2276 μᾶλλον
734 2179 770 2256 ἐν
788 2177 852 2282 ἰ’σῃ
870 2179 978 2283 μοίρᾳ
996 2177 1037 2256 τὸ
1055 2176 1203 2270 βλάβος
1225 2182 1380 2275 ἐποίσει,
1394 2176 1431 2258 δι’
1444 2208 1469 2269 ¹5

223 2302 342 2405 ὧνπερ
371 2301 415 2383 ἂν
444 2302 489 2381 ’ίοι
517 2299 558 2381 τό
594 2306 657 2401 τῆς
690 2300 815 2384 νυκτὸς
843 2299 866 2399 ἢ
895 2299 937 2380 τὸ
969 2305 1032 2400 τῆς
1064 2300 1198 2403 ἡμέρας
1231 2303 1428 2403 διάστημα.

222 2435 298 2511 πῶς
332 2428 393 2506 οὐν
422 2430 459 2505 ἐν
489 2426 601 2532 ἡμέρῳ
631 2423 741 2530 τυχὸν
771 2423 793 2524 ἢ
823 2427 861 2502 ἐν
890 2422 966 2531 ὥρῳ
997 2431 1072 2530 μιᾷ,
1099 2423 1162 2504 τὸν
1191 2425 1263 2524 μέν
1293 2427 1432 2533 ἔξεστιν

223 2553 447 2630 εὐπαθοῦντα
471 2551 633 2647 βλέπειν,
659 2552 717 2628 καὶ
746 2556 901 2632 πολλοῖς
924 2552 1152 2656 ἐντρυφῶντα
1176 2557 1255 2632 τοῖς
1285 2552 1429 2656 εὐφραί-

223 2710 295 2753 νειν
317 2672 462 2768 εἰδόσιν,
487 2677 535 2757 ὡς
560 2677 617 2752 ἐπὶ
644 2675 777 2756 διαίτας
804 2673 890 2753 ἰέναι
915 2672 1094 2776 λαμπρὰς,
1116 2677 1174 2752 καὶ
1201 2677 1429 2776 συναγείρειν

222 2797 292 2876 σύν
318 2799 443 2901 πολλῇ
474 2802 519 2900 τῇ
549 2801 692 2902 σπουδῇ
722 2796 802 2880 τούς
831 2796 1189 2896 συνεστιασομένους,
1220 2799 1366 2901 ἐτέρους
1393 2797 1466 2879 δέιο

223 2924 379 3022 ἀκριβῶς
398 2924 434 3000 ἐν
454 2929 529 3005 τοῖς
554 2922 732 3019 ἐναντίοις,
752 2924 800 3004 ὡς
824 2925 881 3000 καὶ
907 2920 1112 3024 ἀπάγεσθαι
1136 2923 1327 3008 πολλάκις
1352 2921 1427 3004 τινὰ

188 3044 480 3151 Ιιτεθνηξόμενον
511 3051 670 3146 οἰκτρῶς.
721 3047 775 3128 τίς
809 3048 829 3124 ὁ
860 3043 981 3146 λόγος,
1011 3046 1089 3125 εἶπέ
1112 3079 1184 3145 μοι,
1215 3045 1240 3148 ἢ
1271 3055 1355 3134 πῶς
1384 3047 1425 3127 ἂν

222 3167 397 3272 ἐνδέχοιτο
422 3176 504 3267 μιᾶς
531 3170 641 3266 οὔσης
667 3166 813 3270 ὦρας,ἢ
840 3174 897 3249 καὶ
923 3168 1000 3252 ἐνὸς
1024 3179 1087 3249 τοῦ
1112 3177 1248 3272 καιροῦ,
1270 3171 1339 3251 τὸν
1363 3171 1426 3270 μέν

222 3294 259 3369 έν
277 3293 427 3386 ἐκείνοις,
452 3290 493 3370 τὸ
523 3291 559 3369 δέ
588 3294 625 3369 ἐν
648 3292 785 3376 τούτοις
814 3294 991 3395 ὁρᾶσθαι;
1021 3292 1057 3372 τί
1081 3293 1147 3392 τὴν
1168 3293 1267 3397 ὤραν
1293 3295 1427 3395 ἐκείνην

222 3421 433 3514 προσερεῖς;
470 3413 640 3515 πονηρὰν,
669 3413 692 3513 ἢ
721 3415 762 3494 τὸ
792 3420 948 3496 ἐναντίον
960 3450 971 3514 ;
1008 3423 1116 3497 εἰπεῖν
1143 3415 1216 3519 γὰρ
1245 3421 1314 3498 οὐκ
1342 3420 1424 3526 ἔχω,
1440 3451 1467 3506 25

224 3535 315 3614 κατὰ
359 3542 430 3613 τῶν
467 3539 518 3614 ἐπ’
560 3541 671 3643 ἄμφω
715 3542 875 3637 βλέπων,
914 3544 971 3620 καὶ
1012 3548 1203 3646 τρυφῶντα
1241 3542 1311 3638 μέν
1348 3545 1424 3639 ἕνα,

408 3657 417 3685 λ
495 3660 506 3687 Ν
551 3660 567 3686 ΙΙ

223 3657 346 3760 νεκρὸν
380 3662 417 3737 δε
451 3693 509 3738 και
541 3696 676 3739 απνουν
709 3669 765 3741 καὶ
799 3661 951 3744 ἐλεεινόν
986 3665 1161 3766 εὑρίσκων
1192 3662 1257 3745 τὸν
1290 3667 1425 3770 ἕτερον.

222 3779 276 3883 ἆρ’
298 3784 376 3887 οὐχὶ
405 3788 516 3878 μῦθος
545 3783 694 3882 ἀμαθὴς,
721 3790 778 3864 καὶ
807 3786 1058 3881 δαιμονιῶδους
1086 3789 1213 3884 μανίας
1241 3790 1428 3893 εὑρήματα

222 3903 268 3982 τὰ
295 3908 350 3984 ἐπὶ
380 3913 454 3989 ταῖς
484 3903 590 4008 ὥραις
618 3909 801 3986 ἁλώσεται
830 3909 1020 4010 δόγματα;
1055 3914 1138 3990 ἀλλ’
1159 3909 1257 4011 οἶμαι
1285 3915 1429 4001 πάντας

261 4105 283 4142 1.
302 4089 411 4157 ἀδικήσῃ
429 4108 452 4143 a.
526 4090 649 4160 εὐφρανεῖ
665 4110 688 4144 a.
703 4093 820 4164 εὐφρένει
839 4093 872 4147 Β.
885 4096 1009 4164 εὐφρονοῖ
1028 4096 1116 4151 Holst.
1131 4097 1321 4167 εὐφρανθῶμεν
1335 4120 1351 4156 e
1368 4103 1429 4157 Cat.

224 4159 299 4212 Harl.
314 4160 384 4212 Aub.
434 4162 464 4212 τὰ
478 4172 646 4230 assumptum
659 4180 691 4215 ex
706 4163 737 4216 B.
857 4182 881 4218 2.
901 4166 1057 4222 διιθύνοντος
1070 4168 1103 4221 Β.
1116 4168 1294 4224 διευθύνοντος
1311 4172 1361 4226 Ht.
1377 4174 1428 4227 Ed.

222 4247 248 4298 3.
268 4230 414 4298 εὐφραίνειν
429 4229 574 4301 [εὐφρένειν
584 4231 665 4302 Cod.]
682 4232 714 4286 Β.
726 4234 826 4303 Migne.
840 4237 976 4305 εὐφρανεῖν
991 4237 1039 4291 Ht.
1054 4238 1104 4292 Ed.
1179 4255 1219 4305 14.
1239 4239 1301 4293 ἀλλ’
1317 4243 1379 4297 οὐδὲ
1392 4246 1429 4298 ἐνὶ

222 4303 300 4369 τυχὸν
313 4302 362 4353 hoc
375 4301 467 4354 ordine
483 4303 514 4357 Β.
530 4303 577 4357 Ht.
592 4303 694 4372 Migne.
709 4305 745 4357 ε’νὶ
758 4308 837 4376 τυχὸν
849 4306 907 4359 ἀλλ’
922 4309 980 4361 οὐδὲ
994 4308 1066 4362 Aub.
1201 4324 1242 4380 15.
1262 4310 1308 4382 δι’]
1323 4313 1347 4366 δ’
1361 4316 1394 4368 δν
1406 4333 1430 4371 8.

222 4372 321 4423 ἐποίσει
334 4389 348 4423 ο
362 4371 420 4425 Cat.
434 4384 463 4425 ut
477 4373 530 4425 vid.
546 4373 695 4426 emendavit
708 4375 779 4429 Aub.
793 4376 895 4444 ποιήσει
911 4378 941 4431 B.
956 4378 1004 4433 Ht.
1080 4378 1120 4432 16.
1137 4377 1171 4433 ἴοι
1187 4380 1245 4436 aa„
1258 4381 1298 4451 εἴη
1316 4384 1366 4440 Ht.
1378 4386 1430 4441 Ed.

226 4442 265 4494 18.
285 4442 443 4496 εὐπαθοῦντα
459 4443 514 4496 Βω.
528 4442 556 4495 εὐ
569 4444 698 4496 ποθοῦντα
713 4445 760 4498 Ηῑ.
775 4445 803 4500 εὐ
816 4448 929 4500 παθόντα
944 4449 993 4502 Ed.
1067 4466 1110 4505 21.
1127 4451 1254 4524 ἀκριβῶς]
1267 4455 1357 4525 ἄκρως
1369 4468 1431 4513 ΜΕ

223 4509 281 4564 (ἷκε
298 4510 373 4560 Harl,
482 4514 524 4567 τό.
544 4519 594 4567 τῶν
607 4513 644 4568 ἐπ’
659 4515 737 4584 ἄμφω
753 4516 784 4572 Β.
800 4517 848 4572 sst.
860 4519 953 4574 ταύτὸν
965 4538 979 4575 e
993 4519 1051 4576 Cat.
1065 4521 1136 4576 Aub.
