3038 5018
53 305 174 389 vii.17.
234 307 291 373 IN
322 309 636 376 8....ῘΟΑΝΝΕΜ.
683 309 863 376 LIB.IV.
908 310 1010 376 CAP.
1026 310 1068 373 V.
1188 306 1252 370 605

55 474 113 550 καὶ
145 472 372 575 ἀπαύγασμα
404 471 514 580 τυχόν
545 475 590 583 ἐξ
619 472 734 575 ἡλίου,
765 474 825 555 διά
858 483 966 556 τοῦτο
1002 470 1073 578 χρὴ
1109 469 1253 554 πάντως

55 594 194 676 οἴεσθαι
221 603 294 676 τῶν
318 598 565 698 ἐκβεβηκότων
592 597 764 704 ὑπάρχειν
792 599 906 702 ἔρημα
934 596 980 677 τά
1006 594 1250 699 γεννήσαντα,

56 725 201 813 μᾶλλον
233 718 271 800 δέ
302 722 445 800 κάκεῖνα
476 723 515 801 ἐν
546 722 694 819 τούτοις,
726 725 786 802 καὶ
818 729 932 802 ταῦτα
969 718 1007 800 δέ
1043 722 1082 800 ἐν
1112 719 1255 802 ἐκείνοις

57 840 303 948 ἐνυπάρχοντα
328 842 442 924 πάλιν
469 845 646 952 όφόμεθα.
684 845 818 947 ἀλογος
845 843 917 947 γάρ
944 845 1008 924 οῦκ
1036 841 1139 923 ἐσται
1165 839 1254 922 ποτέ

20 973 150 1063 5νοῦς,
174 966 259 1046 ἀλλ’
288 966 369 1048 ούδέ
396 968 508 1070 λόγος
535 970 600 1048 οῦκ
627 968 720 1072 ἔχων
742 968 806 1048 τὸν
829 972 868 1047 ἐν
892 969 989 1075 αύτῷ
1016 966 1255 1072 μορφωθέντα

636 1089 749 1122 κὶα
874 1093 883 1117 ι

59 1099 155 1171 νοῦν.
193 1091 382 1196 ἀναλόγως
400 1090 438 1172 δέ
456 1091 572 1200 τοίπερ
591 1125 649 1171 και
667 1126 709 1170 το
728 1124 847 1196 ετερον
865 1088 1111 1197 εκληφόμεθα.

1268 1253 1290 1320 d

72 1342 155 1409 Ἐάν
183 1367 229 1410 nc
256 1343 294 1411 τὸ
322 1343 448 1421 θέλημα
476 1342 575 1411 αὐτοῦ
603 1345 693 1434 ποιῇ,
720 1338 878 1418 τνὼσεται
904 1340 980 1432 περὶ
1006 1341 1066 1407 τάο
1093 1338 1251 1427 διδαχῆς,
1270 1355 1307 1420 ιη

132 1471 271 1557 πότερον
298 1469 335 1534 ὲκ
361 1476 418 1535 τοῦ
447 1468 531 1534 Θεοῦ
558 1467 655 1548 ἐστιν,
683 1466 702 1533 ιῖ
730 1467 796 1543 ἐςὼ
823 1469 874 1534 ἀπ’
905 1467 1047 1544 ἐμαυτοῦ
1075 1462 1178 1533 λαλῶ,

114 1629 318 1733 Ἀζητῆτως
336 1629 400 1731 μέν
419 1631 486 1710 έδει
504 1632 561 1711 καὶ
583 1628 718 1715 παντὸς
741 1632 955 1729 ἐνδοιασμοῦ
980 1629 1063 1735 δίχα
1086 1628 1168 1715 τοῦς
1191 1633 1257 1730 τῆς

761 1750 891 1784 §Nu
1010 1749 1251 1784 »tx

10 1790 48 1830 ιο
61 1757 230 1856 ἀληθείας
253 1755 527 1860 παραδέξασθαι
552 1752 695 1857 λόγους,
717 1790 775 1835 και
799 1788 841 1834 το
867 1790 940 1835 απα
990 1788 1182 1857 ειρημενον,
1204 1787 1255 1854 μη

60 1882 185 1982 έτέρως
214 1879 305 1985 ἐχειν
331 1878 508 1958 δύνασθαι
535 1876 726 1975 πιστεύειν,
749 1876 772 1978 ἢ
801 1876 926 1980 ὥσπερ
955 1875 1113 1958 ἀνεῖναι
1140 1879 1258 1981 διωρί-

62 2038 168 2082 σατο.
209 2001 308 2102 πλὴν
332 2004 396 2082 οῦκ
422 1999 676 2082 ἀναπόδεικτον
697 2004 739 2108 ἐᾷ
765 1999 824 2082 διά
851 1999 933 2087 τοῦς
957 2005 1191 2084 ἀπειθοῦντας
1215 1998 1257 2080 τὸ
1289 2055 1294 2064 -

63 2125 268 2229 λεγόμενον,
287 2122 554 2228 ἐναργεστάτην
573 2125 611 2204 δέ
629 2125 725 2232 αὐτῷ
744 2127 802 2204 καὶ
819 2127 925 2228 σαφῆ
945 2126 1029 2203 λίαν
1046 2123 1171 2226 ἐπάγει
1192 2122 1258 2223 τὴν

63 2251 183 2347 λύσιν,
202 2250 308 2355 τέχνη
327 2255 453 2355 πολλῇ
475 2248 632 2350 κεράσας
656 2246 858 2351 τοῦλόγου
882 2245 923 2329 τδ
948 2252 1087 2353 σχῆμα.
1127 2250 1187 2328 καὶ
1204 2249 1287 2332 τίςο

10 2374 86 2471 ,1δὴ
116 2370 234 2476 τέχνη,
264 2373 317 2456 τίς
350 2371 387 2451 δέ
417 2378 480 2471 τῆς
513 2371 713 2472 οἰκονομίας
745 2372 766 2452 ὁ
800 2368 921 2474 λόγος,
949 2374 1096 2475 ἐροῦμεν
1128 2370 1254 2453 πάλιν.
1297 2382 1300 2387 ’

62 2495 205 2598 ἐζήτουν
242 2494 350 2575 αύτδν
386 2498 589 2576 ἀποκτεῖναι
633 2493 691 2574 διά
732 2494 797 2577 τόν
832 2495 998 2598 πάρετον,
1035 2494 1099 2574 τὸν
1134 2497 1172 2573 ἐν
1206 2498 1258 2603 τῷ

63 2617 244 2726 σαββάτῳ
276 2620 536 2722 θεραπευθέντα
565 2620 673 2725 φημί.
724 2621 813 2714 ὁμοῦ
841 2626 1031 2721 τοιγαροῦν
1058 2617 1172 2722 ἠρέμα
1199 2625 1259 2699 καὶ

64 2741 284 2843 ῦπαττλῆττει
308 2742 573 2840 διανοουμένους
597 2743 665 2843 ἤδη
690 2742 765 2821 κατ’
786 2745 894 2821 αὐτοῦ
912 2738 954 2822 τὸ
974 2741 1096 2839 δεινὸν,
1116 2746 1175 2821 καὶ
1192 2740 1259 2842 τὴν

64 2864 118 2944 ἐπ’
132 2866 227 2972 αύτῷ
244 2866 450 2971 μιαιφονίαν
464 2866 653 2944 ὠδίνοντας
668 2865 840 2968 διελέγχει
857 2872 999 2972 σαφῶς,
1012 2868 1060 2950 ὡς
1078 2867 1259 2965 ἐπιθυμεῖν

10 3018 52 3059 20
64 2987 252 3086 ἑλομένους
274 2994 506 3090 πληροῦσθαι
530 2985 573 3066 τῦ
599 2987 717 3071 αὐτοῖς
743 2994 888 3083 μᾶλλον
907 2988 997 3089 ἤπερ
1016 2988 1057 3068 τὸ
1076 2995 1128 3095 τῷ
1146 3023 1253 3088 νομο-

66 3111 150 3216 θέτη
169 3114 307 3192 δοκοῦν,
348 3110 491 3191 εἴσεσθε
509 3108 581 3213 γάρ
599 3107 679 3191 τότε
703 3108 747 3210 δὴ
771 3107 945 3209 μάλιστα,
965 3115 1070 3217 φησὶ,
1090 3113 1156 3211 τὴν
1173 3114 1257 3217 παρ’
1335 3191 1338 3197 .

65 3238 154 3334 ἐμοῦ
183 3231 339 3334 διάαχῆν,
368 3234 423 3314 ἀτι
456 3237 511 3315 τοῦ
543 3235 630 3314 Θεοῦ
660 3235 718 3311 καὶ
747 3232 893 3336 Πατρός
925 3236 1020 3331 ἐστιν,
1048 3233 1138 3316 ἐπάν
1165 3235 1290 3331 βοάς
1314 3220 1440 3314 sum

66 3366 193 3440 λοισθε
216 3366 289 3442 τοῖς
312 3357 443 3438 ἐκείνου
467 3363 613 3456 μᾶλλον
635 3353 725 3458 ἤπερ
749 3363 823 3439 τοῖς
851 3357 988 3443 οἰκείοις
1014 3361 1259 3460 ἀκολουθῆσαι

65 3483 257 3584 θελήμασι.
309 3479 440 3586 θέλημα
469 3479 507 3559 δέ
538 3487 602 3558 τοῦ
632 3480 824 3578 νομοθέτου
857 3483 915 3561 καὶ
950 3488 1056 3581 Θεοῦ,
1083 3483 1126 3562 τὸ
1158 3520 1256 3583 μιαι-

10 3626 51 3686 25
66 3608 193 3713 φονίας
221 3606 437 3714 ἐξίστασθαι
466 3609 665 3688 παντελῶς.
708 3603 789 3684 τότε
818 3603 891 3708 γάρ
918 3607 1010 3704 τότε,
1040 3611 1166 3713 φησὶν,
1195 3610 1269 3687 οῦκ·

65 3733 175 3836 ἀδίκῳ
215 3733 313 3826 μίσει
356 3726 711 3829 προκατειλημμένοι,
747 3727 827 3808 οῦδέ
867 3728 990 3837 τρόπῳ
1031 3737 1264 3833 θηριοπρεπεῑ

64 3851 154 3953 πρὸς
173 3854 236 3930 οῦκ
253 3849 432 3953 εὐκαίρους
451 3850 561 3954 ὀργάς
579 3850 822 3957 ἐξωθούμενοι,
840 3854 1086 3955 διαγνώσεσθε
1109 3860 1255 3959 σαφῶς,

66 3977 195 4079 πότερον
214 3975 253 4054 ἐκ
270 3977 355 4055 Θεοῦ
374 3975 459 4054 ἔστιν
477 3976 498 4052 ὁ
515 3973 574 4067 τῆς
592 3978 677 4074 ἐμῆς
696 3970 840 4074 διθαχῆς
859 3975 980 4078 λόγος,
995 3975 1012 4070 ἢ
1030 3982 1095 4057 ἀπ’
1114 3979 1259 4083 ἐμαυτοῦ

66 4096 181 4178 λαλῶ.
231 4098 357 4177 οῦκοῦν
389 4103 440 4204 τῷ
476 4099 645 4206 χρησίμῳ
681 4099 958 4206 συναναπλέξας
993 4099 1057 4179 τὸν
1088 4097 1256 4205 έλεγχον,

105 4327 128 4363 1.
145 4309 246 4364 πάντως
253 4307 307 4433 χρυ)
320 4308 425 4363 inverso
438 4307 532 4364 ordine
545 4308 578 4364 B.
672 4309 699 4365 6.
717 4311 758 4364 καὶ
770 4328 824 4365 om.
839 4311 873 4365 B.
971 4328 1011 4382 13.
1029 4311 1214 4383 ἐνεργέστερον
1226 4311 1267 4368 Β.·

70 4379 111 4434 16.
129 4382 240 4449 πάρετον
280 4378 513 4446 .πορα’λυτονΕδ.
605 4395 646 4449 19.
664 4379 706 4434 ἀπ’
719 4381 787 4452 αύτῷ
803 4381 835 4435 Β.
920 4398 961 4436 20.
980 4383 1145 4452 πληροῦσθαι
1157 4399 1211 4437 om.
1227 4382 1260 4439 Β.

66 4449 309 4519 ἤπερΒ.Ι).ἢΕᾶ.
389 4465 432 4504 21.
450 4452 508 4504 τότε
521 4450 553 4519 δὴ
564 4448 693 4523 μάλιστα]
707 4452 822 4520 μάλιστα
833 4453 893 4509 τότε
907 4451 939 4508 Β.
1013 4469 1058 4507 22.
1075 4452 1210 4521 βούλησθε
1224 4453 1260 4509 Ι).

67 4535 109 4590 ²5·
128 4523 211 4591 φησὶν
223 4524 281 4576 τότε
294 4520 399 4575 inverso
411 4519 504 4575 ordine
518 4521 550 4576 Β.
624 4535 666 4590 27.
685 4521 731 4575 οὐκ
743 4539 797 4576 om.
811 4522 844 4577 B.
916 4540 958 4595 29.
976 4523 1176 4592 συναποτλίξας
1188 4522 1222 4579 Β.
