3038 5018
237 291 304 356 320
544 292 582 357 B.
608 292 820 357 ουοςοοι
850 291 1137 361 ALEXANDR.
1344 315 1373 357 v.
1393 312 1440 376 19.

204 455 523 562 δόπαραλλάκτου
555 461 613 538 καὶ
651 456 861 558 ὁμοιοτάτης
897 461 1080 562 ἐνεργείας,
1113 462 1177 558 τῆς
1213 464 1261 541 είς
1299 455 1447 538 ἅπαντά

237 580 404 688 φημι,τὸ
431 581 515 661 ’ίσον
531 581 624 687 ἔχων
650 583 687 662 ἐν
712 581 857 681 δυνάμει
885 582 1063 688 φαίνεται,
1085 582 1217 689 διδάξει
1245 589 1377 687 σαφῶς
1403 584 1442 662 ἐν

237 712 311 788 τοῖς
339 705 469 811 ἐφεξῆς
496 706 672 806 ἐπιλεγων
699 702 805 789 αὐτὸς
833 707 882 789 ὡς
908 708 988 808 περὶ
1017 714 1081 785 τοῦ
1109 708 1198 786 ίδιόυ
1228 705 1372 808 Πατρός
1392 703 1440 785 Ἃ

236 826 306 936 γλρ
325 827 366 908 νῦν
383 831 500 915 ἐκεῖνος
519 838 594 941 ποιῇ
617 831 729 909 ταύτά
745 836 861 932 φησιν
879 839 939 910 καί
960 838 974 910 ὁ
994 829 1069 915 Ύίος
1089 833 1208 935 ὁμοίως
1227 834 1326 909 ποιεῖ.
1363 834 1442 912 πῶς

236 951 300 1031 οὖν
325 948 487 1032 ἐλάττων
514 953 625 1049 ἐστὶν,
654 954 674 1032 ὁ
703 960 780 1037 ταῖς
810 952 1016 1058 ίσοῤῥὸποις
1044 957 1096 1061 τῷ
1124 957 1208 1058 Θεῷ
1235 956 1293 1032 καὶ
1322 956 1475 1053 Πατρὶὸ

236 1073 434 1180 διαπρεπὴς
460 1076 671 1180 ἐνεργείαις;
704 1072 774 1178 ἆρα
802 1073 874 1178 γὰρ
897 1075 1080 1180 ἐνεργήσει
1107 1074 1153 1155 τὸι
1180 1075 1293 1178 πυρός
1321 1077 1441 1178 ἕτερόν

236 1232 271 1279 τι
297 1197 399 1302 παρὰ
426 1196 468 1280 τό
495 1208 579 1304 πῦρ,
599 1201 760 1298 οὐδεμιᾶς
789 1198 881 1279 κατὰ
907 1197 974 1300 τὴν
998 1200 1173 1303 ἐνέργειαν
1198 1198 1440 1302 θεωρουμένης

235 1320 466 1429 ἐξαλλογῆς;
510 1323 569 1402 καὶ
600 1328 677 1405 πῶς
714 1320 759 1401 ἂν
792 1320 929 1424 γένοιτο
966 1322 1071 1403 τοῦτό
1108 1356 1218 1417 ποτε;
1262 1330 1340 1407 πῶς
1376 1324 1441 1404 οῦν

205 1446 358 1550 οόμιίυς
393 1443 584 1549 ἐργάσεται
624 1443 672 1524 τὰ
711 1452 774 1524 τοῦ
812 1442 958 1549 Πατρὸς
997 1455 1012 1529 ὁ
1050 1447 1135 1545 Υίδς,
1172 1453 1202 1526 εἰ
1239 1447 1297 1527 διὰ
1333 1457 1440 1528 τοῦτο

235 1564 389 1650 ’ἔλαττον
420 1569 512 1674 ἔχειν
544 1573 608 1670 τῆς
643 1568 726 1669 ἴσης
760 1572 808 1653 ιὸς
843 1567 934 1675 πρὸς
970 1570 1078 1650 αὐτόν
1112 1570 1239 1675 ἰσχύος
1275 1574 1434 1671 άπολιμ·
1457 1604 1499 1643 10

235 1689 407 1788 πάνεται;

293 1822 367 1900 Καὶ
398 1824 513 1901 ταῦτα
544 1817 609 1919 μέν
641 1818 738 1919 ἡμῖν,
771 1823 821 1904 ὡς
852 1821 891 1899 εἰς
923 1827 987 1899 τοῦ
1014 1820 1245 1924 προκειμένου
1274 1817 1364 1922 πρός
1395 1820 1439 1900 τό

234 1942 352 2047 παρόν
368 1941 512 2050 ἐλήφθη
536 1946 655 2048 ῥητοῦ·
684 1943 813 2042 ’ίδωμεν
836 1940 874 2022 δέ
898 1941 1011 2024 πάλιν
1033 1947 1091 2023 καὶ
1116 1945 1159 2024 δι’
1179 1946 1307 2061 ἐτέρων
1327 1943 1440 2026 ἰόντες

235 2065 484 2169 θεωρημάτων,
516 2073 545 2147 εὶ
583 2064 781 2171 ἐπιδέχεταί
808 2100 871 2146 ποι
901 2066 944 2145 τὸ
980 2069 1018 2146 ἐν
1051 2068 1222 2170 δευτέροις
1254 2061 1342 2147 εἶυαι
1373 2077 1439 2147 τοῦ

236 2188 381 2293 Πατρός
413 2191 435 2292 ἡ
464 2199 529 2271 τοῦ
557 2194 649 2271 Υὶοῦ
682 2188 804 2295 φύσις·
833 2190 1037 2293 προκείσθω
1070 2189 1107 2270 δέ
1140 2193 1268 2288 ὁμοίιος
1302 2191 1385 2289 ἡμῖν
1418 2193 1472 2270 ὁτ
1479 2226 1498 2284 5

233 2317 315 2417 περὶ
337 2311 516 2416 δυνάμεως
540 2312 660 2418 λόγος.
697 2310 797 2416 ’Apa
819 2312 914 2394 Θεὸν
938 2316 977 2393 ἐκ
1000 2318 1096 2394 Θεοῦ
1123 2313 1215 2394 κατὰ
1240 2314 1353 2420 φύσιν
1378 2318 1439 2394 καὶ

233 2437 415 2538 ἀληθινὸν,
434 2440 492 2518 καὶ
517 2440 556 2517 ἐκ
580 2440 645 2538 τῆς
667 2437 793 2521 οὐσίαις
817 2436 928 2521 ὅντως
946 2445 1010 2517 τοῦ
1031 2438 1176 2541 Πατρός
1194 2439 1439 2539 ὁμολογοῦσιν

234 2559 405 2667 ὑπάρχειν
435 2559 500 2641 τόν
531 2559 635 2658 Υίὸν,
670 2556 693 2661 ἢ
729 2558 824 2641 Θεὸν
855 2558 921 2660 μέν
955 2557 1045 2640 εἶναί
1076 2568 1180 2664 φασι,
1215 2560 1257 2640 τὸ
1294 2560 1333 2640 δέ
1366 2561 1438 2668 ἔξω

235 2690 375 2765 κεῖσθαι
400 2689 464 2783 τῆς
492 2683 617 2768 οὐσίας
644 2691 708 2766 τοῦ
735 2683 891 2786 Πατρός,
911 2688 1175 2776 δυσσεβοῦυτες
1197 2685 1433 2787 προσάπτου-

234 2841 309 2889 σιν.
363 2813 392 2888 εί
419 2808 484 2909 μέν
512 2808 575 2888 οὐν
603 2809 667 2887 οὐκ
694 2809 734 2887 ἐκ
761 2812 824 2908 τῆς
853 2808 977 2891 οὐσίας
1004 2816 1068 2888 τοῦ
1087 2808 1232 2911 Πατρός
1259 2805 1347 2889 εἶναι
1370 2809 1433 2887 λέ·
1456 2842 1499 2882 20

68 2961 126 3021 21⁷
141 2961 179 3018 A,
205 2966 364 3036 ογουσιν
401 2930 519 3030 αὐτὸν,
560 2934 639 3013 οὐτε
675 2929 768 3015 Θεὸς
801 2929 904 3012 ἕσται
941 2929 1032 3010 κατὰ
1070 2929 1193 3036 φύσιν,
1232 2933 1311 3011 οὔτε
1348 2932 1439 3017 Υίὸς

234 3054 414 3156 ἀληθινός.
451 3055 494 3136 τῦ
522 3054 594 3160 γὰρ
624 3052 675 3154 μὴ
703 3058 741 3135 ἐκ
767 3058 862 3134 Θεοῦ
893 3053 985 3133 κατὰ
1012 3052 1127 3158 φύσιν
1155 3052 1329 3160 ὑπάρχον,
1356 3055 1437 3134 οὐδ’

233 3179 279 3260 όν
305 3179 399 3264 ὁλως
427 3184 543 3258 νοοῖτο
571 3175 663 3258 κατὰ
688 3175 803 3285 φύσιν
821 3175 924 3276 Θεὸς,
944 3179 1028 3256 ἀλλ’
1049 3174 1128 3257 οὐδέ
1146 3175 1234 3261 Υἱός
1264 3186 1294 3258 εἱ
1321 3177 1372 3277 μὴ
1397 3180 1439 3258 ἐκ

232 3307 297 3403 τῆς
323 3302 448 3386 οὐσίας
474 3307 629 3407 γεννηθῇ
658 3308 722 3381 τοῦ
745 3298 902 3404 Πατρός,
922 3301 1027 3381 νόθον
1053 3299 1090 3381 δέ
1117 3301 1202 3400 ἡμῖν
1226 3306 1285 3381 καὶ
1311 3298 1432 3405 πρόσ-

234 3424 352 3532 φατόν
369 3459 449 3505 τινα
466 3424 731 3529 παρεισάγουσι
750 3423 842 3505 θεόν.
883 3428 913 3504 εἶ
939 3424 976 3505 δέ
1002 3432 1109 3505 τοῦτο
1134 3423 1198 3523 μέν
1217 3425 1281 3504 οὐκ
1303 3425 1437 3528 ἐροῦσι,
1455 3453 1494 3512 ²5

232 3546 299 3649 τὴν
344 3550 382 3628 ἐν
428 3555 502 3632 τοῖς
549 3549 687 3631 οἰκείοις
732 3546 915 3649 δόγμασιν
951 3549 1104 3630 ἀτοπίαν
1149 3547 1437 3652 ἐρυθριάσαντες,

232 3671 395 3756 δόσουσι
427 3669 465 3753 δέ
497 3674 641 3774 ἀληθῶς
673 3674 712 3751 ἐκ
746 3670 891 3776 Πατρός
925 3671 1094 3778 ὑπάρχειν
1126 3672 1190 3751 τόν
1225 3677 1434 3774 Μουογευῆ,

233 3799 292 3876 καὶ
308 3793 395 3876 εἶναι
415 3796 511 3877 Θεὸν
529 3794 621 3878 κατὰ
643 3794 834 3905 φύσινκαὶ
859 3799 1049 3897 ἀληθινῶς·
1078 3801 1156 3880 πῶς
1181 3797 1219 3874 ἐν
1241 3795 1436 3877 ἐλάττοσιν

199 3917 336 4007 οέσται
352 3926 416 3999 τοῦ
436 3918 591 4023 Πατρός,
608 3917 631 4020 ἦ
650 3925 727 4004 πιῦς
751 3917 919 4020 ὁτονήσει
944 3921 1028 4024 περί
1047 3952 1094 4017 τι,
1112 3923 1170 4005 καὶ
1192 3920 1271 4023 οὐχὶ
1289 3923 1353 4017 τῆς
1368 3928 1436 4000 τοῦ

269 4183 295 4224 ο.
312 4167 340 4222 ἐν
351 4165 438 4239 prius]
455 4174 484 4233 -Ι-
496 4170 527 4239 ιῇ
541 4167 593 4223 Ed.
605 4167 690 4222 invito
703 4166 736 4222 Β.
787 4183 816 4290 χ.
836 4169 871 4225 ὡς
882 4185 936 4223 om.
951 4168 983 4223 B.
1028 4188 1055 4236 4.
1074 4169 1158 4239 φησιν
1169 4178 1337 4240 assumptum
1351 4188 1384 4224 ex
1397 4170 1433 4226 B.

230 4250 259 4300 ι.
275 4238 391 4294 ἐλάττων
402 4237 487 4311 ἐστὶν]
501 4240 578 4296 αὐτὸν
589 4238 698 4294 ἐλοττον
709 4233 772 4294 εἶναι
811 4278 818 4292 .
831 4239 915 4292 invito
928 4238 1010 4294 Cord.
1135 4239 1161 4294 ό.
1180 4238 1229 4310 δρα
1244 4239 1306 4311 [ὅρα
1321 4239 1367 4331 3.]
1403 4242 1411 4261 “

275 4307 364 4383 ιγῆσει
378 4308 410 4366 Β.
424 4309 505 4366 cord.
517 4309 650 4391 ἐνεργίησει
662 4311 712 4378 γὰρ
724 4309 774 4379 ἄρα
784 4307 837 4364 Ed.
1020 4350 1026 4364 .
1045 4309 1109 4363 κατδ
1120 4310 1167 4379 τὴν
1176 4309 1207 4364 Β.
1217 4310 1298 4367 Cord.
1314 4333 1361 4366 κατ
1379 4264 1434 4368 Παείί

287 4382 353 4436 οῦςο
364 4380 464 4452 γένοιτο
475 4382 581 4435 inverso
592 4379 685 4433 ordme
698 4378 779 4434 Cord.
925 4380 966 4434 18.
984 4381 999 4433 ἐ
1015 4402 1035 4433 ιο
1047 4380 1148 4434 κεῖσθαι
1162 4381 1198 4434 D.
1213 4381 1364 4449 ἐξωκεῖσθαι
1378 4383 1433 4438 Ed.

319 4451 360 4572 T?
376 4450 409 4506 ¹³·
416 4457 478 4590 ,Υ
478 4448 817 4589 λθιῖθὲθὲοἳῗθ
829 4449 927 4587 ΠΒ,
945 4449 1239 4593 ,οξηἝῖζῖθθζ
1248 4435 1432 4576 διῗ“·”····
