3038 5018
79 299 100 362 i.
117 319 145 364 1.
263 300 321 365 IN
352 302 385 366 S.
409 299 663 366 JOANNEM.
709 299 856 365 LIB.I.
902 299 1094 364 CAP.III.
1234 302 1274 363 41

79 459 168 542 εἶναι
193 462 286 543 κατὰ
314 463 428 571 φύσιν
446 464 550 548 Θεός.
590 465 716 544 ούκοῦν
734 462 776 543 τὸ
801 461 952 543 ’έλαττον
971 462 1051 543 ούδέ
1076 461 1201 546 όΥίὸς
1219 461 1312 570 ε’φίἰ

79 589 194 694 ἑαυτῷ
211 587 447 696 καταδέξεται,
468 586 560 673 Θεὸς
578 591 637 667 καὶ
655 587 760 671 αὐτὸς
779 585 949 691 ὑπάρχων
968 585 1059 666 κατὰ
1078 587 1200 690 φύσιν,
1219 586 1278 665 ἵνα

78 708 130 810 μὴ
156 714 220 809 τῆς
249 711 419 792 ἀνωτάτω
445 719 577 793 πασῶν
604 712 729 794 ούσίας
757 708 989 813 κατηγόρημα
1017 717 1143 807 νοοῖτο,
1166 707 1208 789 τὸ
1235 710 1280 818 ἐξ

79 833 234 932 ἀμαθίας
252 842 325 915 τῶν
343 839 525 938 αίρετικῶν
542 833 723 935 ἐπινοηθέν
741 832 924 938 ῥημάτιον.

49 981 67 1043 5
137 987 238 1036 ιιιικο.
276 964 322 1038 Εἰ
357 958 445 1042 Υἱός
488 958 579 1039 κατὰ
622 957 736 1065 φύσιν
774 957 944 1063 ὑπάρχων
980 964 1045 1036 τοῦ
1081 962 1177 1038 Θεοῦ
1220 963 1278 1038 καὶ

82 1078 228 1183 Πατρός
252 1083 272 1162 ὁ
299 1082 344 1190 ἐξ
367 1083 475 1164 αὐτοῦ
493 1081 613 1184 Λόγος
633 1083 793 1161 ἐλάττων
811 1083 910 1160 ἐστὶν
929 1081 1048 1179 αὑτοῦ,
1064 1079 1088 1181 ῆ
1107 1079 1197 1161 κατὰ
1215 1080 1279 1161 τὸν

78 1207 144 1302 τῆς
173 1210 386 1308 θεοπρεποῦς
414 1205 516 1312 ἀξίας
549 1203 671 1308 λόγον,
699 1204 722 1306 ῆ
753 1207 800 1299 ὡς
830 1202 920 1284 κατὰ
952 1203 1067 1310 φύσιν
1094 1205 1157 1284 ούκ
1187 1203 1279 1310 έχων

79 1325 379 1432 ἀπαραλλάκτως,
404 1327 428 1430 ἢ
456 1327 547 1408 κατά
574 1363 608 1408 τι
636 1337 724 1431 γοῦν
748 1335 820 1407 τῶν
845 1331 883 1408 ἐν
907 1333 978 1412 τοῖς
1006 1326 1308 1427 μειονεκτῆμασιε

79 1451 235 1554 τρόπων,
254 1453 318 1532 ούκ
343 1453 451 1532 αὐτοῦ
477 1460 652 1533 τοσοῦτον
673 1451 775 1532 έσται
800 1450 841 1532 τὸ
867 1451 1098 1554 κατηγόρημα
1122 1459 1277 1551 μᾶλλον,

31 1607 69 1648 ιο
81 1571 173 1654 ὅσον
201 1578 265 1674 τῆς
296 1576 421 1659 οὐσίας
452 1575 496 1682 ἐξ
524 1576 566 1675 ῆς
598 1573 685 1655 εἶναι
714 1575 956 1673 πεπίστευται,
986 1575 1081 1677 εἴπερ
1111 1573 1204 1658 ὅλως
1237 1572 1278 1654 τὸ

81 1693 245 1795 ἔλαττον,
272 1697 347 1797 ῆτοι
376 1698 418 1778 τὸ
445 1706 573 1803 χεῖρον,
598 1702 646 1784 ὡς
674 1697 762 1802 πρὸς
792 1697 903 1798 αύτῆν
924 1701 1162 1800 ἀπογεννῶσα
1190 1700 1275 1803 φαί-

82 1853 188 1916 νεται,
221 1823 333 1902 καίτοι
370 1826 434 1922 τῆς
473 1826 623 1924 γενητῆς
662 1824 721 1902 καὶ
758 1822 993 1922 πεποιημένης
1029 1822 1177 1904 κτίσεως
1216 1822 1280 1901 οὐκ

82 1944 296 2048 ἀνεχομένης
327 1953 432 2026 τοῦτο
463 1952 601 2026 παθεῖν.
657 1947 765 2025 τίκτει
802 1944 873 2048 γὰρ
910 1945 1053 2029 πάντως
1084 1943 1126 2025 τὸ
1157 1943 1280 2042 ὅμοιον

82 2068 196 2174 ἑαυτῷ
212 2074 287 2148 πᾶν
309 2067 396 2171 ὅπερ
418 2071 495 2148 ἐστὶ
521 2068 755 2171 καρπογόνον.
792 2074 822 2147 εἰ
843 2067 880 2147 δὲ
899 2068 972 2148 ἀνω
989 2066 1123 2153 παντὸς
1142 2074 1280 2148 κεῖσθαι

33 2189 219 2273 Ι5ποίθους
246 2190 312 2290 τῆν
336 2192 434 2270 θείαν
457 2199 521 2271 τοῦ
547 2190 692 2295 Πατρός
719 2194 840 2294 ἐροῦσι
866 2189 989 2295 φύσιν,
1016 2189 1086 2296 ἔξω
1115 2190 1281 2290 δηλονότι

82 2317 142 2394 καὶ
173 2318 238 2413 τῆς
269 2316 326 2394 ε’πὶ
358 2323 464 2395 τοῦτο
495 2316 708 2418 κατηγορίας
739 2316 903 2412 κείσεται,
933 2318 981 2399 ὡς
1014 2314 1051 2393 δέ
1082 2313 1280 2419 ἀρχέτυπος

83 2439 179 2519 οὖσα
209 2444 282 2518 τῶν
311 2440 348 2517 ἐν
377 2438 461 2538 ἡμῖν
489 2440 648 2539 ἀγαθῶν,
679 2439 743 2518 ούκ
774 2436 949 2518 έλάττονα
980 2435 1043 2517 τὸν
1071 2436 1160 2517 Υίὸν
1190 2440 1310 2517 ἀπο-ιι
1351 2457 1392 2512 27
1407 2454 1447 2508 A.

82 2560 231 2667 τέξεται,
251 2561 334 2640 ἀλλ’
355 2561 438 2641 ἴσον
456 2595 493 2642 τε
519 2564 577 2641 καὶ
602 2561 803 2659 όμοούσιον,
822 2562 880 2640 ἵνα
904 2559 955 2661 μὴ
980 2565 1037 2641 καὶ
1063 2562 1164 2661 ἡμῶν
1185 2564 1277 2641 ἀπο-

83 2685 305 2784 λιμπάνηται
325 2683 416 2769 θεὸς
435 2685 454 2763 ὁ
473 2693 648 2764 τοσοῦτον
667 2681 754 2788 ὑπὲρ
771 2685 875 2784 ἡμᾶς.

359 2953 459 3021 Ἀλλο
483 2960 531 3021 διδ
553 2960 605 3036 τῆς
627 2960 669 3024 εἰς
690 2957 803 3021 ἄτοπον
825 2958 995 3039 ἀπαγωγῆς.

133 3132 241 3215 Ἴσον
269 3133 393 3215 ἑαυτὸν
420 3136 644 3217 ἐπιδεικνύων
669 3141 720 3244 τῷ
748 3142 830 3243 θεῷ
858 3139 917 3215 καὶ
945 3138 1063 3237 Πατρὶ
1092 3135 1188 3238 φησί
1212 3167 1283 3213 που

1134 3256 1144 3284 λ
1221 3259 1229 3284 2

83 3257 247 3360 Χριστὸς
277 3257 368 3363 πρὸς
404 3259 485 3343 τοὺς
522 3261 668 3344 οἰκείους
702 3258 865 3359 μαθητάς
898 3269 919 3306 “
932 3261 980 3338 ‘O
1012 3259 1174 3362 έωρακως
1210 3257 1280 3357 εμὲ,
1326 3263 1397 3343 ¹3¹stss

1324 3347 1375 3382 τιν,
1389 3347 1411 3396 9.

84 3391 107 3426 “
125 3381 257 3484 ἑώρακε
285 3381 349 3463 τὸν
378 3381 558 3487 Πατέρα.”
597 3381 673 3464 εἶτα
699 3391 776 3468 πῶς
805 3387 825 3463 ό
852 3381 943 3464 κατὰ
971 3380 1085 3486 φύσιν
1113 3390 1281 3479 τοιοῦτος,

84 3506 179 3584 οὕτω
215 3539 253 3586 τε
290 3506 461 3612 ὑπάρχων
498 3511 546 3591 ὡς
582 3506 689 3592 αὐτὸς
725 3507 910 3607 ἀληθεύων
948 3504 1207 3611 διισχυρίζεται,
1240 3503 1282 3585 τὸ

32 3647 71 3708 25
85 3625 238 3708 ἔλαττον
266 3629 337 3735 ἕξει
365 3629 457 3708 κατὰ
482 3629 548 3730 τὴν
577 3638 683 3711 τινῶν
709 3629 884 3723 ἀβουλίαν
896 3663 906 3727 ;
950 3636 979 3709 εί
1011 3629 1082 3731 γάρ
1113 3629 1314 3733 ύπάρχωνὶ)

83 3748 245 3830 ἐλάττων
272 3755 309 3831 ἐν
337 3755 449 3859 ἑαυτῷ
478 3753 621 3833 δεικνύει
647 3752 710 3833 τὸν
740 3756 896 3856 Πατέρα,
924 3756 1095 3851 μηδεμιᾶς
1122 3765 1282 3852 μεσολα-

83 3872 224 3974 βούσης
254 3879 506 3977 παραλλαγῆς,
535 3879 592 3956 ἐπὶ
622 3876 687 3956 τὸν
716 3877 864 3978 Πατέρα
891 3876 932 3956 τὸ
960 3874 1113 3954 ἐ’λαττον
1141 3872 1278 3973 ἀναβή-

83 4029 198 4095 σεται,
218 4001 266 4083 ὡς
287 4001 326 4080 ἐν
344 3998 592 4108 ἀμεταποιῆτιρ
619 4000 833 4106 φαινόμενον
850 3998 956 4079 είκόνι
980 4005 1031 4105 τῷ
1048 4003 1138 4105 Υὶῴ.
1181 3996 1282 4075 ἀλλά

124 4265 148 4301 ι.
161 4245 207 4317 ἀφ’
222 4249 313 4301 ἑαυτοῦ
327 4245 360 4301 Β.
431 4263 457 4318 3.
470 4249 555 4302 νοοῖτο
568 4246 601 4302 Β.
615 4249 700 4315 νοῆται
713 4246 765 4301 Ed.
836 4247 862 4301 8.
875 4245 912 4317 τι]
927 4247 983 4299 τίνα
996 4244 1028 4299 Β.
1100 4263 1126 4315 9.
1138 4244 1235 4313 τρόπον
1249 4244 1281 4300 Β.

87 4333 129 4372 11.
147 4317 226 4386 αὐτὴν
238 4316 344 4372 Β.Ι).Ε.
356 4317 433 4372 αὐτὸν
446 4317 497 4373 Ed.
621 4334 663 4372 12.
681 4317 789 4372 κτίσεως
800 4325 969 4386 assumptum
981 4334 1014 4370 ex
1027 4315 1060 4370 Β.
1182 4314 1221 4369 16.
1240 4317 1283 4370 καὶ

83 4390 130 4456 τῆς
141 4387 184 4442 inl
196 4386 287 4469 τοῦτο]
299 4393 350 4442 τῶν
361 4387 389 4442 έν
400 4387 459 4457 ἡμῖν
470 4388 574 4460 ἀγαθῶν
585 4389 626 4455 καλ
638 4391 683 4458 τῆς
694 4389 737 4443 ε’πὶ
749 4386 830 4458 τούτῳ
843 4387 876 4440 Ε.
993 4404 1035 4441 21.
1049 4387 1123 4512 gnei
1134 4407 1184 4440 που
1198 4385 1281 4441 Euth.

84 4457 138 4513 Ed.
152 4458 243 4528 φησὴν
255 4459 316 4527 (κιο)
329 4480 379 4513 που
391 4461 501 4529 φησινό
515 4459 546 4513 Β.
628 4475 671 4513 22.
689 4456 808 4529 οἰκείους]
822 4457 910 4529 ἁγίους
924 4457 957 4512 Β.
1005 4479 1036 4527 με
1076 4497 1082 4513 .
1163 4472 1206 4527 23.
1225 4465 1281 4511 Πα·

83 4528 147 4598 τέρα
160 4527 193 4582 Β.
207 4527 290 4585 Euth.
303 4530 406 4598 Πατέρα
417 4552 468 4599 μου
481 4529 532 4584 Ed.
546 4538 669 4601 utsupra
684 4528 716 4582 16
727 4528 785 4584 init.

129 4628 200 4672 vol„
218 4629 240 4674 1.
677 4630 698 4673 G
