3038 5018
91 302 145 366 vii.
160 324 212 390 39.
280 304 336 368 IN
368 305 401 370 S.
425 305 682 371 JOANNEM.
729 305 882 371 LIB.V.
927 307 1029 372 CAP.
1054 308 1100 373 11.
1226 307 1291 374 693

93 470 152 549 ἵνα
170 471 268 570 ἡμεῖς
285 473 322 550 ἐν
340 473 437 579 αὐτῷ
454 468 496 551 τὸ
517 478 665 572 Πνεῦμα
684 468 919 575 κερδάνωμεν.
951 471 1083 572 ταύτης
1099 480 1291 575 τοιγαροῦν

121 598 138 616 '⁴
203 600 212 624 2
242 596 252 624 Ι
312 595 330 624 *7
426 605 449 642 “
526 596 537 624 Ι

93 628 158 694 της
177 629 290 679 αιτιας
309 629 410 674 ενεκα
459 629 667 699 σπερματος
683 593 858 700 Ἀβραάμ
875 595 1186 694 ἐπιλαμβάνεται,”
1201 592 1291 675 κατὰ
1336 599 1443 716 {fb-¹&

94 715 137 798 τὸ
161 719 420 819 γεγραμμένον,
439 716 605 819 ὡμοιώθη
631 717 670 799 δὲ
689 730 709 767 “
724 717 817 799 κατὰ
842 716 962 800 πάντα
986 727 1060 805 τοῖς
1084 718 1289 825 ἀδελφοῖς.”
1336 739 1376 789 lb·
1389 750 1429 804 ¹7·

95 841 232 946 δέχεται
251 843 370 922 τοίνυν
388 843 456 947 οὐχ
474 845 586 949 ἑαυτῷ
604 839 646 922 τὸ
663 834 812 940 Πνεῦμα
829 840 871 923 τὸ
884 841 1050 945 Ἀγιονὸ
1069 839 1289 943 Μονογενής·
1304 853 1325 918 d

62 966 204 1046 θαύτοῦ
236 965 308 1067 γάρ
339 968 418 1045 ἐστι
450 968 509 1046 καὶ
542 968 579 1046 έν
611 968 709 1073 αὐτῷ
740 969 799 1046 καὶ
830 967 875 1046 δι’
904 968 1013 1047 αὐτοῦ
1047 965 1089 1047 τό
1124 972 1288 1063 Πνεῦμα,

95 1087 257 1189 καθάπερ
279 1088 347 1187 ἤδη
371 1089 601 1189 προείπομεν·
633 1090 718 1168 ἀλλ’
742 1090 884 1193 ἐπείπερ
907 1091 1096 1193 ἅνθρωπος
1121 1088 1290 1190 γεγονὼς,

95 1212 187 1312 ὅλην
219 1209 312 1316 εἶχεν
343 1213 382 1290 ἐν
413 1214 526 1319 ἑαυτῷ
556 1212 623 1307 τὴν
655 1211 781 1319 φύσιν,
809 1214 867 1293 ἵνα
899 1221 1025 1294 πᾶσαν
1054 1212 1292 1319 ε’πανορθιόση

93 1334 369 1436 μετασκευάσας
396 1340 444 1418 είς
472 1333 513 1414 τὸ
542 1336 703 1440 ἀρχαῖον.
1287 1357 1289 1360 ’

153 1456 253 1562 Πρὸς
280 1457 323 1539 δέ
346 1492 387 1559 γε
413 1465 487 1543 τοῖς
513 1457 705 1562 εἰρημένοις
731 1466 869 1540 κακεῖνο
893 1462 1159 1562 περισκεπτέον.
1199 1460 1292 1564 ὀψό-

45 1613 83 1653 10
95 1590 188 1685 ρεθα
214 1583 286 1686 γὰρ
316 1580 376 1661 διά
404 1589 595 1683 λογισμῶν
622 1581 734 1666 ἰόντες
766 1589 907 1689 σοφῶν,
937 1587 996 1664 καὶ
1027 1593 1101 1670 τοῖς
1127 1584 1199 1665 ἀπὸ
1228 1589 1292 1684 τῆς
1318 1640 1321 1649 -

97 1708 190 1791 θείας
218 1711 363 1813 γραφῆς
390 1706 638 1805 βεβαιούμενοι
665 1706 797 1808 λόγοις,
826 1708 894 1812 ούχ
918 1708 1031 1815 ἑαυτῷ
1058 1706 1221 1802 λαβόντα
1250 1705 1292 1788 τὸ

98 1837 248 1930 Πνεῦμα
265 1830 439 1934 Χριστὸν,
459 1829 543 1929 ἡμῖν
561 1828 599 1908 δέ
620 1836 766 1926 μᾶλλον
785 1832 822 1909 ἐν
840 1832 969 1938 ἑαυτῷ·
1007 1832 1126 1913 πάντα
1150 1830 1221 1937 γάρ
1248 1832 1322 1911 διό

97 1956 205 2035 αὐτοῦ
233 1958 292 2035 καὶ
319 1960 369 2038 είς
395 1954 486 2053 ἡμᾶς
514 1950 629 2057 τρέχει
656 1953 702 2032 τὰ
731 1954 863 2055 ἀγαθοί.
909 1955 1028 2056 ἐπειδὴ
1055 1953 1127 2060 γὰρ
1155 1958 1175 2035 ὁ
1202 1991 1292 2058 προ-

97 2078 224 2180 πάτωρ
243 2077 364 2175 Ἀδὰμ
392 2079 434 2156 οῦ
461 2076 616 2155 διέσωσε
642 2073 709 2175 τὴν
727 2085 791 2156 τοῦ
815 2075 1025 2176 Πνεύματος
1048 2079 1153 2183 χάριν
1170 2114 1289 2183 παρα·

45 2235 84 2297 15
98 2204 242 2305 τραπεὶς
260 2201 304 2308 ἐξ
320 2199 460 2298 ἀπάτης
477 2204 525 2282 είς
542 2198 729 2300 παρακοην
747 2203 806 2278 καὶ
825 2200 1011 2302 ἁμαρτίαν,
1030 2201 1100 2304 όλη
1121 2237 1159 2283 τε
1182 2205 1294 2287 οὕτως

98 2330 136 2406 έν
163 2327 260 2432 αὐτῷ
286 2325 468 2428 ἐζημιοῦτο
496 2319 625 2402 λοιπὸν
654 2323 676 2422 ἡ
707 2323 819 2429 φύσις
847 2323 889 2403 τὸ
917 2323 1112 2406 θεόσδοτον
1138 2325 1290 2430 ἀγαθόν,

98 2452 300 2559 ἀναγκαίως
330 2449 351 2527 ὁ
383 2445 520 2550 τροπὴν
551 2447 613 2525 οὐκ
647 2445 746 2530 είδὼς
778 2444 871 2531 Θεὸς
902 2447 1022 2550 Λόγος
1052 2451 1199 2552 γέγονεν
1231 2449 1293 2529 ἀν·

98 2580 251 2676 θρωπος,
270 2573 328 2651 ἵνα
347 2568 474 2665 λαβὼν
492 2574 540 2653 ὡς
560 2570 747 2673 ἅνθρωπος
766 2571 933 2676 διασώσῃ
951 2573 1089 2674 παγίως
1113 2579 1158 2679 τῇ
1183 2573 1293 2679 φύσει
1312 2606 1316 2610 ·

98 2697 139 2777 τὸ
171 2694 320 2797 ἀγαθόν.
372 2701 445 2773 τῶν
476 2694 645 2774 τοιούτων
671 2694 755 2793 ἡμῖν
785 2697 994 2799 μυστηρίων
1026 2696 1201 2801 ἐξηγητὴς
1234 2702 1292 2778 καὶ

47 2848 86 2892 '20
99 2819 204 2903 αὐτὸς
229 2819 440 2919 εὶσβήσεται
466 2820 485 2897 ὁ
511 2824 604 2900 θεῖος
631 2814 805 2924 μελιρδός·
838 2817 936 2920 λέγει
964 2816 1035 2923 γάρ
1063 2823 1174 2906 οὕτως
1201 2820 1293 2924 πρὸς

97 2944 161 3022 τὸν
179 2942 269 3023 Υίόν
297 2953 319 2989 “
336 2941 558 3042 Ἠγάπησας
587 2939 815 3040 δικαιοσύνην
843 2945 901 3021 καὶ
931 2943 1110 3043 ἐμίσησας
1138 2947 1289 3025 ἀδικίαν·
1338 2945 1453 3062 ξ’·’Ῑῑῑ

99 3078 121 3115 “
139 3065 198 3147 διὰ
222 3073 327 3145 τοῦτο
353 3064 479 3168 ἕχρισέ
500 3098 544 3143 σε
570 3067 590 3143 ὁ
610 3063 702 3147 Θεὸς
729 3063 862 3147 όΘεός
885 3098 955 3144 σου
974 3063 1096 3146 ἐ’λαιον
1113 3068 1323 3169 ἀγαλλιοί-ν
1344 3083 1460 3142 ΨΜ

99 3200 121 3238 “
140 3223 234 3274 σεως
256 3187 356 3290 παρὰ
381 3188 463 3272 τοῦς
487 3187 659 3292 μετόχους
681 3187 788 3268 σον.”
818 3186 937 3287 ἐπειδὴ
957 3187 1039 3289 γὰρ,
1057 3193 1183 3296 φησὶν,
1202 3191 1292 3291 ἠγά-

98 3347 220 3411 πησας
237 3314 290 3391 ἀεὶ
308 3311 374 3412 τὴν
392 3311 630 3411 δικαιοσύνην·
661 3311 793 3395 δίκαιος
815 3308 888 3413 γάρ
906 3308 938 3389 εἷ
954 3314 974 3391 ό
993 3310 1096 3410 Θεὸς,
1114 3317 1292 3418 παρατρέ-

47 3467 85 3528 25
98 3437 236 3517 πεσθοί
265 3470 329 3516 ποι
361 3433 461 3538 παρὰ
492 3443 599 3514 τοῦτο
631 3431 681 3533 μὴ
714 3432 916 3530 δυνάμενος·
955 3436 1134 3535 ἐμίσησας
1162 3436 1199 3517 δέ
1226 3437 1292 3537 τὴν

97 3561 237 3641 ἀδικίαν
258 3562 325 3640 ἀεί·
355 3566 518 3666 φυσικῶς
546 3557 617 3660 γάρ
644 3591 707 3635 σοι
734 3556 775 3637 τὸ
803 3557 1049 3662 μισοπόνηρον
1073 3563 1288 3669 ἐμπέφυκεν,

97 3688 146 3767 ὡς
177 3684 390 3792 φιλοδικαίιρ
420 3687 516 3789 Θεῷ·
559 3678 618 3760 διά
649 3679 755 3761 τοῦτό
787 3716 834 3760 σε
865 3683 1023 3787 κέχρικεν
1055 3685 1075 3761 ὁ
1108 3685 1201 3768 Θεὸς
1234 3690 1292 3764 καὶ

99 3807 240 3910 Πατήρ·
286 3810 305 3886 ὁ
338 3805 410 3908 γὰρ
441 3805 587 3910 φύσεως
618 3808 707 3888 ἰδίας
740 3805 986 3906 πλεονέκτημα
1019 3805 1087 3904 τὴν
1115 3806 1292 3908 ἄτρεπτον

97 3931 190 4035 ἔχων
204 3929 441 4030 δικαιοσύνην,
453 3931 516 4008 οῦκ
536 3926 579 4007 ἀν
596 3929 813 4034 μετηνέχθης
830 3928 917 4010 ποτέ
933 3928 1023 4033 πρὸς
1041 3928 1085 4030 ἣν
1099 3932 1164 4011 οῦκ
1181 3930 1292 4034 ἔγνως

98 4182 776 4336 atsazsfflffissssesssaem§¹322ss‚
810 4180 1095 4324 ιςιλιῖθιῑ·
1146 4186 1292 4326 “531²ss

96 4373 178 4443 φύσει
190 4372 290 4453 παγίως
301 4372 407 4424 inverso
420 4370 549 4452 ordinela.
687 4389 731 4426 21.
749 4322 856 4443 ἀΐοιβίῦίν
868 4374 900 4428 Β.
914 4372 917 4376 ’
1035 4392 1079 4444 24.
1098 4379 1112 4430 ό
1124 4394 1178 4432 om.
1193 4375 1226 4430 Β.
1242 4375 1291 4432 Ht.

96 4445 252 4513 Assumpslt
264 4461 278 4495 e
292 4441 352 4496 cat.
368 4442 443 4496 Hatl.
457 4454 487 4496 ut
499 4442 552 4497 vld.
565 4442 637 4497 Aub.
728 4443 770 4498 τό.
788 4444 946 4517 ἐμπέφυκεν]
961 4446 1018 4500 ἐντ’
1048 4469 1091 4503 κεν
1102 4466 1127 4503 a.
1140 4448 1200 4504 Cat.
1216 4447 1291 4504 Harl.

97 4531 141 4585 η.
160 4535 192 4567 σε
205 4513 415 4584 suprascriptum
432 4512 463 4568 B.
501 4512 597 4568 Statim
610 4514 756 4586 ι’κκέχρικεν
769 4513 830 4586 [pro
842 4515 1034 4587 ίγκέχρικενβ)
1066 4517 1098 4572 Β.
