3038 5018
93 303 147 365 vii.
161 323 213 390 39.
282 304 338 367 IN
371 303 403 366 S.
428 301 683 367 JOANNEM.
729 301 824 365 LIB.
842 303 882 364 V.
929 303 1103 367 CARII.
1228 304 1291 366 695

151 466 520 571 Πολυπραγμονῆσας
553 465 589 545 δὲ
627 465 693 565 τῆν
725 467 851 562 αἰτίαν,
885 467 928 543 δι’
963 463 1007 565 ῆν
1043 467 1084 545 οῦ
1120 463 1192 568 πρὸ
1231 468 1293 564 τῆς

95 589 341 687 ἀναστάσεως,
370 589 470 670 ἀλλὰ
496 588 587 689 μετὰ
616 590 749 690 ταύτην
776 590 799 688 ῆ
831 598 895 669 τοῦ
925 587 1135 687 Πνεύματος
1167 589 1293 690 γέγονε

94 714 212 819 χύσις,
230 718 339 795 ἐκεῖνο
363 715 477 795 πάλιν
496 715 636 819 ἀκούσῃ
652 713 824 818 Ἀπαρχῆ
851 717 915 812 τῆς
941 712 1195 812 ἀνανεουμένης
1220 713 1291 817 φύ·

94 871 189 922 σεως
208 839 290 918 τότε
309 837 456 940 γέγονεν
474 839 494 916 ὁ
513 835 687 939 Χριστὸς,
706 835 766 916 ὅτε
793 838 993 945 φροντίσας
1019 837 1120 917 οῦδὲν
1138 843 1211 916 τῶν
1229 845 1294 916 τοῦ

62 961 252 1043 5θανάτου
280 965 424 1060 δεσμῶν
447 961 578 1057 ἀνεβίω
603 960 726 1057 πάλιν,
745 959 908 1061 καθάπερ
936 959 1064 1061 ἀρτίως
1092 957 1289 1062 είρῆκαμεν.

94 1091 171 1170 πῶς
189 1087 251 1166 οῦν
270 1084 338 1165 ἔδει
362 1085 434 1188 πρὸ
460 1088 525 1184 τῆς
549 1088 714 1188 ἀπαρχῆς
738 1083 1016 1186 ζωοποιηθέντας
1038 1085 1193 1185 ὁρᾶσθαι
1212 1082 1295 1167 τοῦς

94 1210 168 1306 μετ’
195 1207 332 1308 αύτῆν;
371 1207 480 1311 ὅνπερ
508 1207 579 1312 γάρ
608 1204 743 1310 τρθπον
771 1209 835 1286 οῦκ
863 1204 908 1286 ἀν
935 1206 1008 1288 ἀπὸ
1037 1211 1103 1309 γῆς
1130 1209 1324 1301 ἀναβλα-ῑι
1344 1219 1460 1277 4743

94 1327 234 1431 στῆσαι
261 1330 387 1438 φυτὸῦ,
415 1330 465 1429 μῆ
493 1333 556 1411 οῦκ
585 1331 653 1431 ἤδη
681 1328 826 1413 πάντως
853 1334 917 1429 τῆς
946 1331 1036 1415 ἰδίας
1062 1329 1159 1434 ῥίζης
1186 1332 1289 1410 ἐκπε-

96 1452 218 1560 φυκός·
263 1454 357 1559 ἀρχὴ
385 1453 458 1557 γὰρ
486 1456 582 1561 αύτῷ
618 1460 682 1554 τῆς
717 1451 888 1555 βλάστης
919 1456 1063 1535 ἐκεῖθεν·
1108 1456 1220 1538 οὕτως
1249 1451 1294 1553 ῆν

46 1605 83 1647 ¹0
96 1575 282 1681 ἀμῆχανον
309 1579 408 1681 ῥίζαν
441 1578 532 1677 ῆμῦις
564 1576 710 1683 ἔχοντας
743 1582 793 1661 είς
825 1578 1035 1683 ἀφθαρσίαν
1065 1576 1129 1657 τὸν
1160 1578 1294 1680 Κύριον

95 1701 196 1801 ἡμῶν
213 1703 360 1801 Ἰησοῦν
379 1699 442 1782 τὸν
460 1704 635 1804 Χριστὸν,
653 1700 724 1803 πρὸ
741 1705 806 1800 τῆς
823 1700 919 1805 ῥίζης
946 1703 1101 1804 ὁρᾶσθαι
1119 1700 1291 1801 βλαστῆ·
1313 1685 1319 1695 ’

96 1858 243 1908 σαντας.
272 1825 497 1906 ἐπιδεικνύων
516 1823 555 1904 δὲ
572 1829 636 1922 τῆς
655 1830 703 1908 είς
723 1825 815 1924 ἡμᾶς
833 1822 988 1905 καθύδον
1005 1833 1069 1905 τοῦ
1085 1824 1294 1922 Πνεύματος

96 1948 165 2046 ἤδη
197 1946 359 2051 παρόντα
389 1946 453 2027 τὸν
484 1947 617 2050 καιρῦν,
645 1944 735 2046 μετὰ
766 1948 833 2048 τῆν
860 1950 899 2028 ἐκ
934 1954 1066 2051 νεκρῶν
1094 1949 1295 2041 ἀναβίωσιν

96 2071 299 2176 ἐνεφύσησε
330 2078 405 2154 τοῖς
436 2077 612 2171 μαθηταῖς
645 2071 764 2173 λέγων
795 2071 936 2167 Λάβετε
970 2077 1119 2170 Πνεῦμα
1146 2070 1289 2173 Ἀγιον.
1341 2075 1463 2192 ἔξω·

46 2215 83 2276 15
97 2192 178 2274 τότε
197 2193 267 2298 γάρ
285 2192 329 2294 ἦν
347 2193 458 2278 ὅντως
478 2199 533 2274 ἐπὶ
557 2194 690 2296 θύραις,
709 2193 911 2291 μᾶλλονδὲ
936 2195 1023 2275 ε’ίσω
1048 2201 1166 2298 θυρῶν
1184 2197 1205 2274 ὁ
1230 2198 1294 2294 τῆς

97 2319 328 2402 ἀνανεώσεως
345 2316 485 2424 χρόνος.
518 2323 576 2397 καὶ
594 2316 825 2418 περιαθρείτω
844 2353 904 2418 μοι
922 2319 1069 2399 πάλινὸ
1087 2315 1294 2426 φιλομαθῆς

97 2447 127 2521 εί
154 2441 204 2542 μῆ
232 2442 378 2544 γε’γονεν
405 2443 489 2542 ἡμῖν
518 2440 655 2541 ἀληθῆς
684 2444 743 2519 καὶ
772 2442 792 2519 ὁ
820 2444 902 2542 περὶ
932 2440 1068 2521 τούτων
1096 2439 1218 2543 λόγος·
1258 2443 1330 2522 ε’νῙ)

96 2567 192 2672 ἀρχῆ
228 2565 293 2665 μὲν
328 2564 410 2667 γὰρ,
448 2561 574 2665 ὥσπερ
610 2564 672 2643 οὖν
707 2563 792 2663 ἡμῖν
829 2566 849 2643 ὁ
889 2564 1183 2672 πνευματοφάρος
1224 2564 1295 2673 ἔφη

99 2693 276 2788 Μωυσῆς,
309 2687 436 2782 λαβὼν
468 2696 557 2793 χοῦν
592 2684 663 2767 ἀπὸ
695 2691 760 2787 τῆς
792 2691 869 2790 γῆς,
903 2692 961 2768 καὶ
994 2685 1201 2772 διαπλάσας
1231 2686 1296 2768 τὸν

45 2842 85 2884 το
98 2810 289 2915 ἄνθρωπον
307 2813 327 2891 ὃ
345 2811 491 2892 πάντων
510 2808 751 2914 Δημιουργῦς,
771 2822 793 2858 “
807 2811 1032 2918 ἐνεφύσησεν
1051 2818 1099 2896 είς
1117 2810 1160 2891 τῦ
1178 2810 1294 2916 πρόσ-
1341 2804 1406 2934 {³⁰¹³
1417 2804 1443 2856 ἣ·

99 2946 121 2984 “
138 2970 238 3016 ωπον
265 2937 375 3015 αύτοῦ
401 2933 516 3034 πνοὴν
545 2935 669 3038 ζωῆς·”
714 2937 773 3014 καὶ
800 2936 853 3020 τίς
878 2927 900 3035 ῆ
927 2934 1020 3035 πνοῆ
1050 2940 1113 3034 τῆς
1143 2935 1243 3040 ζωῆς,
1270 2930 1293 3036 ἢ

99 3058 267 3158 δηλονότι
285 3058 326 3138 τὸ
348 3064 497 3156 Πνεῦμα
520 3066 584 3137 τοῦ
603 3063 769 3161 Χριστοῦ
787 3066 852 3138 τοῦ
872 3061 1043 3161 λε’γοντος
1061 3070 1083 3106 “
1102 3058 1202 3160 Ἐγώ
1225 3065 1295 3157 εἶμι
1340 3046 1456 3177 {gr-xi.

99 3183 162 3282 “ῆ
191 3181 394 3267 ἀνάστασις
423 3186 481 3261 καὶ
511 3181 532 3280 ῆ
562 3179 633 3284 ζωή
650 3182 684 3278 ;”
713 3179 899 3280 ἐπειδὴδὲ
928 3186 992 3280 τῆς
1020 3183 1295 3285 ἀνθρωτύτητος

99 3306 240 3406 ἀπέστη
273 3306 314 3386 τὸ
348 3311 497 3402 Πνεῦμα
530 3303 573 3383 τὸ
609 3302 700 3407 πρὸς
736 3304 801 3385 τὸν
833 3311 927 3384 θεῖον
960 3305 1051 3405 ἡμᾶς
1088 3310 1296 3410 χαρακτῆρα

47 3448 85 3509 ²5
100 3428 261 3534 συνέχειν
278 3463 316 3507 τε
342 3429 400 3507 καὶ
426 3425 656 3508 διαπλάττειν
674 3426 879 3526 δυνάμενον,
898 3428 998 3512 αὖθις
1024 3430 1107 3527 ἡμῖν
1125 3432 1146 3509 ὁ
1168 3428 1326 3531 Σωτῆρα

100 3552 278 3659 χαρίζεται
302 3559 419 3648 τοῦτο,
436 3548 528 3654 πρὸς
552 3552 662 3630 ἐκεῖνο
688 3551 730 3630 τὸ
755 3552 905 3655 ἀρχαῖον
926 3550 1113 3657 ἀναφέρων
1136 3552 1293 3659 ἀξίωμα,

137 3817 163 3865 4.
181 3801 240 3852 τότε
253 3796 402 3852 emendavit
416 3795 507 3850 Holnt.
520 3794 671 3849 faventibus
685 3792 755 3849 catt.
768 3817 798 3851 το
811 3794 844 3850 Β.
957 3794 983 3849 6.
1002 3795 1119 3865 ἀπαρχῆι
1132 3794 1202 3849 catt.
1215 3794 1266 3866 ἆρχ

102 3868 154 3924 Ed.
315 3881 339 3937 7.
358 3866 412 3935 μετ’
426 3865 504 3934 αῦτῆν
518 3865 550 3919 Β.
564 3864 636 3921 Catt.
649 3866 713 3935 μετὰ
725 3865 819 3934 ταύτην
833 3864 881 3919 Ht.
896 3863 947 3919 Ed.
997 3865 1092 3919 Statim
1104 3864 1183 3935 ὅνπερ
1196 3864 1255 3919 BA.
1268 3818 1298 3920 ἀν

104 3941 153 3995 Ht.
167 3938 219 3993 Ed.
291 3935 480 4006 ἀναβλαστῆαη
493 3953 517 3990 a.
685 3936 711 3991 8.
730 3936 776 3990 οῦκ
788 3935 850 4008 ἤδη]
864 3936 923 4007 οῦχὶ
934 3953 959 3990 a.
1031 3936 1176 4006 εἰιπεφυκδς
1186 3953 1210 3989 a.
1223 3935 1298 3990 ίκπι·

101 4035 191 4105 φυκάις
204 4032 262 4087 cat.
277 4031 353 4086 Harl.
366 4021 508 4100 εἰιττίφυκίς
523 4031 554 4086 Β.
568 4030 739 4101 ἔκπεφυκνίας
752 4031 800 4086 Ηῑ.
814 4030 867 4085 Ed.
1064 4047 1104 4085 10.
1123 4027 1201 4100 ῆμᾶς]
1219 4037 1248 4094 -1-
1262 4030 1298 4099 μῆ

101 4104 171 4158 inter
182 4119 266 4158 uncos
279 4101 362 4165 Aub„
374 4100 506 4156 adnotans
517 4103 552 4171 w)
565 4101 689 4156 exhibere
706 4101 891 4172 apographum
910 4118 1000 4165 mum,
1014 4101 1134 4155 omittere
1146 4100 1206 4155 Cat.
1221 4101 1298 4156 Harl.

101 4175 136 4242 μὴ
148 4191 204 4227 non
216 4172 342 4227 exhibent
353 4189 403 4226 αα.
418 4171 500 4225 Cord.
514 4172 616 4242 Migne.
748 4188 788 4226 11.
806 4173 852 4225 τὸν
863 4181 1032 4254 assumptum
1045 4190 1077 4225 ex
1091 4172 1114 4226 B
1127 4189 1260 4242 suprascr.
1273 4188 1298 4226 ο.

102 4244 177 4298 deest
187 4243 214 4296 in
229 4241 310 4297 Cord.
347 4241 492 4296 Abbreviat
504 4242 569 4297 Nik.
662 4241 704 4296 16.
723 4242 886 4298 ἀνανεώσεως
897 4240 981 4296 edida
992 4260 1007 4296 e
1020 4241 1080 4296 cat.
1092 4241 1175 4306 Aub„
1187 4251 1214 4295 et
1225 4242 1261 4295 ita
1272 4260 1297 4296 a.

102 4316 270 4369 ἀναστάσεως
283 4313 315 4367 Β.
331 4312 378 4367 Ht.
548 4315 589 4368 18.
607 4314 658 4396 γὰρ
695 4313 718 4366 ’ν
728 4314 835 4367 inverso
847 4311 940 4367 ordine
954 4313 986 4366 B.
1001 4313 1051 4367 Ht.
1064 4312 1214 4367 emendavit
1226 4312 1298 4367 Aub.

104 4401 146 4509 ι·
166 4383 546 4523 ιιιιιιιιι
556 4334 826 4523 ιθ(
836 4383 981 4509 ιιι
997 4383 1300 4526 ιιιιιιι

104 4526 156 4582 Ed.
168 4525 382 4597 repugnantibus
396 4524 454 4579 Βα.
563 4525 607 4580 26.
625 4526 655 4581 τὸ
668 4524 778 4596 ἀρχαῖον
788 4524 870 4580 ἐκεῖνο
882 4525 988 4580 inverso
999 4522 1094 4580 ordine
1104 4541 1129 4580 a„
