3038 5018
80 302 125 371 iii.
139 325 212 390 3,4.
273 303 329 368 IN
361 304 394 368 S.
418 303 673 375 JOANNEM.
719 304 885 370 LIB.II.
930 306 1084 370 CARI.
1214 309 1278 370 217

79 466 182 561 βάνει
200 464 242 547 τῦ
261 465 447 564 θαυμάσαι
464 464 575 564 μόνον
594 467 640 547 τὰ
657 466 708 552 οἷς
727 467 971 570 θαυμάζεσθαι
991 468 1128 572 πρέπει·
1160 468 1280 572 ἕτερον

80 590 120 670 δὲ
138 589 239 671 οὐδὲν
257 593 314 672 ε’πί
333 590 472 676 τούτοις
490 588 653 692 ἐπιζητεῖ.
695 585 912 672 διδιίσιιιιλον
931 590 969 671 δὲ
987 590 1088 696 παρὰ
1106 595 1200 683 Θεοῦ,
1220 595 1279 672 καὶ

80 715 164 818 παρ’
203 717 313 796 αὐτοῦ
351 714 637 818 συνεργούμενον
673 714 856 818 ὀνομάζων
893 713 1015 813 αὐτὸν,
1051 717 1150 797 ούπω
1187 713 1305 795 κατὰ.

81 839 197 950 φύσιν
228 836 321 919 οἰδευ
351 839 438 921 ὄντα
467 839 573 934 Θεὸν,
604 837 683 919 οὐδὲ
715 839 863 939 συνίησι
896 839 1063 940 δηλονότι
1098 844 1161 939 τῆς
1190 838 1280 939 μετὰ

50 960 218 1066 5σαρκύς
242 965 441 1062 οἰκονομίας
466 962 529 1042 τὸν
552 963 674 1065 λύγον,
693 962 744 1043 ἔτι
770 963 807 1044 δὲ
832 967 880 1047 ὡς
905 962 1084 1072 ἀνθρώπῳ
1109 961 1280 1068 πρόσεισι

82 1093 216 1194 γυμνῷ,
234 1090 292 1173 καί
311 1085 442 1189 μικρὰν
460 1088 513 1167 ἐπ’
534 1088 630 1194 αὐτῷ
649 1086 714 1186 τὴν
733 1086 910 1193 διάληψιν
929 1088 1011 1193 ἔχει.

1293 1289 1312 1329 a
1334 1274 1395 1329 146
1407 1271 1448 1328 A.

79 1427 182 1502 Ἀμιίυ
210 1425 296 1503 ἀμίιν
323 1426 409 1500 λὲςω
437 1447 497 1509 οοι,
520 1424 580 1490 ἐὰν
604 1428 647 1502 μή
677 1450 725 1492 nc
753 1433 889 1516 τεννιιθῷ
916 1427 1054 1505 ἄνωθεν,
1081 1425 1118 1490 οὐ
1145 1424 1280 1490 δύναται

119 1565 199 1641 ἰδεῖν
218 1570 276 1634 τήν
296 1567 461 1652 βασιλείαν
480 1573 536 1634 τοῦ
556 1567 650 1640 Θεοῦ,
688 1570 775 1644 λὲτει
793 1570 876 1658 πρόο
895 1568 993 1636 αὑτὸν
1012 1568 1030 1636 ὁ
1052 1567 1246 1643 Νικόδαμος.
1296 1585 1313 1637 4

141 1769 222 1848 Οὐκ
240 1769 296 1874 ἐφ’
312 1768 364 1854 οἷς
383 1767 510 1876 ᾠήθης,
527 1771 653 1877 φησὶν,
667 1765 696 1851 οἰ
710 1766 903 1868 Νικόδημε,
917 1767 959 1847 τὸ
977 1767 1159 1854 πιστεύειν
1171 1765 1282 1853 ἐστίν,

35 1927 72 1967 ιο
86 1892 150 1971 οὐκ
174 1894 277 1995 ἀρκεῖ
297 1927 360 1973 σοι
384 1892 495 1993 λόγος
518 1899 567 1976 εἰς
593 1890 832 1990 δικαιοσύνην,
851 1889 930 1971 οὐδὲ
953 1893 990 1970 εὐ
1009 1897 1134 1997 ψιλοῖς
1156 1923 1283 1992 κατορ-

86 2015 215 2099 θώσεις
238 2015 378 2119 ῥήμασι
401 2016 467 2115 τὴν
491 2016 687 2110 εὐσέβειαν.
724 2026 747 2062 “
761 2017 820 2094 Οὐ
847 2013 918 2117 γὰρ
942 2021 1013 2098 πᾶς
1039 2016 1059 2094 ὁ
1087 2014 1204 2116 λέγων
1223 2047 1283 2111 μοι
1328 2007 1451 2125 {ffb

87 2148 108 2183 “
130 2138 239 2240 Κύριε
265 2140 360 2242 κύριε
385 2138 628 2220 εἰσελεύσεται
653 2144 701 2225 εἰς
722 2137 788 2238 τὴν
806 2139 999 2232 βασιλείαν
1017 2145 1089 2218 τῶν
1108 2138 1281 2240 οὐρανῶν,

88 2272 109 2312 “
127 2263 212 2340 ἀλλ’
242 2264 262 2342 ὁ
295 2270 408 2344 ποιῶν
435 2262 477 2342 τὸ
510 2261 653 2362 θέλημα
683 2270 746 2342 τοῦ
776 2259 922 2366 Πατρός
952 2296 1022 2361 μου
1051 2270 1115 2341 τοῦ
1147 2263 1184 2341 ἐν
1211 2269 1319 2344 τοῖςο

88 2395 109 2436 “
128 2387 319 2488 οὐρανοῖς.”
354 2384 497 2486 θέλημα
515 2385 553 2466 δὲ
572 2393 636 2465 τοῦ
655 2385 812 2489 Πατρῦς,
826 2385 978 2491 με’τοχον
996 2385 1062 2484 μὲν
1079 2393 1143 2465 τοῦ
1159 2386 1287 2487 Ἀγίου

36 2531 73 2589 15
90 2511 299 2609 Πυεύματος
323 2515 573 2616 ἀναδειχθῆναι
598 2508 663 2590 τὸν
684 2509 884 2613 ἄνθρωπον,
903 2516 951 2594 εἰς
977 2509 1015 2590 δὲ
1041 2508 1205 2609 ἀσυνήθη
1231 2511 1288 2588 καὶ

87 2633 193 2742 ξένην
210 2634 494 2736 ἀναγευνηθέντα
519 2632 611 2737 ζωὴν
631 2636 688 2714 καί
711 2634 863 2737 ούρανοῦ
889 2635 1111 2738 χρηματίσαι
1134 2632 1289 2731 πολίτην

87 2754 151 2836 τδν
176 2755 248 2837 ἀπὸ
272 2761 337 2857 τῆς
360 2761 440 2859 γῆς.
481 2754 594 2837 ι’ίιυθεν
614 2759 650 2836 δὲ
674 2758 792 2858 λέγων
814 2754 880 2857 τὴν
904 2756 962 2837 διὰ
989 2767 1052 2837 τοῦ
1079 2754 1289 2851 Πυεύματος

88 2881 341 2982 ᾀναγένυησιν,
368 2885 406 2960 ἐκ
430 2884 494 2980 τῆς
518 2881 644 2965 οὐσίας
666 2888 731 2960 τοῦ
753 2887 849 2960 Θεοῦ
874 2884 933 2958 καὶ
956 2877 1102 2981 Πατρῦς
1127 2878 1289 2983 ὑπάρχου

89 3002 132 3081 τῦ
161 3008 310 3104 Πνεῦμα
338 3006 482 3084 δεικνύει
512 3010 653 3112 σαφῶς,
681 3001 807 3107 ὥσπερ
834 3002 959 3102 ἀμίλει
987 3007 1044 3083 καὶ
1073 3002 1179 3087 αὐτὸς
1206 3006 1289 3104 περὶ

34 3167 76 3210 20
90 3129 215 3207 ἑαυτοῦ
242 3162 314 3210 που
342 3128 458 3236 φησίν
477 3128 611 3230 “Ἐγὼ
640 3130 679 3207 ἐκ
707 3135 779 3208 τῶν
800 3128 875 3207 ἅνω
900 3128 1004 3227 εἰμί·”
1034 3130 1092 3206 καί
1117 3128 1137 3207 ὁ
1163 3127 1288 3233 σοφώ·
1333 3129 1438 3255 ξξίξῦη

91 3283 196 3334 τατος
215 3250 253 3330 δὲ
271 3254 351 3353 περὶ
369 3254 477 3332 αὐτοῦ
496 3249 608 3331 πάλιν
626 3255 743 3359 φησὶν
762 3251 1037 3360 Εὐαγγελιυτὴς
1051 3261 1072 3300 “
1085 3252 1134 3330 ‘O
1154 3251 1290 3330 ἄνωθεν
1334 3263 1374 3312 Ib-
1387 3259 1423 3309 ffi-

91 3385 112 3420 “
132 3373 321 3478 ἐρχόμενος
339 3373 458 3455 ε’ποίνω
475 3374 621 3461 πάντων
638 3375 774 3455 ε’στίν.”
1336 3341 1375 3392 μ’

140 3493 229 3576 Ὅτι
255 3498 293 3578 δὲ
317 3497 461 3584 πάντως
488 3501 526 3583 ἐκ
553 3503 617 3597 τῆς
646 3500 770 3583 οὐσίας
794 3507 858 3578 τοῦ
881 3503 978 3578 Θεοῦ
999 3501 1056 3578 καὶ
1079 3495 1223 3601 Πατρῦς
1248 3492 1319 3580 τδο

94 3620 243 3720 Πυεῦμθ
260 3624 360 3702 ε’στιυ
378 3625 416 3702 ἐν
435 3624 549 3731 οἰκείῳ
568 3623 793 3727 πλατύτερον
810 3625 957 3726 ε’ροῦμεν
975 3627 1098 3729 καιρῷ.

130 3866 154 3903 2.
174 3849 287 3919 ἐπιζητεῖ
299 3849 332 3905 Β.
346 3852 415 3919 ζητεῖ
428 3849 479 3906 Ed.
523 3848 622 3922 Malu]
636 3850 725 3918 δει(.ε
739 3850 782 3920 δὴ)
797 3850 829 3904 Β.
875 3850 953 3907 αὐτοῦ
965 3859 992 3905 et
1004 3853 1072 3904 θεοῦ
1082 3849 1152 3904 inter
1164 3866 1193 3903 ue
1204 3858 1293 3903 trans·

94 3920 168 4043 fouit
182 3920 215 3980 Β.
324 3935 349 3988 5.
366 3923 487 3988 πρόεισιν
501 3920 533 3975 Β.
639 3920 664 3975 6.
683 3921 772 3991 ε’νρςο
785 3919 824 3981 ἐπ’
838 3920 871 3980 Β.
975 3936 1015 3975 10.
1033 3920 1106 3991 ἀρκεῖ
1118 3917 1175 3991 σοι]
1188 3918 1294 3989 ἀρκέσει

111 3990 213 4049 ‚Cord.
262 3989 315 4044 οὐδ’
330 3991 353 4047 Ι.
366 3991 448 4047 Cord.
497 3991 643 4063 κατορθώσι
657 3990 876 4062 (εκοτορθώση)
891 3991 924 4046 Β.
1006 4003 1046 4061 17.
1065 3994 1112 4045 τοῦ
1124 3999 1294 4060 assumptum

93 4079 125 4114 ex
141 4061 223 4114 B.1.a,
238 4060 320 4115 Cord.
430 4079 441 4116 1
465 4103 471 4116 .
490 4062 550 4130 περὶ
562 4063 653 4116 ἑαυτοῦ
665 4080 719 4115 om.
734 4061 766 4115 B.
780 4061 880 4116 hubent
893 4060 915 4115 1.
928 4060 999 4117 catt.
1108 4078 1151 4116 21.
1168 4063 1248 4116 πάλιν
1262 4060 1294 4115 Β.

94 4131 246 4187 faventibus
262 4132 282 4186 1.
298 4131 368 4186 catt.
381 4154 431 4186 που
489 4173 495 4185 .
533 4131 629 4185 Statim
641 4134 725 4202 φησιν
737 4149 791 4185 om.
807 4131 839 4184 B.
851 4132 941 4185 invitis
955 4131 1071 4185 Catenis.
1144 4144 1241 4217 23—25.
1254 4130 1294 4184 ὅτι

94 4202 122 4254 δι’
135 4201 350 4327 πάντωὲἑπάντος
364 4227 387 4246 =
399 4205 500 4259 πάντως
509 4200 742 4290 Θοδ,]ε’κ-καιρη’ν
754 4201 785 4255 Β.
795 4202 854 4272 περὶ
866 4199 898 4256 οδ
910 4202 937 4255 εἰι
948 4201 1032 4274 οἰκείῳ
1044 4204 1123 4273 καιρῷ
1135 4205 1296 4272 πλοτυτεροιι

95 4272 203 4343 ε’ροῦμεν
260 4275 338 4342 ,περὶ
350 4273 380 4334 οὗ
393 4273 472 4329 habet
484 4290 591 4349 quoque
604 4272 640 4334 D.
654 4273 685 4328 οὐ
696 4294 746 4344 γρ.
759 4273 790 4325 τὸ
801 4273 860 4339 περὶ
872 4271 903 4326 οῦ
916 4272 942 4326 D
955 4290 1010 4343 mg.
