3038 5018
241 286 308 352 540
545 287 584 353 B.
608 286 816 352 CYRILLI
845 285 1134 352 ALEXANDR.
1335 279 1449 364 vi.57.

242 456 387 558 σοφοῦν
403 448 608 552 δυνοίμενον,
627 452 669 532 ού
693 450 735 533 τὸ
760 459 972 560 σοφοῦσθοιι
995 451 1167 562 πεφυκὸς.
1207 452 1339 532 οὐκοῦν
1358 448 1447 528 καθ’

241 576 337 673 ὑμᾶς
361 576 594 680 διαφεύσεται
618 575 725 677 μένὴ
750 577 912 678 ἀλήθεια,
931 581 990 658 καὶ
1013 578 1078 658 οῦκ
1101 574 1300 677 ἀληθεύσει
1323 571 1449 674 λέγων

243 697 446 802 ὸΧριστός
464 699 563 802 Ἐγώ
582 704 652 800 εἶμι
676 701 698 800 ἡ
725 699 807 803 ζωή.
845 698 1118 809 φευδομυθῆσει
1143 699 1182 781 δέ
1205 697 1321 779 πάλιν
1341 698 1405 777 καὶ
1428 694 1449 773 6

243 820 412 925 λαμπρὸς
429 830 503 903 τῶν
520 822 633 926 ἁγίων
650 823 768 930 χορὸς,
786 822 869 910 τοῦς
894 824 953 906 διὸ
976 834 1041 907 τοῦ
1060 823 1272 925 Πνεύματος
1296 817 1447 925 ἐρευγύ·

243 979 349 1042 μενος
376 944 520 1050 λόγους,
548 950 607 1029 καὶ
635 946 728 1052 ζωὴν
754 951 953 1031 ἀποκαλῶν
978 947 1043 1031 τὸν
1071 951 1274 1052 Μονογενῆ.
1323 947 1348 1025 6
1381 942 1481 1045 μένὸ

209 1068 316 1173 ογὸρ
353 1077 447 1154 θεῖος
483 1070 567 1172 ἡμῖν
598 1068 803 1180 ψαλμιρδὸς
839 1075 888 1158 ὡς
924 1069 1016 1176 πρὸς
1047 1070 1113 1153 τὸν
1141 1072 1289 1174 Πατέρα
1321 1070 1450 1171 λέγων

244 1196 441 1298 εὑρίσκεται
468 1193 592 1276 “’Ότι
618 1193 719 1298 παρὸ
746 1198 808 1276 σοὶ
835 1196 937 1299 πηγῆ
964 1193 1088 1300 ζωῆς·”
1127 1198 1149 1278 6
1174 1192 1213 1275 δέ
1239 1193 1449 1295 θαυμάσιος

245 1316 523 1422 Εύαγγελιστῆς
539 1317 708 1420 Ἰωάννης
735 1322 774 1399 ἐν
798 1322 937 1406 οἰκείαις
965 1324 1176 1404 ἐπιστολαῖς
1202 1321 1297 1400 οὕτω
1326 1317 1450 1425 φησίν

74 1440 199 1572 gfff
243 1451 267 1490 ‘⁴
278 1437 333 1521 Ὃ
351 1439 396 1541 ἦν
418 1440 479 1523 ἀπ’
499 1444 623 1547 ἀρχῆς,
643 1441 663 1525 δ
689 1441 941 1543 ἆκηκύαμεν,ὸ
966 1444 1170 1551 ἑωράκαμεν
1189 1450 1266 1528 τοῖς
1291 1445 1447 1548 ὀφθαλ-

244 1576 266 1614 “
283 1574 364 1665 μοῖς
382 1567 493 1667 ἡμῶν,
508 1563 528 1646 δ
546 1565 771 1667 ἐθεασάμεθα
791 1569 849 1647 καὶ
867 1574 904 1649 αἱ
920 1576 1033 1673 χεῖρες
1052 1570 1154 1669 ἡμῶν
1171 1565 1446 1676 ἐψηλάφησαν,
1463 1590 1501 1634 ¹0

242 1699 266 1739 “
283 1694 365 1793 περὶ
382 1698 446 1771 τοῦ
465 1688 579 1793 λόγου
597 1694 661 1790 τῆς
679 1690 783 1794 ζωῆς·
811 1694 868 1772 καὶ
887 1691 909 1791 ἡ
928 1688 999 1797 ζωὴ
1017 1692 1234 1800 ἐφανερώθη,
1249 1692 1308 1772 καὶ
1326 1690 1444 1792 ἑωρά-

243 1823 265 1862 “
284 1847 407 1913 καμεν,
428 1815 486 1893 καὶ
509 1822 768 1918 μαρτυροῦμεν,
788 1817 846 1896 καὶ
865 1812 1149 1919 ἁπαγγέλλομεν
1166 1817 1248 1914 ὑμῖν
1266 1811 1334 1913 τῆν
1353 1812 1448 1917 ζωῆν

243 1945 266 1985 “
282 1932 349 2035 τῆν
378 1938 530 2036 αίιύνιον,
558 1939 635 2038 ἥτις
667 1935 712 2037 ἦν
740 1938 833 2042 πρὸς
863 1938 928 2020 τὸν
956 1937 1114 2044 Πατέρα,
1142 1941 1201 2020 καὶ
1232 1937 1447 2045 ἐφανερώθη

212 2071 266 2133 ο“
283 2061 401 2161 ἡμῖν.”
451 2063 538 2169 ὁρᾷς
573 2060 797 2163 ἀληθεύοντα
833 2062 897 2145 τὸν
933 2059 1150 2172 φαλμρδὸν,
1187 2064 1246 2142 καὶ
1281 2058 1343 2141 διὸι
1378 2063 1446 2159 τῆς

242 2182 410 2266 Ἰωάννου
436 2189 569 2293 φωνῆς,
589 2184 648 2266 ὅτε
670 2188 766 2290 φησὶ
783 2186 874 2291 πρὸς
892 2186 957 2267 τὸν
972 2194 1046 2267 τῶν
1064 2185 1161 2268 ὅλων
1180 2183 1328 2289 Πατέρα
1346 2182 1446 2265 Θεύν
1463 2207 1499 2267 15

243 2306 367 2389 ““Orc
391 2308 490 2412 παρὸ
515 2312 578 2388 σοὶ
603 2308 702 2412 πηγῆ
725 2310 815 2414 ζωῆς
827 2312 862 2408 ;”
892 2307 938 2408 ἦν
954 2309 1028 2413 γὰρ
1054 2315 1112 2392 καὶ
1136 2310 1216 2390 &m
1239 2309 1325 2411 παρ’
1345 2309 1448 2417 αὐτῷ

242 2430 343 2534 πηγὴ
367 2432 457 2532 ζωῆς
480 2435 500 2512 6
519 2433 619 2517 Υἱός·
651 2431 705 2513 ὅτι
732 2432 804 2536 γάρ
831 2441 947 2540 φησιν
965 2438 1047 2538 περὶ
1064 2435 1174 2514 αὐτοῦ
1190 2431 1237 2514 τὸ
1253 2439 1405 2514 τοιαῦτα
1424 2435 1447 2514 6

243 2555 551 2664 πνευματοφόρος,
572 2554 631 2636 διὰ
651 2563 724 2637 τῶν
741 2559 852 2638 αὐτοῦ
869 2558 982 2640 πάλιν
999 2557 1278 2665 πληροφορήσει
1300 2554 1443 2658 λόγων·

72 2698 113 2751 lb·
122 2715 145 2752 v·
155 2713 196 2752 νο.
244 2677 452 2760 ἐπιστέλλει
478 2679 550 2782 γὰρ
575 2681 686 2764 οὕτως
705 2691 726 2729 “
742 2684 813 2761 Καὶ
842 2682 985 2781 οἴδαμεν
1010 2680 1065 2762 ὅτι
1093 2684 1113 2762 6
1138 2681 1226 2765 Υἱὸς
1252 2687 1317 2761 τοῦ
1345 2684 1446 2760 Θεοῦ

244 2813 266 2852 “
284 2804 370 2903 ἥκει,
389 2807 447 2883 καὶ
474 2802 601 2884 ἔδωκεν
622 2803 706 2903 ἡμῖν
730 2803 887 2887 διάνοιαν
911 2805 969 2885 ἵνα
997 2805 1230 2909 γινύσκωμεν
1250 2800 1316 2884 τὸν
1343 2806 1441 2905 ἀλη-
1460 2832 1499 2875 20

243 2937 266 2977 ‘⁶
284 2928 393 3026 θινὸν,
412 2931 472 3008 καὶ
496 2927 606 3026 ἐσμέν
631 2929 669 3006 ἐν
691 2934 743 3036 τῷ
767 2930 938 3037 ἀληθινῷ,
955 2932 994 3009 ἐν
1015 2935 1066 3038 τῷ
1084 2932 1162 3037 Υίῷ
1186 2931 1296 3008 αὐτοῦ
1313 2927 1447 3027 Ἰησοῦ

244 3061 266 3099 “
283 3058 448 3161 Χριστῷ·
492 3049 595 3136 οὗτός
629 3053 729 3131 ἐστιν
761 3052 782 3130 6
819 3050 989 3153 ἀληθινὸς
1022 3052 1114 3137 Θεὸς
1151 3054 1210 3133 λαὶ
1246 3051 1270 3152 ῆ
1307 3048 1381 3153 ζωὴ
1420 3053 1447 3152 r}

209 3186 266 3258 d“
285 3176 453 3261 αἰωνιος.”
491 3172 566 3255 εἶτα
593 3173 646 3259 τίς
674 3174 752 3256 είπέ
773 3209 835 3274 μοι
862 3176 992 3256 λοιπὸν
1013 3179 1077 3276 τῆς
1102 3183 1175 3256 τῶν
1196 3173 1449 3281 ἐτεροφρύνων

242 3302 423 3404 τερθρείας
440 3299 624 3407 ἀνέξεται;
656 3295 680 3398 ἢ
703 3301 756 3383 τίς
780 3303 845 3398 τῆς
870 3301 1011 3381 ἐκείνων
1029 3301 1246 3396 δυσσεβείας
1264 3299 1306 3378 οῦ
1324 3331 1446 3378 κατα·

242 3423 372 3523 βοήσει
409 3423 561 3521 δικαίως,
594 3422 684 3522 ζωῆς
714 3427 779 3521 τῆς
813 3423 898 3526 παρ’
936 3423 1057 3526 ἐτέρου
1093 3423 1247 3528 με’τοχον
1280 3423 1448 3502 ἀποτολ-
1461 3448 1501 3512 ²5

241 3546 393 3646 μύντων
415 3551 525 3626 εἰπεῖν
547 3542 611 3625 τὸν
628 3542 729 3643 Υίὸν,
752 3546 865 3625 καίτοι
890 3549 955 3647 τῆς
979 3547 1083 3648 ἁγίας
1110 3548 1169 3625 καὶ
1196 3544 1448 3628 θεοπνεύστου

241 3675 389 3777 γραφῆς
412 3667 514 3750 οῦδὲν
531 3668 596 3768 μὲν
614 3676 775 3749 τοιοῦτον
793 3668 975 3770 λεγούσης
999 3671 1080 3773 περὶ
1107 3670 1227 3769 αὐτοῦ,
1246 3668 1448 3772 διαῤῥῆδην

241 3793 281 3875 δέ
305 3802 449 3894 μᾶλλον
467 3792 626 3893 βούσης,
646 3791 701 3872 ὅτι
725 3797 783 3873 καὶ
803 3791 896 3877 Θεὸς
917 3792 970 3893 ε’ίη
995 3792 1087 3874 κατὸ
1114 3792 1241 3899 φύσιν,
1258 3795 1317 3872 καὶ
1342 3795 1442 3893 ἀλη-

241 3916 350 4015 θινὸς,
368 3921 427 3999 καὶ
451 3915 552 4018 πηγὴ
577 3916 676 4019 ζωῆς,
695 3919 755 3995 καὶ
778 3915 848 4018 ζωὴ
871 3914 985 3997 πάλιν
1003 3916 1168 4015 αἰώνιος,
1199 3923 1277 4000 πῶς
1298 3914 1372 4020 γὸρ
1396 3914 1447 3997 ἂν

242 4049 359 4121 νοοῖτο
393 4040 487 4125 Θεὸς
522 4038 694 4144 ὑπάρχειν
726 4039 897 4138 ἀληθινὸς
930 4042 951 4121 6
984 4041 1074 4144 ζωῆς
1107 4044 1172 4141 τῆς
1202 4041 1287 4144 παρ’
1319 4039 1499 4144 ἐτέρου3ο

75 1189 119 1242 Ρι.

74 1271 153 1308 mv.
166 1267 205 1308 ιο.

280 4244 305 4283 2.
324 4225 443 4292 ἀληθεύει
458 4225 489 4278 Β.
564 4237 605 4294 17.
624 4226 693 4294 φησι
706 4233 767 4294 post
779 4228 884 4279 τοιαῦτα
896 4233 929 4280 tr.
943 4224 995 4280 Ed.
1008 4225 1092 4280 invito
1105 4225 1139 4282 B.
1221 4242 1263 4281 20.
1282 4225 1394 4280 δέδοικεν
1408 4225 1444 4283 Β.

241 4297 277 4351 cf.
292 4298 334 4350 De
348 4297 381 4349 R.
395 4296 458 4350 Flde
470 4294 504 4349 ad
518 4294 633 4386 Reginus
647 4307 679 4365 77
690 4294 716 4358 d,
730 4294 778 4349 sed
790 4295 841 4350 hoc
852 4297 911 4350 loco
922 4294 1085 4351 commelini
1097 4296 1140 4351 ed.
1153 4315 1180 4366 p.
1188 4310 1223 4368 45
1231 4315 1253 4352 ι.
1262 4296 1308 4350 fin.
1320 4313 1336 4350 e
1348 4295 1446 4352 codiee

242 4378 273 4421 ut
286 4375 357 4436 patet
369 4367 454 4421 bonae
466 4375 544 4420 notae
555 4366 649 4421 εδωκεν
660 4364 774 4420 exhibet.
894 4382 936 4421 21.
955 4366 983 4421 ἐν
994 4370 1030 4439 τῷ
1042 4369 1068 4422 υί
1076 4370 1087 4383 ”
1101 4366 1193 4439 αὐτοῦ]
1205 4368 1285 4422 αὐτοῦ
1296 4368 1321 4421 υί
1330 4370 1342 4384 ”
1357 4365 1391 4421 Β.
1405 4367 1445 4423 cf.

242 4438 312 4491 infra
324 4435 583 4507 850ea'fischend.
597 4436 641 4491 cit.
750 4452 793 4491 ιο.
812 4435 972 4508 ὁᾶληθινὸς]
990 4444 1018 4500 ÷
1033 4440 1048 4491 ὁ
1062 4390 1096 4493 6.
1198 4454 1241 4506 ιη,
1258 4436 1321 4494 ἄνθε’
1407 4437 1444 4495 Β.

242 4523 286 4580 25.
307 4505 384 4579 ζωῆς]
398 4507 439 4562 καὶ
453 4508 517 4575 ζωῆς
530 4506 562 4561 Β.
670 4522 714 4577 30.
733 4507 858 4578 ὑπάρχειν
869 4516 1039 4580 assumptum
1051 4526 1084 4564 ex
1097 4508 1131 4564 B.
