3038 5018
223 285 288 347 τοι
529 285 567 348 υ.
592 282 803 348 cmm
833 282 1122 348 ALEXANDR.
1264 285 1429 371 v.37‚38.

229 447 247 476 U
368 450 377 474 l
453 448 463 475 Ι
614 447 623 472 Ι
724 449 734 476 Ι
775 448 784 472 2
835 450 844 473 ἱ
895 446 909 478 ᾇ
962 451 971 474 2
1051 450 1061 472 Ι
1188 447 1197 470 λ
1327 448 1337 474 Ι

223 482 338 550 εργων
355 482 531 548 ατονησαι
550 455 667 542 Θεος;
696 483 730 528 τι
749 452 771 525 δ
805 483 869 527 ουκ
888 483 932 526 αν
952 447 1112 554 εξανυση
1131 455 1224 532 Θεος
1249 456 1427 547 θελησας,

223 575 281 650 καί
307 573 392 651 λίαν
415 570 594 667 εῦκόλως;
632 571 754 652 ἐλάλει
780 579 971 673 τοιγαροῦν
990 573 1010 650 ὁ
1030 576 1245 672 Μωυσῇς,ὁ
1272 571 1311 652 δέ
1334 573 1431 656 Θεὸς

224 697 438 798 ἀπεκρίνατο
456 697 553 803 αὐτῷ
570 702 686 804 φωνῇ.
727 700 786 776 καί
803 698 824 774 ὁ
840 693 904 794 μέν
922 695 1034 780 τῦπος
1052 700 1089 775 ἐν
1108 697 1258 781 τοῦτοις·
1298 699 1431 793 ἴδωμεν

224 817 264 898 δὲ
287 815 354 917 τήν
371 819 552 920 ἀλήθειαν.
592 821 683 926 ε”χεις
706 828 896 923 τοιγαροῦν
913 822 951 898 ἐν
969 821 1191 922 εὐαγγελίοις
1215 829 1289 905 τοῖς
1314 824 1431 925 ἁγίοις

56 941 157 1058 {2¹33-
225 952 410 1023 λαλοῦντα
445 941 509 1024 τόν
539 943 675 1046 Κύριον
705 955 728 991 “
745 943 878 1045 Πάτερ,
908 940 1070 1050 δόξασόν
1102 979 1174 1024 σου
1205 945 1270 1025 τὸν
1297 944 1467 1042 Υἰὸν,”5

57 1089 124 1144 250
135 1088 175 1142 Α
196 1064 503 1167 υάποκρινόμενον
521 1067 560 1147 δὲ
578 1067 636 1147 διὰ
655 1072 777 1174 φανῇς
800 1066 864 1146 τὸν
885 1068 1032 1170 Πατέρα
1050 1079 1073 1114 “
1087 1073 1158 1147 Καί
1183 1068 1343 1177 ἐδόξασα
1369 1076 1431 1149 καί

225 1198 248 1236 “
265 1186 379 1271 πάλιν
411 1188 595 1298 δοξάσω.”
645 1194 709 1272 οῦκ
741 1188 827 1269 εἰναι
859 1189 898 1269 δέ
930 1190 996 1292 τήν
1027 1191 1153 1296 φωνήν
1186 1196 1331 1293 άληθῶς
1364 1203 1432 1274 τοῦ

224 1319 321 1394 Θεοῦ
346 1323 404 1394 καί
432 1314 577 1419 Πατρός
603 1319 623 1396 ὁ
651 1314 778 1417 Σωτὴρ
803 1315 944 1421 ἔδειξεν,
966 1316 1075 1396 εἰπὼν
1097 1325 1171 1399 τοῖς
1195 1315 1238 1396 τὸ
1263 1318 1433 1417 τηνικάδε

56 1462 96 1512 lb.
110 1475 149 1526 ιο.
222 1447 402 1540 παροῦσιν
421 1453 441 1487 “
456 1442 515 1520 Οιί
534 1441 577 1518 δι’
597 1439 657 1540 ε’μέ
676 1442 698 1540 ή
716 1436 819 1546 φωνή
838 1442 928 1539 αῦτη
947 1441 1105 1542 γέγονεν,
1121 1438 1223 1520 οἰλλιί
1242 1441 1285 1521 δι’
1305 1443 1431 1539 ῦμᾶς·”

223 1562 310 1668 δρᾷς
328 1562 425 1646 ὅπως
450 1569 667 1666 γεγενῆσθαι
690 1570 821 1669 σαφοῦς
845 1565 1096 1667 διισχυρίσατο
1114 1562 1180 1663 τὴν
1199 1563 1334 1671 φωνήν,
1353 1568 1432 1646 ἐπεὶ
1451 1599 1489 1641 ιο

206 1685 274 1785 μή
293 1694 338 1792 τῇ
358 1686 418 1766 διά
439 1689 575 1768 κτῦπου
600 1691 798 1794 κεχρῆσθαι
824 1694 929 1793 φωνῇ
956 1685 1021 1786 τήν
1038 1689 1138 1768 θείαν
1156 1689 1295 1768 οἴεσθαι
1313 1691 1434 1797 φύσιν

223 1809 435 1909 ἀκόλουθον,
458 1811 525 1892 κάν
549 1820 626 1897 ταῖς
654 1812 836 1914 ἡμετέραις
863 1812 1176 1916 συσχηματίζηται
1204 1817 1350 1919 χρείαις,
1371 1823 1433 1895 καὶ

224 1940 324 2040 λαλῇ
348 1936 431 2014 καθ’
452 1937 544 2035 ἡμᾶς
568 1942 806 2035 οἰκονομικῶς.

280 2064 406 2139 Ταῦτα
423 2057 537 2140 πάλιν
555 2061 638 2159 ἡμῖν
656 2060 858 2161 ἀναγκαίως
876 2059 1110 2161 εἰσεκομίσθη
1127 2060 1218 2160 πρὸς
1244 2061 1287 2142 τὸ
1309 2063 1434 2166 παρὸν

190 2186 275 2287 1)τῷ
307 2180 408 2290 λόγῳ
438 2181 485 2263 τοί
515 2182 741 2284 θεωρήματά
781 2187 910 2288 χρῇναι
939 2183 982 2283 δή
1010 2183 1153 2268 πάντως
1180 2184 1432 2288 ἐλογισάμεθα
1450 2221 1488 2282 ¹5

223 2312 298 2389 τοῖς
325 2307 584 2414 ἐντευξομένοις
611 2308 834 2406 ἀληθεύοντα
862 2308 1056 2412 φαίνεσθαι
1083 2306 1148 2388 τόν
1165 2311 1321 2407 Ἰησοῦν,
1340 2311 1434 2391 ὅταν

223 2432 429 2532 εὑρίσκηται
448 2431 566 2533 λέγων
581 2429 672 2534 πρὸς
690 2430 880 2514 Ἰουδαίους
907 2435 989 2533 περὶ
1014 2440 1078 2512 τοῦ
1104 2431 1191 2512 ἰδίου
1215 2434 1433 2537 γεννήτορος

223 2553 313 2634 Οὔτε
332 2553 437 2660 φωνήν
456 2557 555 2634 αὐτοῦ
573 2555 715 2635 πάποτε
733 2557 907 2646 ἀκηκόατε
927 2554 995 2636 τότε
1014 2551 1098 2642 εἶδος
1118 2560 1217 2636 αὑτοῦ
1240 2558 1429 2662 ἑωράκατε,

226 2681 284 2757 καί
304 2682 356 2758 τίι
374 2679 477 2781 λόγον
495 2681 595 2759 αὐτοῦ
613 2683 672 2759 οῦκ
690 2679 785 2775 ἔχετε
805 2681 834 2759 ἓν
853 2683 927 2784 ὑμῖν
946 2679 1085 2785 μένοντα
1106 2682 1154 2759 ’ότι
1177 2682 1432 2763 διαπέστειλεν

223 2803 353 2899 ἐκεῖνος,
371 2802 474 2913 τοίπερ
493 2808 587 2907 ὑμεῖς
614 2808 648 2882 οῦ
670 2801 855 2883 πιστεύετε.
897 2802 951 2882 ὅτι
977 2804 1015 2883 δέ
1041 2802 1154 2883 πάλιν
1176 2810 1209 2883 οἰ
1234 2810 1433 2906 Φαρισαῖοι
1447 2842 1488 2882 20

222 2923 314 3028 πρὸς
331 2928 501 3011 ἐκτόπους
519 2925 725 3028 ἀλαζονείας
744 2927 1034 3033 οἰναφυσώμενοι,
1054 2927 1117 3006 τὸν
1137 2935 1231 3007 θεῖον
1250 2926 1338 3009 εἶναι
1356 2929 1432 3012 σῦν

193 3050 342 3135 οαῦτοῖς
360 3085 399 3131 τε
417 3055 476 3132 καί
494 3053 532 3130 ἐν
551 3053 668 3134 αῦτοῖς
688 3049 910 3131 ἐπλάττοντο
929 3050 1053 3153 λόγον,
1074 3050 1132 3130 διά
1150 3085 1189 3129 τε
1211 3061 1318 3131 τοῦτο
1336 3053 1433 3156 πρὸς

223 3171 450 3279 άξιάγαστον
476 3175 608 3254 ἐλάσαι
635 3176 774 3281 σοφίαν
802 3173 959 3274 ἀνοήτως
989 3175 1257 3278 διισχυρίζοντο,
1285 3211 1429 3280 μαρτυ·

225 3296 331 3396 ρήσει
366 3301 425 3378 καὶ
457 3298 544 3378 αῦτδ
576 3298 619 3377 τὸ
656 3304 814 3395 Πνεῦμα,
844 3304 1010 3398 Χριστοῦ
1047 3300 1105 3377 διὰ
1140 3308 1205 3379 τοῦ
1236 3301 1433 3406 προφήτου

224 3420 395 3521 λέγοντος
409 3421 578 3521 Ἱερεμίου
595 3419 685 3523 πρὸς
703 3420 831 3506 αὐτοῦς
846 3434 866 3467 “
881 3427 967 3505 Πῶς
986 3426 1091 3524 ἐρεῖτε
1111 3422 1165 3501 ὅτι
1186 3427 1302 3529 σοφοί
1318 3427 1433 3522 ἐσμεν
1450 3451 1490 3517 25

224 3554 246 3591 ‘⁴
264 3545 376 3643 ἡμεῖς,
402 3549 460 3623 καί
488 3546 508 3624 ὁ
537 3543 650 3647 λόγος
674 3547 811 3646 Κυρίου
839 3544 920 3643 μεθ’
947 3546 1047 3643 ἡμῶν
1075 3549 1199 3642 ἐστίν;
1231 3554 1280 3631 εἰς
1308 3547 1434 3648 μάτην

224 3679 245 3716 “
262 3666 412 3769 ἐγενήθη
440 3676 589 3773 σχοῖνος
616 3666 753 3773 ψευδής
780 3676 1063 3771 γραμματεῦσιν,
1092 3668 1333 3773 ᾐσχύνθησαν
1362 3707 1433 3753 σο-

221 3800 245 3838 “
262 3796 337 3898 φοί,
362 3793 592 3893 ἐπτοήθησαν
614 3795 671 3871 καί
697 3791 877 3887 ἑάλωσαν,
896 3794 1013 3896 σοφία
1032 3794 1086 3877 τίς
1104 3797 1206 3872 ἐστιν
1224 3799 1261 3872 ἐν
1279 3797 1429 3894 αῦτοῖς;

221 3927 244 3963 “
263 3915 317 3995 ὅτι
336 3914 399 3996 τόν
418 3915 531 4017 λόγον
551 3917 687 4017 Κυρίου
706 3916 1013 4013 άπεδοκίμασαν.”
1043 3923 1121 4001 πῶς
1139 3918 1212 4019 γάρ
1230 3918 1294 3999 τὸν
1312 3917 1434 4021 ζῶντα

51 3417 125 3467 Hier.

51 3483 104 3532 viii.
116 3483 140 3543 8,
151 3499 175 3548 9.

221 4043 280 4118 καί
318 4038 563 4120 ἐνυπόστατον
602 4049 665 4117 τοῦ
692 4044 800 4120 ’Θεοῦ
834 4038 957 4140 Λόγον
994 4042 1325 4138 ἀποδοκιμάσαντες
1362 4048 1435 4151 οῦχ
1450 4076 1492 4132 30

260 4259 282 4295 1.
303 4245 368 4299 θεὸς
381 4244 426 4298 alt.
438 4255 607 4314 assumptum
620 4262 652 4297 ex
667 4242 699 4298 B.
830 4263 856 4308 4.
875 4243 1035 4311 εὐαγγελίοις
1047 4246 1101 4298 τοῖς
1113 4243 1196 4312 ιίγίοις
1211 4246 1242 4299 Β.
1254 4245 1338 4316 ἁγίοις
1351 4249 1434 4318 εὐαγ-

220 4314 319 4383 γελίοις
333 4313 384 4367 Ed.
457 4313 483 4368 6.
501 4313 543 4367 διὰ
555 4317 643 4384 φωνῆς
655 4332 709 4369 om.
724 4312 755 4367 B.
834 4328 858 4383 7.
878 4310 996 4383 δοξάσω]
1014 4320 1042 4376 -1-
1058 4310 1120 4381 αῦτη
1134 4315 1162 4368 δέ
1176 4315 1190 4384 ή
1203 4317 1267 4385 δόξα
1280 4317 1322 4370 διὰ
1337 4320 1435 4387 φωνῆς

219 4383 326 4496 *Qum
341 4384 371 4438 B.
413 4454 421 4471 Ι
455 4401 496 4438 10.
515 4386 660 4465 φησίνρῐο
673 4390 767 4469 σαφῶς
783 4384 812 4437 Β.
861 4384 900 4435 ἐτι
914 4401 961 4469 ρζο
974 4385 1029 4437 ἐπεὶ
1043 4383 1074 4438 Β.
1118 4457 1123 4465 ι
1158 4403 1199 4456 15.
1217 4387 1248 4453 δή
1263 4386 1295 4440 Β.
1309 4389 1362 4458 γὰρ
1378 4390 1433 4445 Ed.

222 4468 235 4496 Ι
282 4454 473 4522 ἐπευξαμενοις
487 4455 588 4523 Mlgne.
670 4472 712 4520 25.
731 4457 854 4524 λεγοντος
869 4451 899 4505 Β.
913 4456 992 4522 λεγον
1007 4454 1215 4510 Ed.“d1oens”
1229 4459 1329 4529 Georg.
1344 4459 1433 4531 Trap.

319 4535 479 4594 *sumptum
493 4542 524 4577 ex
541 4525 571 4576 Β.
