3038 5018
245 289 310 352 366
547 291 586 355 B.
610 291 821 357 CYRILLI
851 292 1139 358 ALEXANDR.
1346 317 1377 356 v.
1390 313 1448 379 35.

246 459 328 558 φεῖν
353 455 603 558 ἐπιτρεπωμεν·
633 455 921 542 ἀναπετάσαντες
949 455 1020 561 γὰρ
1049 454 1209 560 καθάπερ
1238 459 1355 538 ῖστίον
1382 462 1448 556 τῆς

245 578 399 662 διανοίας
424 577 467 657 τὸ
492 577 641 678 πλάτος,
670 584 728 661 καί
755 579 821 682 τὴν
848 591 912 661 τοῦ
942 579 1151 681 Πνεύματος
1179 580 1284 686 χάριν
1311 583 1443 683 ε’γκολ·

244 699 415 801 πούμενοι
451 702 611 808 καθάπερ
648 707 687 785 ἐκ
722 704 885 809 πρύμνης
919 706 1041 807 οὐρίαν
1078 703 1181 811 ἠχὴν,
1211 712 1259 789 είς
1295 706 1448 801 βαθείαν

77 805 120 922 fg]
134 805 197 856 '‘¹¹¹''
245 827 464 930 ε’κτρέχωμεν
490 826 649 931 ζήτησιν.
690 826 852 930 Χριστὸς
875 827 947 932 γάρ
971 831 1072 910 ἐστιν
1090 830 1144 909 “ὁ
1173 826 1289 914 διδούς
1317 832 1355 909 ἐν
1373 836 1442 910 θα·

78 960 191 1017 248Α·
216 960 269 1016 ⁸⁶⁶
287 948 416 1058 λοῖσση
444 949 529 1033 ὁδὸν
556 956 615 1033 καί
642 954 680 1033 ἐν
708 955 809 1033 ὐδατι
838 952 999 1055 τρίβον.”
1038 952 1215 1061 κατίληξε
1236 952 1303 1052 μὲν
1320 954 1384 1035 οὖν
1401 951 1482 1036 τῦ5

76 1080 181 1214 {2334
247 1074 408 1179 δεύτερον
426 1075 511 1176 ἡμῖν
527 1079 686 1176 βιβλίον,
704 1077 742 1157 ε’ν
768 1083 819 1185 τῷ
837 1086 859 1124 “
876 1074 976 1179 Ἐγῖο
1001 1074 1040 1157 δὲ
1064 1077 1106 1157 οὐ
1129 1074 1229 1180 παρὰ
1253 1077 1447 1181 ἀνθρώπου

246 1207 269 1246 “
286 1196 353 1298 τὴν
384 1201 582 1303 μαρτυρίαν
612 1198 804 1299 λαμβάνω,
838 1198 939 1280 ἀλλὰ
970 1209 1083 1281 ταῦτα
1120 1201 1217 1304 λε’γω
1253 1200 1311 1281 ἵνα
1347 1202 1448 1300 ὑμεῖς

245 1331 268 1370 “
286 1324 459 1424 σωθῆτε.”
500 1323 694 1431 ἀρξώμεθα
730 1322 768 1404 δὲ
804 1332 868 1406 τοῦ
901 1326 1032 1427 τρίτου,
1065 1322 1260 1430 στοιχηδὸν
1293 1328 1442 1406 ἐπισνν·

245 1445 416 1532 άπτοντες
445 1445 491 1528 τά
518 1447 650 1555 ἐφεξῆς
679 1447 725 1527 τὰ
753 1451 834 1551 περί
862 1456 926 1529 τοῦ
956 1449 1059 1551 ἁγίου
1087 1456 1294 1546 βαπτιστοῦ
1317 1447 1448 1551 λε’γον-

244 1604 306 1656 τος
323 1580 387 1652 τοῦ
404 1577 581 1674 Χριστοῦ·
1466 1601 1506 1644 10

192 1802 390 1882 35Ἐκεῖνοο
409 1802 448 1873 ιἰν
466 1809 484 1876 ὁ
503 1810 618 1895 λύχνος
636 1808 655 1875 ὁ
675 1807 847 1884 καιόμενοι
867 1808 920 1872 καί
938 1806 1077 1895 φαίνων,
1096 1803 1187 1884 ὑμεῖς
1206 1805 1242 1874 δὲ
1262 1806 1448 1875 ίιθελίιοατε

210 2016 231 2079 b
444 1933 682 2008 ἀταλλιαθιῖναι
703 1932 786 2021 πρὸς
804 1935 896 2022 ὥραν
914 1957 949 1998 εν
967 1935 1015 2018 τῷ
1033 1930 1120 2020 φωτί
1139 1932 1245 1999 αὐτοῦ.

299 2115 423 2224 Λύχνῳ
447 2113 646 2219 παρεικάζει
673 2111 737 2194 τὸν
760 2111 864 2217 ἅγιον
886 2110 1106 2211 βαπτιστὴν,
1124 2109 1186 2191 ἅτε
1214 2110 1258 2211 δὴ
1283 2110 1375 2192 κατὰ
1402 2110 1449 2193 τὸ

242 2247 430 2342 προσεῖναι
457 2235 616 2347 πεφυκὸς
644 2238 821 2345 ἀνθρώπῳ
851 2236 981 2339 με’τρον
1007 2233 1352 2343 προαναλοίμψαντα
1379 2235 1450 2336 μὲν

243 2367 306 2463 τῆς
333 2365 533 2467 παρουσίας
561 2362 680 2459 αὐτοῦ,
699 2359 799 2461 πλὴν
825 2362 889 2440 οὐκ
916 2361 992 2468 ίδίιρ
1020 2359 1238 2465 κεχρημένον
1264 2360 1371 2467 φωτί·
1402 2361 1449 2439 οὐ
1467 2396 1505 2456 15

243 2485 313 2590 γὰρ
332 2486 420 2568 ’ίδιον
438 2489 476 2567 ε’ν
494 2491 545 2595 τῷ
570 2484 693 2595 λύχνιρ
715 2485 758 2564 τὸ
777 2490 866 2591 φῶς,
885 2486 970 2564 ἀλλ’
991 2482 1124 2591 ἔξωθέν
1141 2517 1181 2563 τε
1207 2486 1266 2563 καί
1289 2480 1449 2564 ἐπακτὸν

241 2615 299 2689 καί
324 2612 631 2715 προστεθειμένον·
660 2609 753 2690 οὕτω
779 2606 814 2688 δ’
834 2608 879 2688 ἂν
897 2607 982 2691 ’ίδοις
1013 2612 1071 2688 καί
1093 2610 1131 2689 ἐν
1155 2613 1229 2692 τοῖς
1247 2609 1362 2710 ἁγίοις
1380 2605 1449 2686 τὸν

240 2733 341 2836 παρὰ
372 2740 537 2838 Χριστοῦ
569 2731 761 2840 φωτισμὸν
792 2735 831 2814 ἐν
861 2731 1046 2827 πνεύματι·
1090 2732 1144 2812 διὸ
1183 2729 1227 2830 δὴ
1264 2733 1323 2811 καὶ
1359 2732 1449 2811 λίαν

240 2859 560 2959 εὐγνωμονέστατα
592 2861 655 2938 καί
684 2863 899 2965 φρονοῦντες
927 2860 985 2937 καί
1011 2854 1229 2959 πράττοντες
1261 2856 1361 2935 αὐτοὶ
1393 2857 1446 2935 δι’

72 2980 154 3051 ⁸⁰9¹·
211 2984 368 3069 οοίκείας
386 2985 610 3086 ὁμολογοῦσι
628 2985 752 3091 φωνης
771 2978 894 3062 “Ὅτι
918 2983 957 3061 ἐκ
979 2989 1045 3061 ’τοῦ
1067 2980 1310 3084 πληρώματος
1333 2980 1448 3060 αὐτοῦ
1463 3014 1503 3055 το

70 3053 87 3102 i.
106 3052 141 3105 16.

240 3117 262 3155 “
279 3108 378 3208 ἡμεῖς
400 3106 531 3192 πάντες
558 3106 769 3206 ἐλάβομεν.”
809 3111 887 3213 φῶς
914 3103 980 3204 μὲν
1003 3102 1074 3208 γάρ
1101 3107 1180 3184 ἐστι
1208 3104 1300 3184 κατὰ
1327 3104 1448 3210 φύσιν

240 3232 259 3310 ὁ
290 3231 512 3334 Μονογενὴς,
541 3228 603 3311 ἅτε
633 3228 677 3331 δὴ
706 3233 764 3311 καί
796 3232 836 3310 ἐκ
865 3229 987 3336 φωτὸς
1019 3226 1253 3334 ἀναλάμψας,
1282 3230 1347 3326 τῆς
1377 3236 1448 3309 τοῦ

240 3354 386 3457 Πατρὸς
400 3357 523 3440 οὐσίας
541 3355 647 3461 φημί
676 3354 815 3459 μετέχει
833 3352 871 3433 δὲ
888 3354 910 3453 ἡ
929 3355 1046 3436 κτίσις
1064 3353 1184 3448 αὐτοῦ,
1195 3354 1254 3431 καί
1272 3357 1346 3431 ποῖν
1359 3349 1392 3430 εί
1407 3386 1447 3432 τι

238 3476 305 3577 τὴν
322 3488 387 3559 τοῦ
415 3480 666 3582 λογικεύεσθαι
693 3480 753 3558 καί
778 3484 922 3583 φρονεῖν
939 3476 1109 3579 ἐπάγεται
1133 3474 1293 3574 δύναμιν,
1312 3481 1446 3561 σκεῦος

238 3600 364 3706 ὥσπερ
396 3605 496 3684 ἐστὶν
529 3609 577 3688 είς
613 3601 656 3682 τὸ
694 3602 869 3683 δύνασθαι
907 3602 1002 3682 θείου
1039 3606 1272 3704 πληροῦσθαι
1309 3596 1444 3705 φωτὸς,
1460 3631 1500 3692 ο5

238 3727 372 3831 ἄριστα
402 3726 650 3830 διηρτισμίνον
680 3726 749 3806 ὐπὸ
781 3735 846 3806 τοῦ
875 3725 1022 3806 πάντων
1046 3723 1302 3829 ἀριστοτέχναν
1327 3728 1441 3804 Θεοῦ.

237 3852 359 3951 λίχνος
377 3852 479 3932 οὖνὸ
502 3848 675 3954 μακάριος
702 3851 908 3950 βαπτιστὴς
936 3848 1028 3930 κατὰ
1055 3847 1119 3929 τὸν
1137 3850 1206 3950 ἤδη
1227 3849 1442 3951 προαποδο-

236 3977 344 4057 θέντα
376 3975 500 4081 λόγον.
539 3983 647 4058 τοῦτο
680 3973 718 4054 δέ
751 3973 869 4077 λε’γων
896 3976 917 4054 ὁ
944 3971 1074 4077 Σωτὴρ
1102 3978 1330 4073 οῖκονομικιῦς
1357 3970 1445 4056 τούς

274 4261 299 4300 1.
316 4247 368 4334 γὰρ
380 4262 435 4300 om.
448 4245 482 4300 B.
606 4262 632 4317 3.
651 4242 751 4316 οὐρίαν]
766 4244 885 4314 οὐρανίαν
899 4242 931 4298 Β.
1061 4256 1088 4314 5.
1107 4239 1246 4311 κοτεληξε]
1259 4240 1301 4295 καί
1313 4241 1393 4309 ε’ληξε
1408 4241 1443 4297 Β.

285 4315 341 4384 ’μιν
352 4333 407 4371 om.
422 4315 454 4371 B.
592 4334 618 4387 9.
636 4318 669 4370 τὰ
681 4317 726 4371 alt.
739 4323 907 4387 assumptum
920 4332 953 4368 ex
967 4313 1000 4368 B.
1140 4330 1181 4367 ιτ.
1200 4311 1389 4384 ἀγαλλιαθῆναι
1405 4313 1444 4369 D.

305 4404 371 4459 ”pra
383 4386 418 4453 64
431 4387 466 4456 c.)
478 4387 686 4458 ιίγαλλιασθῆνοι
699 4386 751 4442 Ed.
893 4399 934 4455 17.
952 4383 1157 4455 προστιθέμενον
1170 4384 1202 4437 B.
1250 4382 1279 4438 ἐν
1289 4384 1344 4437 τοῖς
1356 4381 1444 4453 ἁγίοις

337 4458 384 4513 τόν
395 4458 422 4511 ἐν
434 4457 516 4528 ἁγίοις
529 4456 580 4513 Ed.
698 4471 741 4526 25.
760 4454 843 4527 θείου]
856 4459 903 4510 τοῦ
918 4456 950 4511 Β.
963 4455 1011 4511 sed
1023 4455 1094 4510 θείου
1107 4455 1130 4509 Β
1143 4472 1199 4527 mg.
1319 4452 1362 4507 26.
1381 4454 1443 4524 ἄρι·

353 4548 364 4582 ι
376 4527 408 4583 B.
421 4529 456 4582 cf.
470 4545 552 4599 supra
567 4528 617 4584 186
628 4546 651 4583 ο.
