3038 5018
247 279 312 344 392
549 280 588 343 Β.
612 279 822 344 CYRILLI
853 277 1137 343 ALEXANDR.
1350 295 1380 335 v.
1393 272 1449 352 46.

79 459 156 510 naut.
214 453 270 520 d“
288 443 488 549 Προφήτην
507 444 578 547 γὰρ
597 447 679 544 ὑμῖν
697 445 907 543 ἀναστήσει,
926 446 1030 549 φησὶ,
1052 444 1183 543 Κύριος
1201 442 1221 520 ό
1238 439 1330 523 Θεὸς
1350 442 1451 537 ὑμῶν

249 577 270 615 “
289 570 327 647 ἐκ
351 574 424 647 τιῦν
442 571 612 675 ἀδελφῶν
637 603 707 649 σου
735 572 784 652 ὡς
811 568 905 666 ε’μέ·”
936 566 1168 670 διερμηνεύων
1191 564 1230 644 δὲ
1255 562 1370 659 αὐτὸς,
1391 567 1451 642 καὶ

79 525 195 588 xviii.15.

248 690 350 790 μάλα
376 699 531 794 γοργιῦς,
553 694 678 772 ὁποίαν
708 694 793 792 ἡμῖν
820 692 977 798 εἰσφέρει
1001 688 1068 789 τὴν
1092 689 1137 795 ἐξ
1159 695 1361 786 εῖκονισμοῦ
1386 694 1452 766 τοῦ

249 816 325 895 κατ’
346 816 454 895 αὐτὸν
472 817 622 920 θεωρίαν
640 817 682 895 τὸ
701 814 968 918 διηγγελμένον,
981 814 1139 920 ἐπιφέρει
1157 818 1288 916 σαφῶς
1307 822 1329 857 “
1342 809 1452 890 Κατὰ

249 948 271 984 “
289 936 409 1019 πάντα
434 939 507 1019 ὅσα
531 937 658 1044 ήτήσω
681 939 781 1041 παρὰ
801 939 936 1042 Κυρίου
957 947 1021 1018 τοῦ
1040 943 1136 1017 Θεοῦ
1157 971 1227 1015 σου
1252 937 1290 1014 ε’ν
1307 940 1358 1040 τῷ
1376 932 1485 1036 ὄρει5

250 1071 271 1109 “
290 1067 380 1170 Σινᾷ
408 1068 454 1170 τῇ
482 1063 596 1168 ἡμέρα
619 1067 683 1162 τῆς
707 1063 901 1162 ἐκκλησίας
924 1061 1088 1164 λέγοντες
1107 1061 1166 1140 Οῦ
1189 1057 1453 1163 προσθήσομεν

250 1195 272 1232 “
290 1188 443 1266 ἀκοῦσαι
468 1192 531 1286 τῆς
556 1191 678 1293 φωνῆς
698 1192 832 1289 Κυριου
850 1193 914 1265 τοῦ
932 1191 1028 1265 Θεοῦ
1048 1186 1157 1284 ἡμῶν,
1176 1185 1235 1263 καὶ
1257 1182 1299 1262 τὸ
1315 1190 1390 1284 πῦρ
1407 1177 1452 1259 τὸ

249 1318 272 1356 “
289 1308 382 1412 μέγα
411 1318 515 1391 τοῦτο
549 1312 612 1390 οῦκ
640 1309 809 1416 ὀψόμεθα
836 1310 902 1405 ἔτι,
935 1311 994 1389 καὶ
1025 1310 1067 1390 οῦ
1098 1306 1149 1407 μή
1178 1304 1451 1403 ἀποθάνωμεν.”

249 1433 374 1513 ἑαυτὸν
390 1431 454 1530 μέν
472 1432 543 1537 γὰρ
569 1431 612 1512 τδ
637 1431 800 1532 τηνικάδε
825 1435 977 1533 μεσίτην
999 1436 1163 1534 εῖρήσθαι
1185 1428 1452 1533 διισχυρίζεται,

221 1562 323 1640 οτοῖς
342 1556 429 1659 ὑπὲρ
448 1556 513 1657 τήν
533 1556 648 1663 φύσιν
662 1564 891 1659 προσβαλεῖν
905 1555 1104 1656 ἀτονοιίσης
1121 1554 1171 1634 ἔτι
1189 1557 1253 1651 τῆς
1270 1551 1456 1631 Ἰουδαίων
1473 1582 1511 1620 ιο

251 1684 481 1782 Συναγωγῆς,
494 1683 553 1760 καὶ
571 1679 618 1759 τὰ
638 1678 723 1783 ῦπέρ
743 1680 892 1779 δύναμιν
906 1678 964 1760 διὰ
982 1687 1088 1759 τοῦτο
1104 1674 1305 1784 σωφρόνως
1322 1709 1456 1774 παραι-

249 1803 429 1904 τουμένης.
471 1812 577 1884 τοῦτο
601 1804 638 1884 δέ
662 1802 706 1904 ἧν
725 1806 872 1885 θεοπτία
891 1803 1071 1903 δηλονότι,
1092 1809 1168 1884 ταῖς
1197 1801 1260 1879 οῦκ
1288 1799 1332 1905 ἐξ
1350 1799 1457 1882 έθους

250 1929 466 2034 φαντασίαις
484 1927 550 2026 τὴν
569 1926 657 2034 ὄφιν
677 1927 874 2034 ξενίζουσα,
893 1930 951 2006 καὶ
973 1925 1192 2028 σαλπίγγων
1212 1926 1374 2028 ὑπερφυῆ
1393 1925 1457 2003 καὶ

249 2048 415 2157 ἀφόρητα
433 2058 506 2135 τοῖς
526 2051 760 2153 ἀκροωμένοις
778 2048 1008 2156 ἀπηχήματα.

305 2177 450 2255 Οὐκοῦν
468 2175 654 2260 ἀσθενείας
678 2173 744 2273 μέν
763 2181 836 2258 τοῖς
857 2173 899 2254 τδ
917 2172 1079 2274 τηνικάδε
1099 2172 1273 2281 φάρμακα
1291 2172 1313 2271 ἡ
1333 2176 1454 2250 Μωυ·
1474 2192 1512 2252 15

248 2297 340 2383 σέως
372 2299 592 2378 ἀνεδείκνυτο
624 2299 795 2397 μεσιτεία,
827 2302 1072 2382 διακονοῦντος
1102 2299 1146 2402 τῇ
1179 2299 1377 2400 συναγωγή
1407 2294 1458 2374 τὰ

251 2419 374 2501 θεόθεν
392 2422 669 2520 τεθεσπισμένα.
702 2421 899 2528 μεταλήφη
917 2420 955 2502 δέ
972 2422 1085 2502 πάλιν
1104 2419 1168 2501 τόν
1181 2421 1293 2501 τύπον
1310 2423 1368 2499 ε’πὶ
1386 2417 1458 2519 τήν

82 2571 198 2631 2603„
221 2544 434 2646 ιάλήθειαν,
451 2549 510 2624 καὶ
537 2544 601 2624 τὸν
626 2548 777 2644 μεσίτην
796 2550 892 2624 Θεοῦ
919 2549 978 2624 καὶ
1006 2544 1205 2647 ἀνθρώπων
1230 2542 1289 2623 διά
1315 2543 1457 2622 τούτων

249 2667 429 2768 ἐννοήσεις
446 2666 621 2770 Χριστὸν,
641 2672 870 2748 διακονοῦντα
894 2675 968 2753 τοῖς
992 2668 1262 2770 εῦμαθεστέροις
1287 2665 1345 2747 διά
1369 2672 1452 2771 φω-

252 2795 315 2891 νῆς
333 2792 567 2895 ἀνθρωπίνης,
586 2789 644 2870 ὅτε
671 2792 715 2869 δι’
734 2793 827 2891 ἡμᾶς
852 2794 890 2872 ἐκ
916 2792 1081 2895 γυναικὸς
1104 2791 1285 2894 ἐγεννήθη,
1303 2786 1370 2888 τὴν
1389 2800 1456 2870 τοῦ
1474 2819 1514 2858 20

252 2920 347 2995 Θεοῦ
365 2918 423 2995 καὶ
444 2912 591 3017 Πατρός
613 2912 816 3019 ἀπάῥρητον
834 2914 997 3019 θέλησιν,
1015 2913 1272 3019 γνωριζομένην
1289 2916 1386 3020 αὐτῷ
1410 2912 1456 3012 δή

252 3041 310 3118 καὶ
335 3037 447 3148 μόνερ,
466 3038 555 3119 καθὸ
576 3043 634 3118 καὶ
652 3039 739 3124 Υῖὸς
764 3039 808 3146 ἐξ
828 3041 936 3119 αῦτοῦ
960 3042 1018 3119 καὶ
1042 3041 1158 3146 σοφία
1182 3047 1310 3119 νοείτω
1334 3037 1459 3118 πάντα

252 3161 351 3247 εῖδάις
385 3174 407 3211 “
425 3167 483 3242 καὶ
521 3161 567 3242 τά
604 3161 701 3262 βάθη
739 3171 802 3242 τοῦ
836 3161 966 3244 Θεοῦ.”
1019 3160 1139 3262 ἐπειδὴ
1176 3162 1247 3266 γὰρ
1280 3170 1355 3247 τοῖς
1390 3172 1458 3242 τοῦ

252 3287 422 3386 σώματος
440 3288 646 3394 ὀφθαλμοῖς
671 3289 735 3366 οῦκ
760 3284 804 3386 ἦν
821 3286 964 3396 ἀκράτῳ
992 3290 1051 3367 καὶ
1078 3292 1197 3392 γυμνῇ
1224 3293 1459 3390 προσβαλεῖν

254 3414 299 3516 τῇ
328 3411 405 3516 θείᾳ
437 3443 475 3489 τε
509 3412 567 3489 καῖ
600 3410 742 3517 ἀῤῥήτιρ
774 3408 864 3516 δόξη
894 3415 957 3509 τῆς
986 3409 1032 3490 τά
1059 3408 1179 3490 πάντα
1207 3410 1458 3511 ὑπερκειμένης
1476 3447 1517 3508 ²5

84 3552 166 3632 Exoffl·
254 3534 391 3617 οῦσίας·
421 3543 444 3581 “
458 3535 587 3618 Οῦδεὶς
614 3533 685 3638 γὰρ
713 3533 844 3640 ὄψεται
871 3531 913 3613 τδ
940 3532 1141 3638 πρόσωπόν
1164 3569 1245 3632 μου,
1264 3538 1373 3639 φησὶ,
1396 3539 1458 3615 καὶ

84 3634 170 3736 ffn.
220 3654 474 3758 1)“ζήσεται·”
504 3658 703 3758 ἀναγκαίως
731 3661 751 3737 ὁ
781 3657 991 3760 Μονογενής
1018 3667 1082 3738 τοῦ
1111 3664 1207 3739 Θεοῦ
1228 3657 1348 3759 Λόγος
1376 3666 1460 3742 ταῖς

254 3780 436 3884 ἡμετέραις
474 3781 672 3864 ἀσθενείαις
708 3782 1045 3886 συνεσχηματίζετο,
1078 3781 1119 3862 τὸ
1153 3781 1377 3885 ἀνθρώπινον
1411 3779 1461 3880 δή

252 3912 359 3984 τοῦτο
386 3902 477 3983 κατά
501 3902 565 3984 τόν
587 3905 741 4007 ἀῤῥητον
763 3908 825 4002 τῆς
854 3906 1053 4004 οἰκονομίας
1081 3905 1195 4007 λόγον
1212 3905 1462 4013 ἠμφιεσμένος

253 4033 373 4126 σῶμα,
392 4029 450 4106 καὶ
472 4026 538 4125 τὴν
556 4026 692 4107 ἀνωθεν
711 4028 806 4127 ἡμῖν,
824 4029 989 4108 τουτέστι
1011 4037 1075 4108 τοῦ
1094 4035 1190 4109 Θεοῦ
1216 4034 1274 4110 καῖ
1293 4028 1459 4132 Πατρός,
1479 4062 1515 4117 3·

85 4138 181 4271 Ἢ.
254 4147 413 4255 φανεράν
431 4152 580 4230 ἐποιεῖτο
593 4149 749 4249 βουλήν,
768 4151 885 4254 λέγων
903 4163 925 4198 “
941 4150 1070 4233 Πάντα
1096 4152 1168 4232 ὅσα
1194 4151 1334 4251 ἤκουσα
1355 4155 1464 4256 παρὰ

294 4365 318 4406 ’.
334 4339 594 4419 ἅναστήἀέῖῦμῖνΒ.
642 4352 713 4421 ὑμῶν
726 4351 758 4406 Β.
771 4351 842 4421 ἡμῶν
854 4352 905 4406 Ed.
1077 4371 1104 4424 3.
1121 4354 1181 4424 ἡμῖν
1192 4364 1362 4425 assumptum
1375 4374 1409 4410 ex
1425 4357 1462 4413 Β.

326 4422 393 4480 ιφῶς
407 4421 441 4474 Β.
453 4424 545 4492 σοφῶς
559 4421 610 4476 Ed.
761 4437 803 4493 15.
821 4423 869 4491 μὲν
881 4432 1049 4494 assumptum
1062 4442 1094 4478 ex
1109 4425 1141 4479 B.
1285 4426 1329 4480 28.
1347 4425 1393 4498 δὴ]
1407 4429 1463 4497 δηα

357 4489 412 4560 διδ]
427 4490 460 4545 Β.
566 4509 610 4562 31.
629 4493 739 4547 ἐποιεῖτο
752 4493 784 4547 Β.
805 4493 886 4547 ε’ποιεῖ
899 4492 951 4548 Ed.
