3038 5018
66 281 121 346 vii.
135 299 207 369 3-5.
254 282 309 347 IN
342 283 375 347 S.
401 284 656 350 JOANNEM.
702 285 797 351 LIB.
821 287 882 352 IV.
928 287 1030 354 cAP.
1046 291 1087 355 V.
1201 231 1266 352 583

66 448 212 552 γέγονεν
240 451 440 556 ἅνθρωπος,
466 452 596 558 μικρὰς
625 454 676 534 ἐτι
707 453 771 538 τὰς
802 454 995 561 διαλήψεις
1026 455 1152 560 έχουσι
1182 459 1264 557 περὶ

66 573 186 674 αὐτοῦ,
209 578 267 654 καὶ
294 574 392 656 πολύ
418 577 634 682 μετριώτερα
661 582 724 677 τῆς
751 577 902 678 ἐνούσης
930 578 1026 685 αὐτῷ
1052 576 1198 682 χάριτός
1225 610 1263 656 τε

66 699 126 775 καὶ
153 698 328 802 ὑπεροχῆς
356 697 604 806 φαντάζονται,
626 700 741 780 πλέον
768 701 834 800 μὲν
860 707 934 780 τῶν
961 700 1089 780 ἄλλων
1113 701 1265 801 ὁρῶντες

66 816 178 916 οῦδέν,
218 828 294 906 ταῖς
335 823 373 901 δέ
414 831 546 907 κοιναῖς
587 825 640 904 ἐπ’
684 826 781 931 αὐτῷ
821 821 1084 927 διαπαιζόμενοι
1124 821 1264 930 δόξαις,

34 940 222 1040 δοίθμενοί
255 978 295 1024 τε
330 944 421 1026 κατὰ
456 945 499 1026 τῦ
530 945 662 1047 ἀληθές
693 950 732 1027 ἐκ
767 944 904 1051 πατρὸς
935 951 1175 1050 γεγεννῆσθαι
1207 949 1265 1026 καὶ

67 1064 176 1145 αὐτὸν
205 1075 270 1147 τοῦ
296 1066 449 1176 Ἰωσῆφ,
475 1072 534 1150 καὶ
563 1068 630 1169 τῆν
654 1069 896 1173 κεκρυμμένην
924 1071 993 1176 οὐχ
1021 1071 1173 1174 ὁρῶντες
1200 1076 1264 1148 τοῦ

67 1191 267 1292 μυστηρίου
294 1191 528 1294 κατασκευήν·
564 1200 717 1275 πολλῶν
746 1192 828 1296 γὰρ,
853 1197 902 1278 ὡς
930 1192 1032 1291 εἰκὸς,
1057 1190 1294 1292 λεληθότως*
1315 1204 1434 1264 am.

68 1316 456 1418 θαυματουργουμένων
486 1315 587 1419 παρά
617 1322 785 1420 Χριστοῦ
821 1316 913 1397 κατὰ
946 1316 1012 1416 τῆν
1046 1316 1261 1412 Γαλιλαίαν,

67 1439 171 1535 κενῆς
196 1438 361 1544 ἐφίεσθαι
389 1438 498 1546 δόξης
523 1438 633 1520 αὐτὸν
660 1440 904 1537 ἀναπείθουσι,
932 1441 991 1519 καὶ
1024 1442 1072 1523 ὡς
1102 1439 1198 1541 μέγα
1229 1473 1265 1518 τι

14 1589 55 1631 10
68 1564 191 1663 χρῆμα
225 1559 268 1641 τὸ
300 1564 339 1642 ἐκ
371 1569 444 1642 τῶν
470 1562 636 1667 ὁροίντων
664 1560 907 1667 ἀποδέχεσθαι
939 1568 1060 1660 θαῦμα
1096 1569 1263 1661 συμβου-

69 1682 246 1781 λεύουσιν,
266 1688 315 1770 ὠς
332 1685 460 1766 τούτου
476 1720 519 1788 γε
538 1687 638 1766 ἕνεκα
656 1689 715 1766 καὶ
733 1685 844 1783 μόνου
863 1684 928 1770 τάς
951 1686 1006 1791 ἐφ’
1025 1682 1169 1792 ἑκάστῳ
1193 1691 1266 1764 τῶν

68 1805 290 1905 τελουμένων
309 1807 471 1907 δυνάμεις
487 1812 641 1911 ἐνεργεῖν
658 1809 845 1894 ἐθέλοντος
864 1811 984 1906 αὐτοῦ,
1002 1809 1060 1888 ἵνα
1084 1806 1128 1907 δῆ
1153 1806 1267 1907 μόνον

67 1927 167 2033 παρά
194 1938 269 2015 τοῖς
296 1933 431 2036 ὀρεῦσιν
450 1932 674 2039 ἀξιάγαστος
700 1930 790 2013 εἶναι
816 1937 916 2038 δοκῆ,
942 1935 1000 2012 καὶ
1027 1939 1102 2016 τοῖς
1128 1932 1172 2038 ἐξ
1197 1933 1263 2010 ἀν·

70 2055 223 2156 θρεῦπων
251 2056 405 2139 ἐπαίνοις
434 2054 679 2158 έναβρύνηται,
706 2055 799 2136 κατά
830 2089 928 2139 τινας
957 2061 1031 2134 τῶν
1058 2054 1267 2160 φιλοδοξεῖν

17 2194 55 2255 ¹6
70 2175 257 2257 εἰωθότων.
302 2178 369 2281 ὅρα
394 2176 465 2281 γὰρ
489 2177 586 2262 ὅπως
609 2180 813 2273 ἀναβαίνειν
831 2180 928 2286 αὐτῷ
950 2176 1266 2276 συμβουλεύουσιν

70 2308 116 2385 εἰς
145 2299 200 2393 τῆν
224 2297 396 2399 Ἰουδαίαν,
418 2304 456 2381 ἐν
479 2302 569 2407 αὐτῆ
597 2302 635 2382 δέ
661 2309 808 2400 μᾶλλον
830 2307 1088 2404 τερατουργεῖν,
1113 2300 1181 2404 οὐχ
1207 2300 1298 2379 ἵναδ

68 2423 289 2503 πιστεύωσιν
307 2430 355 2509 είς
375 2422 484 2506 αύτδν
504 2435 531 2506 οῖ
549 2424 699 2530 μαθηταὶ
718 2428 829 2522 αὐτοῦ,
847 2423 933 2505 ἀλλ’
949 2424 1006 2503 ’ίνα
1023 2421 1198 2528 θεωρῆτωσι
1218 2420 1265 2502 τῖι

70 2546 154 2650 ἔργα
172 2543 199 2627 δὲ
215 2553 313 2630 ποιεῖ.
349 2554 379 2628 εί
403 2547 474 2652 γὰρ
498 2548 624 2644 βούλει
648 2550 905 2652 γινώσκεσθαι,
923 2548 1032 2653 φασί·
1061 2553 1168 2627 τοῦτο
1192 2544 1265 2648 γὰρ

69 2669 112 2748 τὸ
137 2668 224 2751 εἶναι
248 2674 285 2751 ἐν
303 2678 458 2778 φανερῷ·
492 2671 543 2772 μὴ
570 2672 776 2771 λεληθότως
804 2672 870 2751 έσο
897 2668 1148 2773 μεγαλουργδς
1165 2667 1263 2769 μηδέ,

18 2819 58 2859 20
70 2794 108 2872 ἐν
127 2800 177 2901 τῷ
203 2793 380 2875 δύνασθαι
402 2792 521 2874 πάντα
546 2799 635 2896 δρῦν
653 2795 825 2899 ὑπάρχων
848 2791 1036 2897 ἐκπρεπὴς,
1062 2801 1174 2899 φεῦγε
1199 2792 1266 2890 τὴν

70 2922 268 3025 παρρησίαν·
304 2916 373 3023 ἐση
401 2917 472 3019 γὰρ
500 2918 592 2997 οὕτω
619 2925 667 3026 τῷ
696 2920 816 3026 κίσμρ
843 2916 1021 3019 γνώριμος
1047 2920 1106 2996 καὶ
1129 2918 1167 2995 ἐν
1192 2922 1266 2998 τοῖς

36 3049 39 3053 ’
70 3043 183 3143 ὃριῦσι
214 3042 528 3147 περιφανεστερος.
581 3039 692 3144 λόγος
719 3038 784 3136 μέν
812 3040 874 3119 οῦν
903 3042 923 3119 ὃ
950 3043 1034 3143 παρ’
1059 3040 1201 3118 ἐκείνων
1229 3041 1267 3116 ἐν

69 3165 216 3248 τούτοις.
253 3165 521 3264 ἐπισημαίνεται
543 3163 582 3244 δέ
609 3165 796 3269 χρησίμως
822 3165 842 3243 ὁ
867 3163 1082 3269 σοφώτατος
1101 3163 1264 3263 Εῦαγγε·

69 3287 209 3388 λιστῆς,
228 3292 277 3373 ὡς
303 3291 401 3369 οὕτω
426 3286 719 3369 πεπιστεύκεισαν
737 3296 782 3373 εἷς
807 3289 906 3367 αῦτδν
925 3295 953 3366 οἱ
977 3281 1124 3392 ἀθελφιὶ
1151 3286 1297 3363 adnm

18 3437 55 3495 25
70 3416 127 3492 καὶ
151 3410 222 3515 γὰρ
246 3409 291 3510 ἦν
313 3410 423 3495 ὅντως
448 3416 520 3490 τῶν
541 3408 782 3490 ἀτοπωτάτων
805 3413 862 3491 ἐπὶ
890 3415 964 3493 τοῖς
991 3409 1085 3488 οὕτω
1110 3411 1266 3513 ψυχροῖς

69 3536 405 3639 καταγινώσκεσθαι
438 3532 577 3635 λόγοις,
610 3531 692 3616 τοῦς
724 3532 793 3632 ἤδη
827 3531 886 3612 διὰ
916 3535 980 3631 τῆς
1012 3531 1169 3640 πίστεως
1198 3528 1267 3629 τῆν

70 3664 248 3763 θεοπρεπῆ
275 3661 357 3760 περὶ
384 3659 493 3737 αὐτοῦ
520 3656 703 3752 λαβόντας
729 3657 935 3758 ἐπίγνωσιν.
973 3652 1074 3733 ἀλλά
1096 3652 1177 3733 τότε
1200 3650 1267 3751 μέν

69 3783 168 3861 οὔπω
204 3779 479 3864 πεπιστευκότες
521 3787 682 3860 λαλοῦσι
723 3786 863 3886 σοφῶς·
914 3776 1033 3876 ἐπειδὴ
1075 3776 1113 3856 δέ
1156 3809 1264 3854 πεπι-

70 3902 245 3983 στεύκασι
263 3904 305 3983 τὸ
324 3905 418 4004 μέγα
440 3908 520 4007 περὶ
544 3906 654 3984 αῦτοῦ
677 3903 842 3985 συνέντες
867 3900 1076 4002 μυστήριον,
1096 3905 1143 3983 εἷς
1161 3906 1267 3977 τοῦτο

16 4053 58 4111 30
70 4028 275 4119 θεοσεβείας
300 4061 339 4107 τε
365 4030 422 4107 καὶ
447 4031 574 4129 ἀρετῆς
600 4025 872 4131 ἀνατρέχουσιν,
894 4027 943 4108 ὡς
961 4026 1018 4103 καὶ
1037 4021 1267 4106 ἀποστόλους

105 4213 130 4267 6.
150 4211 239 4283 αὐτὸν]
257 4219 284 4275 -1-
300 4215 392 4266 τοῦτον
405 4210 436 4266 Β.
543 4229 568 4283 9.
587 4209 628 4335 τιφ
640 4213 670 4266 τὸ
685 4210 716 4264 Β.
827 4226 867 4264 12.
887 4208 1022 4263 ἐθέλοντος
1036 4207 1067 4261 Β.
1081 4206 1202 4262 θέλοντος
1215 4205 1267 4261 Ed.

73 4300 114 4351 15.
133 4283 280 4343 ἀναβαίνειν
290 4283 359 4355 αύτῷ
372 4279 599 4347 συμβουλεύουσιν
630 4300 661 4336 oc
674 4281 767 4335 ordine
784 4281 854 4334 B.D.
867 4280 1013 4342 ἀναβαίνειν
1026 4290 1086 4348 poet
1102 4276 1267 4346 συμβουλεῦ·

71 4361 191 4409 ουσινῐτ.
208 4353 257 4406 Ed.
382 4351 421 4406 16.
440 4353 469 4406 δέ
485 4353 515 4406 Β.
528 4375 555 4407 τε
571 4351 621 4406 Ed.
744 4368 754 4404 1
779 4391 784 4403 .
803 4351 963 4404 πιστεύωσιν
976 4349 1009 4403 Β.
1021 4347 1203 4403 πιστεύσωσιν
1217 4346 1267 4401 Ed.

72 4442 114 4479 20.
134 4425 259 4495 ὑπάρχειν
273 4423 304 4476 Β.
422 4438 464 4490 25.
482 4423 524 4477 ἐπὶ
537 4432 706 4493 assumptum
718 4439 750 4475 ex
793 4462 799 4475 .
920 4433 962 4491 τη.
983 4419 1056 4472 Haec
1068 4419 1138 4472 ἀλλὰ
1150 4421 1209 4472 τότε
1220 4419 1269 4486 μὲν

71 4493 141 4549 οὕτω
153 4496 353 4548 πεπιστευκότες
365 4495 478 4547 λαλοῦσι
490 4496 591 4564 σοφῶς·
606 4501 743 4563 assumpta
755 4509 787 4546 ex
802 4491 834 4546 B.
861 4490 966 4545 statim
981 4490 1067 4558 ἐπειδὴ
1082 4489 1114 4542 Β.
1128 4489 1184 4543 ἐπεὶ
1198 4487 1249 4542 Ed.
