3038 5018
242 285 308 350 506
544 281 1135 350 B.cYR1LL1ALExANDR.
1265 280 1448 366 vi.43,44.

244 448 298 530 ἐπ’
319 449 415 557 αὐτῷ
438 447 614 555 διάληψιν
635 447 865 548 ἐποιήσαντο.
904 446 968 529 τὸν
993 447 1064 550 γὰρ
1088 450 1184 532 ὅλως
1208 446 1326 527 εἰδότα
1352 477 1446 545 καρ-

245 573 333 670 δίας,
350 571 560 679 ἐξετάζοντά
584 608 623 653 τε
648 571 694 653 τά
720 575 757 652 ἐν
775 575 826 680 νῶ
843 571 1030 671 κινήματα,
1048 573 1107 651 καὶ
1123 569 1224 650 οάδέν
1242 565 1451 672 ήγνοηκάτα

223 702 318 776 7’τῶν
340 698 378 775 ἐν
401 701 536 802 ψυχαῖς
558 694 828 795 βουλευμάτων,
844 703 922 780 πῶς
950 697 1029 801 ούχί
1056 701 1201 794 μᾶλλον
1223 697 1332 798 ε’χρήν
1355 689 1452 798 δόξῃ

245 819 311 920 μέν
338 819 407 920 ἤδη
434 821 672 926 καταστέφειν
699 826 744 926 τῇ
771 826 967 923 θεοπρεπεῖ,
998 823 1056 900 καὶ
1085 816 1304 921 ἀνακομίζειν
1332 815 1371 895 δὲ
1400 819 1454 898 εἰς

212 947 422 1024 ὓτοσοῦτον
445 948 508 1044 τῆς
532 947 570 1024 ἐν
594 945 795 1046 ἀνθρώποις
818 944 1129 1047 σμικρσπρεπείας,
1152 941 1243 1023 ὅσον
1267 939 1311 1039 δὴ
1338 941 1485 1041 {unp-5

245 1067 359 1147 κέοιτο
387 1074 461 1147 τῶν
487 1070 544 1149 ε’πί
572 1072 639 1171 γῆς
668 1069 688 1147 ὁ
716 1067 834 1165 Θεός;
879 1067 1142 1148 ἀνακαλύπτων
1168 1067 1287 1146 τοίνυν
1312 1061 1379 1144 τὸν
1410 1063 1452 1141 ἐν

243 1190 446 1298 ἀφθάγγοις
473 1191 524 1272 ἔτι
551 1198 714 1297 μορφαῖς
741 1191 1060 1298 κατακεχωσμένον
1082 1187 1274 1294 λογισμὸν,
1296 1189 1356 1267 καί
1380 1184 1452 1265 τὸν

242 1313 365 1418 λάθρα
388 1314 709 1423 διαφιθυρισθέντα
733 1314 947 1419 γογγυσμῶν
965 1319 1003 1396 έν
1021 1316 1138 1399 αὐτοῖς
1163 1310 1319 1420 φανερὸν
1338 1314 1448 1390 καθι·

244 1437 337 1523 στάς
361 1441 404 1520 δι’
425 1438 540 1519 αἰτίαν
564 1439 632 1540 ἤδη
658 1438 725 1539 τὴν
746 1440 930 1543 εἰρημένην
949 1437 1006 1534 Μή
1032 1435 1225 1549 γογγύζετέ
1246 1443 1343 1541 φησι
1369 1437 1451 1540 μετ’

244 1565 419 1659 ἀλλήλων·
451 1559 527 1642 εἶτα
548 1562 693 1658 δεικνύς,
713 1562 768 1643 ὅτι
787 1564 1012 1644 θεοδίδακτον
1030 1566 1067 1643 ἐν
1084 1562 1286 1665 ἀνθρώποις
1306 1557 1452 1660 ἀγαθὸν
1467 1596 1503 1641 ιο

244 1685 287 1766 τὸ
318 1689 400 1788 περὶ
432 1689 541 1766 αὐτοῦ
572 1686 783 1789 μυστήριον,
811 1691 869 1768 καί
902 1692 965 1787 τῆς
998 1687 1134 1768 ἀνωθεν
1162 1685 1308 1791 χάριτος
1339 1680 1452 1784 ἔργον

245 1810 386 1909 έστίνή
412 1813 494 1911 περὶ
518 1810 626 1890 αὐτοῦ
652 1816 797 1912 γνῶσις,
816 1813 905 1913 μηδὲ
929 1811 1109 1892 δύνασθαί
1131 1819 1247 1916 φησιν
1265 1811 1313 1893 ῶς
1336 1805 1451 1886 αὐτὸν

246 1932 452 2039 ἀφικέσθαι,
484 1932 535 2034 μὴ
571 1934 649 2038 ούχί
687 1941 764 2018 ταῖς
796 1944 860 2015 τοῦ
894 1934 1039 2039 Πατρὸς
1072 1935 1270 2016 νουθεσίαις
1301 1936 1450 2010 καθειλ-

216 2057 436 2157 οκυσμένην·
480 2055 525 2158 ἦν
556 2055 593 2136 δὲ
630 2066 735 2137 τοῦτο
770 2058 884 2139 πάλιν
916 2060 1035 2163 ἕτερον
1065 2067 1249 2140 ποιοῦντος
1288 2051 1392 2135 ούδὲν
1425 2051 1449 2153 ἢ

245 2188 396 2264 σκοπεῖν
422 2181 683 2278 ἀναπείθοντος,
706 2180 761 2262 ὅτι
786 2181 910 2281 δεήσοι
937 2182 1002 2281 μὲν
1026 2181 1153 2267 αὐτούς
1182 2181 1359 2262 κλάοντας
1389 2178 1450 2257 καὶ
1465 2205 1501 2267 15

244 2305 544 2410 πικραινομείνους,
563 2306 619 2410 ἐφ’
640 2303 692 2390 οἶς
716 2303 780 2398 μέν
802 2305 870 2406 ἤδη
895 2306 1149 2407 λελινπήκεσαν
1170 2308 1450 2408 ἐλευθεροῦσθαι

246 2428 369 2533 ζητεῖν,
388 2427 603 2509 ἀνέλκεσθαι
622 2428 664 2508 δέ
677 2463 754 2513 πως
772 2432 831 2509 καὶ
849 2436 897 2516 εἰς
919 2431 1100 2532 σωτηρίαν
1119 2427 1177 2509 διά
1200 2429 1357 2512 πίστεως
1384 2431 1451 2528 τῆς

245 2557 293 2637 εἰς
312 2550 431 2652 αὐτὸν,
451 2550 509 2632 διά
526 2556 665 2652 βουλῆς
682 2560 746 2633 τοῦ
766 2554 923 2656 Πατρὸς,
937 2558 995 2634 καί
1013 2558 1077 2653 τῆς
1095 2552 1230 2633 ἀνωθεν
1245 2551 1453 2655 ἐπικουρίας

245 2673 568 2778 κατευμαριζούσης
587 2676 706 2759 αὐτοῖς
723 2673 790 2776 τήν
808 2679 845 2757 έν
864 2678 1002 2763 τούτοις
1022 2675 1116 2776 ὁδὸν,
1130 2679 1189 2756 καὶ
1206 2676 1308 2756 λείαν
1321 2673 1452 2780 ῶσπερ

246 2798 508 2900 ἀποτελούοης,
540 2798 606 2899 τὴν
636 2800 780 2905 ε’πείπερ
812 2799 1016 2905 ἡμάρτανον
1048 2804 1201 2907 ἀφειδῶς
1232 2801 1450 2905 ε’κτετραχυ-
1465 2833 1501 2876 ιο

246 2921 369 3022 μένην·
398 2923 619 3024 ἀναστήσειν
637 2925 751 3024 γεμὴν
768 2927 807 3005 έκ
832 2933 965 3028 νεκρῶν
982 2925 1046 3006 τὸν
1068 2924 1284 3006 πιστεύοντα
1310 2924 1448 3029 χρησί-

213 3063 323 3145 ᾱμως
355 3049 609 3146 διεβεβαιοῦτο,
638 3050 697 3127 καὶ
727 3046 786 3127 διὰ
814 3047 941 3128 τούτου
974 3048 1087 3130 πάλιν
1114 3046 1210 3129 Θεὸν
1237 3046 1326 3128 ὅντα
1356 3048 1453 3128 κατά

246 3168 439 3274 φύσινκαὶ
464 3169 638 3272 ἀληθινὸν
655 3179 731 3256 τοῖς
755 3169 918 3272 ἀνοήτοις
942 3171 1068 3252 ἑαυτὸν
1085 3170 1276 3275 παριστάς·
1304 3169 1348 3252 τὸ
1379 3170 1453 3275 γάρ

246 3292 342 3378 ὅλως
369 3293 545 3375 δύνασθαι
573 3294 850 3398 ζωοποιεῖν,καί
880 3301 1172 3400 παλινδρομήσαι
1201 3294 1292 3400 πρὸς
1321 3296 1454 3392 ἀναβί-

247 3450 340 3495 ωσιν
372 3414 575 3517 ἀναγκάσω
609 3423 662 3526 τῶ
699 3416 841 3526 θανάτῳ
878 3420 1147 3524 κεκρατημένον,
1179 3419 1270 3525 μόνῃ
1305 3416 1375 3518 μὲν
1408 3416 1454 3498 ἀν
1467 3444 1503 3508 25

246 3537 377 3642 πρέποι
405 3542 545 3625 δικαίως
571 3546 617 3647 τῇ
644 3550 709 3622 τοῦ
737 3546 834 3621 Θεοῦ
861 3543 982 3648 φύσει,
1004 3541 1281 3649 προσγράφοιτο
1309 3540 1348 3621 δὲ
1378 3548 1455 3624 τῶν

247 3669 407 3765 γενητῶν
426 3664 552 3744 ούδενί.
591 3673 656 3743 τοῦ
674 3664 745 3768 γὰρ
763 3663 893 3767 ζῶντάς
911 3669 992 3746 ε’στι
1015 3665 1057 3748 τὸ
1082 3668 1272 3772 ζωοποιεῖν,
1291 3669 1352 3746 καί
1371 3667 1455 3772 οὐχὶ
1470 3752 1475 3757 ,

247 3795 312 3868 τοῦ
329 3786 414 3892 παρ’
433 3789 553 3892 ἑτέρου
569 3786 811 3890 δανειζομένου
829 3788 895 3890 τὴν
914 3789 1029 3895 χάριν.

285 4050 312 4098 4.
331 4033 373 4086 καὶ
385 4041 555 4104 assumptum
567 4049 599 4086 ex
614 4032 655 4118 B..
731 4045 757 4103 5.
775 4033 910 4119 λνριοδὴ
925 4034 957 4090 Β.
1039 4035 1066 4090 6.
1085 4037 1129 4105 τῆς
1141 4053 1189 4106 pro
1200 4043 1251 4092 τῶν
1263 4036 1372 4108 Migne.
1421 4039 1459 4097 ὃς

250 4102 668 4244 Ρῖθφζέῗί,πω,ιλέθθ’“
681 4101 954 4244 Β·”·ίξ”ἰῗὲθλ
968 4175 994 4229 1)
1016 4107 1151 4232 ,παλ
1164 4105 1263 4230 ff
1277 4108 1408 4234 ⁶⁹2⁶&
1422 4109 1459 4233 ¹³5

251 4190 285 4297 ἰί.
298 4244 343 4312 τῆς
356 4242 406 4298 Ed.
517 4261 558 4299 22.
577 4245 756 4311 διεβεβαιοῦτο
767 4215 901 4317 χρήσιμος
913 4216 1019 4302 ἰπνετάο
1032 4247 1124 4303 ordine
1138 4247 1170 4301 B.
1208 4218 1214 4232 ⁸
1384 4219 1390 4233 ι
1410 4203 1442 4234 ω
