3038 5018
103 283 283 362 iii.20,21.
314 284 369 348 IN
401 285 434 349 S.
459 285 714 350 JOANNEM.
761 275 926 350 LIB.II.
972 287 1126 352 CARI.
1236 289 1297 351 231

145 591 213 655 Πᾶα
241 592 300 680 τὰρ
327 593 345 660 ὁ
373 598 484 680 φαῦλα
512 595 667 682 πράσσων
695 590 779 669 μισεῖ
806 593 842 660 τό
870 592 944 681 φῶι
973 592 1025 657 καὶ
1052 594 1109 657 οὐκ
1136 593 1263 681 ἔρχεται
1316 622 1353 664 ιο

266 735 348 824 πρὸς
374 738 411 805 τὸ
438 737 521 823 φῶε,
548 737 600 801 ἵνα
627 735 670 812 uc:
699 736 833 827 ἐλεγχθῇ
861 736 901 801 τὰ
928 735 1006 823 ἔργα
1034 735 1145 800 αὐτοῦ.
1313 755 1331 798 ο

161 932 456 1041 Ἐπεξεργοίζεται
483 936 668 1038 χρησίμως
695 933 736 1014 τὸ
762 933 953 1037 εἰρημένον,
978 935 1036 1011 καί
1061 929 1124 1011 τὸν
1147 934 1202 1011 ἐπὶ
1227 939 1301 1016 τοῖς
1343 1036 1348 1044 ³

103 1055 356 1163 συμφέρουσιν
387 1057 492 1137 ὄκνον
525 1059 569 1164 ἐξ
603 1055 745 1158 ἀγάπης
782 1058 869 1137 ὄντα
905 1062 968 1156 τῆς
1002 1061 1050 1140 είς
1081 1055 1123 1135 τὸ
1158 1062 1314 1172 φαῦλον

70 1179 254 1284 5ἐλέγχει,
274 1185 331 1260 καὶ
353 1181 454 1284 ῥίζαν
472 1182 600 1286 ἔχοντα
618 1181 660 1260 τὸ
678 1177 727 1279 μῆ
749 1182 949 1277 βούλεσθαι
973 1186 1099 1279 μαθεῖν
1118 1178 1162 1258 τὰ
1189 1181 1230 1258 δι’
1251 1177 1302 1258 ῶν

103 1300 151 1381 ἀν
172 1301 310 1405 γένοιτό
337 1340 390 1388 τις
418 1305 538 1408 σοφός
566 1339 604 1383 τε
633 1310 690 1384 καὶ
718 1304 864 1407 ἀγαθός·
906 1307 1028 1410 φεύγει
1056 1302 1215 1407 μὲνγὰρ
1243 1306 1302 1382 καὶ

103 1434 335 1529 παραιτεῖται,
367 1432 493 1535 φησὶν,
527 1431 546 1507 ὁ
578 1436 651 1507 τῶν
683 1436 848 1531 πονηρῶν
879 1428 1029 1531 ἐργάτης
1061 1426 1103 1507 τὸ
1135 1430 1175 1505 έν
1207 1430 1301 1533 φωτὶ

104 1551 272 1652 γενέσθαι
294 1557 346 1658 τῶ
371 1554 464 1660 θείῳ,
484 1555 546 1632 οὐκ
571 1557 667 1632 αίδοῖ
687 1558 731 1656 τῆ
757 1551 815 1632 διὰ
840 1552 881 1631 τὸ
907 1562 1049 1657 φαῦλον
1073 1550 1299 1652 ἐγκαλυπτό-

102 1703 221 1774 μενος·
251 1673 363 1779 ῆγδρ
382 1676 426 1754 ἀν
445 1676 565 1776 ε’σῶθη
584 1685 688 1755 τοῦτο
707 1676 845 1756 παθῶν·
877 1677 961 1754 ἀλλ’
982 1679 1020 1754 ἐν
1038 1676 1164 1782 ἀγνοίᾳ
1186 1674 1336 1776 μένεινςλ

50 1828 89 1868 10
103 1804 179 1921 τοῦ.
203 1798 401 1900 πρέποντος
437 1801 603 1900 ἀγαπῶν,
642 1800 700 1878 ἵνα
735 1797 785 1898 μῆ
822 1797 1025 1898 πλήττηται
1061 1806 1299 1899 πλημμελῶν,

102 1921 321 2027 πικροτέροις
350 1923 418 2024 ἤδη
447 1930 522 2006 τοῖς
551 1921 624 2003 ἀπὸ
657 1931 720 2002 τοῦ
749 1922 951 2006 συνειδότος
983 1920 1146 2024 ἐλέγχοις
1178 1957 1299 2024 προσ-

101 2043 239 2143 βαλῶν,
268 2050 326 2126 καὶ
356 2045 415 2125 διά
440 2056 505 2127 τοῦ
537 2045 667 2126 λοιπὸν
693 2046 954 2153 έξεπίστασθαι
986 2045 1029 2125 τὸ
1062 2046 1210 2146 ἀγαθὸν,
1242 2051 1301 2126 δυ-

102 2171 354 2274 σαχθεστέραν
387 2171 529 2279 ὑφέξων
561 2173 612 2278 τῷ
649 2171 802 2272 κρίνοντι
836 2172 947 2268 δίκην,
979 2175 1008 2249 εί
1044 2168 1094 2268 μῆ
1129 2168 1302 2264 βούλοιτο

102 2296 191 2393 δρᾶν
210 2289 301 2396 ἅπερ
326 2293 370 2374 ἂν
388 2296 525 2401 ἀρέσκῃ
552 2300 647 2402 Θεῷ.
688 2293 732 2374 ιΟ
755 2289 789 2375 δὲ
812 2293 913 2374 ποιῶν
931 2291 984 2388 τῆν
1006 2292 1173 2389 ἀληθειαν,
1192 2326 1296 2371 τουτ-

51 2433 87 2494 ι5
102 2416 212 2513 ἔστιν,
233 2418 252 2496 ὁ
277 2423 350 2496 τῶν
372 2422 436 2516 τῆς
464 2419 632 2516 ἀληθείας
660 2416 775 2519 έργων
799 2413 953 2519 ἐραστής
981 2451 1018 2496 τε
1047 2419 1105 2495 καί
1133 2415 1297 2516 ποιητῆς,

102 2540 235 2646 ἔρχεται
260 2542 341 2650 πρὶς
367 2543 402 2622 τλ
428 2540 513 2650 φῶς,
530 2543 586 2622 ’ίιοι
613 2541 779 2650 φανερωθῇ
803 2541 850 2622 τῖε
875 2541 958 2649 έργοι
984 2544 1082 2621 αὐτῶ
1106 2540 1152 2621 ίτι
1176 2543 1205 2621 ἑν
1225 2551 1330 2650 Θιῷα

101 2665 189 2744 ἐστιν
227 2663 443 2771 εἰργασμένα·
496 2666 538 2744 οὐ
573 2662 644 2767 γὰρ
686 2673 907 2768 παραιτεῖται
941 2664 1005 2745 τὸν
1042 2668 1079 2745 ἐν
1117 2664 1302 2765 Πνειίματι

102 2786 303 2892 φωτισμὸν,
334 2788 378 2894 ἐξ
404 2790 512 2868 αὐτοῦ
542 2787 586 2888 δὴ
614 2786 779 2886 μάλιστα
812 2787 902 2892 πρὸς
929 2786 970 2867 τῶ
1001 2788 1177 2868 δύνασθαι
1209 2797 1302 2868 νοεῖν

100 2909 392 3013 ἀσυναμπάστως
412 2913 751 3016 χειραγωγούμενος,
770 2919 799 2992 εἰ
824 2912 874 3012 μῆ
897 2911 963 3011 τῆν
986 2914 1084 2991 θείαν
1107 2913 1302 3014 ἐκβέβηκεν

47 3066 89 3109 20
100 3034 260 3134 ε’ντολῆν,
280 3040 336 3115 καὶ
356 3042 386 3116 εί
403 3035 522 3116 πάντα
541 3035 633 3116 κατὰ
651 3033 760 3132 νόμον
779 3035 966 3137 εἴργασται
986 3041 1092 3116 Θεοῦ.

151 3155 278 3238 Ἔστι
293 3162 413 3240 τοίνυν
440 3160 620 3266 ἀπόδειξις
649 3158 800 3262 ἐναργὴς
828 3164 890 3257 τῆς
917 3157 983 3257 μὲν
1011 3165 1059 3243 είς
1086 3156 1128 3239 τὸ
1157 3165 1301 3267 φαῦλον

100 3281 274 3385 ἀχαλίυου
297 3286 422 3388 ῥοπῆς,
447 3287 505 3363 καὶ
529 3283 684 3386 ἀκράτου
709 3281 800 3385 πρὸς
822 3281 864 3362 τὸ
889 3290 1008 3388 χεῖρον
1025 3284 1163 3383 ῆδονῆς,
1183 3283 1224 3363 τὸ
1249 3281 1300 3385 μῆ

100 3407 271 3507 ε’θελῆσαι
295 3416 420 3507 μαθεῖν
444 3406 490 3488 τὰ
516 3408 557 3487 δι’
582 3405 632 3487 ῶν
656 3408 701 3487 ἀν
724 3441 776 3490 τις
801 3408 954 3511 ίσχιίσαι
975 3406 1066 3510 πρὸς
1089 3405 1131 3487 τὸ
1157 3408 1329 3505 ἀμεινους
1356 3434 1417 3487 156
1429 3432 1468 3486 Δ.

100 3529 326 3631 ἀναδραμεῖν·
364 3536 428 3631 τῆς
456 3530 494 3611 δέ
522 3534 580 3612 ἐπὶ
608 3538 681 3616 τοῖς
708 3533 868 3634 ἀρίστοις
897 3532 1092 3629 ἐπιθυμίας,
1118 3530 1159 3611 τὸ
1188 3534 1300 3639 φωτί-

47 3672 86 3731 25
101 3648 223 3753 ζεσθαι
242 3659 366 3760 διψῆν,
385 3659 443 3735 καὶ
463 3655 588 3760 ῶσπερ
607 3655 686 3735 τινὰ
705 3654 836 3735 κανόνα
855 3658 912 3734 καὶ
935 3658 1183 3756 ἀπευθυντῆρα
1208 3654 1300 3758 πρὸς

99 3773 166 3875 τῆν
198 3778 426 3879 ἀρέσκουσαν
455 3783 640 3860 πολιτείαν
672 3784 722 3885 τῷ
756 3785 849 3884 Θεῷ,
882 3780 945 3857 τὸν
977 3781 1087 3859 αι’ντοῦ
1119 3784 1300 3858 ποιεῖσθαι

99 3900 221 4000 νόριον·
259 3901 346 4004 ὅπερ
376 3903 472 3986 είδῶς
505 3905 616 3986 οὕτως
650 3902 751 4006 ἔχειν,
781 3907 840 3980 καὶ
873 3903 893 3980 ὁ
930 3901 1124 3986 θεσπέσιος
1158 3899 1299 4006 ψάλλει

97 4023 259 4133 μελῳδός
279 4036 299 4073 “
312 4026 361 4106 Ὁ
390 4025 499 4126 νόμος
528 4026 664 4129 Κυρίου
692 4024 837 4126 ἄμωμος
867 4027 1096 4133 ἐπιστρέφων
1121 4025 1298 4132 φυχάς,ῆ
1342 4029 1467 4160 ἓᾋχθῦ·

134 4275 160 4328 5.
180 4261 211 4316 τὰ
224 4271 393 4332 assumptum
406 4280 436 4316 ex
452 4261 483 4316 B.
654 4263 679 4316 8.
697 4259 1001 4333 τρὶ-ἐγκαλυπτόμενος]
1015 4282 1040 4314 τι
1052 4261 1094 4314 διὰ
1106 4261 1212 4330 φαῦλον
1224 4258 1298 4312 ε’κκα-

1202 4343 1249 4369 ΝΡ

97 4385 259 4449 λυπτόμενος
273 4382 304 4436 B.
317 4383 408 4438 invitis
422 4381 539 4436 Catenis.
692 4435 695 4443 ,
747 4401 772 4452 9.
791 4378 1030 4451 μένειν-ἀγαπῶν]
1044 4379 1252 4448 μένει-ἀγαθον
1266 4379 1298 4434 Β.

99 4469 143 4506 12.
162 4452 203 4533 διδ
215 4456 292 4508 τοῦτο
305 4453 338 4507 Β.
391 4522 399 4543 ’
445 4469 490 4540 ,14.
508 4458 555 4521 τὴν
561 4470 620 4543 „⁰¹n'
636 4453 737 4523 Migne.
846 4469 888 4507 20.
908 4450 983 4540 κρτίι]
1001 4457 1030 4514 -1-
1045 4454 1090 4540 ἱὸν
1104 4450 1125 4503 Β
1138 4468 1194 4574 11ιὲ
1208 4450 1299 4506 invitis

98 4522 217 4578 Catems.
326 4540 371 4595 23.
389 4546 500 4595 ισχυσιιι
514 4523 546 4578 Β.
561 4544 657 4594 ισχυσε
671 4523 722 4578 Ed.
830 4537 873 4593 27.
891 4525 992 4593 φαλλει
1006 4522 1038 4577 Β.
1052 4523 1154 4593 εψυλλε
1193 4521 1222 4577 d.
