3038 5018
99 298 286 383 vii.41,42.
309 303 366 368 IN
396 303 430 368 S.
455 302 710 369 JOANNEM.
754 302 907 368 LIB.V.
951 301 1050 366 CAP.
1074 300 1122 365 ΙΙ.
1233 300 1297 364 699

100 463 281 549 ἀσυνέτως
298 464 335 546 δέ
353 466 502 572 σφόδρα
520 470 579 547 καὶ
603 475 677 553 τοῖς
702 475 858 565 νομικοῖς
880 464 1184 571 προσβάλλοντες
1202 471 1291 544 θεω-

99 585 239 690 ρήμασι
263 592 329 669 κάν
347 590 461 699 τούτῳ
486 590 600 671 πάλιν
619 592 837 672 ἁλώσονται·
866 591 987 695 ἕτερον
1004 588 1075 693 γάρ
1092 586 1179 670 εῖναι
1198 591 1297 688 νομί-

100 712 202 815 ζουσι
233 711 298 793 τὸν
326 715 468 821 Χριστδν
499 714 598 818 παρά
630 713 693 794 τὸν
722 715 760 793 έν
791 720 843 822 τῷ
874 712 973 821 νάμφ
1005 717 1188 821 προφήτην.
1238 716 1297 793 καὶ

101 835 312 936 θαυμαστὸν
339 838 440 918 οῦδὲν
468 842 497 917 εί
524 836 590 938 τὴν
614 840 652 917 ἐν
676 837 813 922 τούτοις
842 836 1067 940 ἀκρίβειανῦ
1095 840 1206 935 δῆμος
1233 838 1298 916 οῦκ

70 958 182 1064 δέχει,
211 959 303 1040 ὅπου
329 963 388 1042 καὶ
416 960 504 1060 αῦτή
533 967 605 1040 τῶν
632 957 815 1062 ἀλαζῦνων
834 960 1043 1063 Φαρισαίων
1070 959 1093 1058 ή
1121 957 1298 1064 θεομάχος

100 1081 243 1183 πληθὺς
273 1081 339 1182 τήν
368 1083 455 1185 ’ίσηυ
483 1091 557 1170 τοῖς
586 1083 710 1188 ὄχλοις
741 1083 898 1181 ἀμαθίαν
927 1090 1090 1163 νοσοῦσα
1123 1084 1296 1189 φαίνεται.

101 1205 374 1306 ε’πιπλήττουσα
405 1207 477 1311 γάρ
505 1242 593 1288 ποτε
625 1214 677 1315 τῷ
706 1207 869 1314 μακαρίῳ
899 1210 1091 1312 Βαπτιστῇ
1120 1217 1141 1254 “
1155 1208 1206 1286 Τί
1235 1191 1452 1320 οὖνάἳζῗηί·

101 1339 124 1376 “
141 1330 332 1434 βαπτίζεις,
351 1334 477 1437 φησὶν,
495 1337 525 1411 εί
543 1331 593 1411 σῦ
611 1332 675 1410 οὐκ
694 1327 762 1410 εἶὸ
782 1329 944 1433 Χριστὸς
962 1332 1042 1409 οὔτε
1059 1330 1193 1414 Ἠλίας
1217 1328 1298 1409 οῦδὲ

102 1462 124 1501 “
142 1453 163 1531 ὁ
181 1452 370 1560 προφήτης
383 1452 417 1551 ;”
442 1454 506 1534 δύο
524 1454 596 1558 γάρ
615 1455 714 1562 ἥξειν
731 1452 1049 1556 προσδοκωμένων,
1068 1461 1132 1532 τοῦ
1149 1487 1187 1533 τε
1206 1451 1298 1532 κατὰ

50 1573 165 1656 ιοτδν
192 1575 302 1672 νόμον
328 1577 517 1684 προφήτου
545 1583 649 1683 φημὶ,
671 1577 836 1657 τουτέστι
861 1582 1036 1681 Χριστοῦ,
1065 1579 1123 1656 καὶ
1145 1577 1294 1673 Ἡλίου,

101 1701 183 1803 περὶ
209 1706 317 1801 τριῶν
338 1698 586 1798 ἐπυνθάνοντο,
609 1701 729 1804 ἕτερον
753 1699 841 1781 εἶναι
868 1699 932 1781 τὸν
954 1700 1147 1806 προφήτην
1168 1702 1297 1782 ἀποτο-

100 1821 283 1922 ττήσαντες
310 1821 409 1927 παρὰ
435 1822 499 1904 τὸν
516 1827 673 1925 Ἰησοῦν.
712 1824 839 1903 οῦκοῦν
859 1825 1021 1927 εὔκαιρον
1044 1826 1153 1902 ε’κεῖυο
1179 1823 1298 1925 λέγειν

101 1946 154 2026 ἐπ’
174 1947 303 2042 αῦτοῖς,
318 1947 359 2026 τὸ
380 1947 437 2027 διὰ
455 1957 519 2028 τοῦ
537 1945 727 2054 προφήτου
746 1946 942 2049 λεγόμενον
953 1945 1119 2051 ’Ῑεζεκιήλ
1132 1958 1154 1995 “
1167 1945 1298 2032 Καθὼς
1344 1941 1445 2072 {Q

101 2077 124 2115 ‘⁴
142 2068 165 2168 ἡ
182 2066 301 2171 νήτην
319 2071 417 2170 καὶὴ
439 2069 611 2175 θανάτου,
631 2068 792 2175 θνιᾶτυν
816 2074 881 2169 τῆς
905 2069 1039 2174 μητρός
1061 2104 1133 2150 0⁰¹²
1157 2067 1189 2150 εἶ
1211 2071 1297 2151 σεῖ’
1344 2086 1384 2137 ⁴⁵·

51 2214 89 2275 15
103 2200 206 2273 νοσεῖ
224 2192 296 2295 γάρ
321 2195 341 2273 ὁ
365 2199 475 2294 δήριος
500 2194 547 2274 τά
570 2192 814 2298 παραπλήσια
838 2200 911 2277 τοῖς
935 2195 1100 2294 ἡγεῖσθαι
1123 2203 1295 2299 λαχοῦσι·

101 2315 201 2416 πλήν
237 2321 346 2397 ἐκεῖνο
381 2314 495 2397 καλὸν
526 2323 682 2398 συνιδεῖν
716 2320 764 2400 ὡς
800 2315 898 2418 ἦσαν
928 2315 994 2416 μὲν
1023 2317 1092 2418 ἤδη
1127 2316 1219 2420 πρὸς
1255 2315 1328 2398 τὸν

101 2439 283 2521 πιστεύειν
300 2442 585 2545 ηῦτρεπισμένοι,
606 2445 663 2522 καὶ
690 2442 939 2522 ἀναπείθονται
964 2441 1007 2520 δέ
1026 2474 1104 2525 πως
1128 2439 1201 2519 ἀπὸ
1225 2447 1299 2521 τοῖν

102 2569 167 2641 τοῦ
193 2567 360 2668 Σωτῆρος
384 2563 554 2668 ῥημάτων
572 2567 629 2646 ε’πὶ
654 2562 696 2645 τὸ
722 2562 911 2666 θαυμάζειν
932 2561 1050 2662 αὐτὸν,
1069 2565 1135 2643 οῦκ
1160 2564 1299 2668 ἔχοντες

103 2683 196 2766 δέτ

49 2832 89 2879 ⁹0
103 2808 291 2908 νοημάτων
308 2811 549 2918 ἀποφέρονται
571 2812 709 2914 τρίβον,
728 2816 761 2890 οῖ
779 2809 845 2908 μέν
862 2811 926 2891 τὸν
945 2811 1097 2919 Χριστδν,
1116 2815 1150 2890 οῖ
1174 2809 1212 2891 δὲ
1236 2809 1300 2890 τὸν

102 2935 273 3040 προφήτην
291 2932 554 3017 ἀποκαλοῦντές
569 2967 607 3012 τε
627 2931 715 3013 εἶναι
733 2937 792 3014 καὶ
810 2935 878 3034 ἤδη
897 2933 1136 3017 πιστεύοντες.
1168 2932 1211 3014 τὸ
1228 2930 1300 3037 γάρ

102 3053 249 3151 Ἀληθιῖς
276 3057 487 3159 ἐγκείμενον,
512 3057 673 3162 ἔμφασιν
698 3057 769 3161 ἔχει
795 3055 876 3137 τινὰ
901 3056 1107 3158 πεπηγότος
1134 3057 1202 3158 ἤδη
1231 3067 1296 3136 λα·

102 3188 250 3282 γισμοῦ,
268 3184 327 3261 καὶ
345 3182 633 3285 ποραδεχθείσης
654 3178 811 3287 εἰσφέρει
828 3182 986 3264 πίστεως
1005 3180 1177 3288 ἀσοφίαν.

1313 3347 1394 3403 α4-
1424 3347 1467 3403 Α.

103 3437 144 3507 Οἱ
180 3440 216 3506 δὲ
247 3439 359 3514 ἕλει-ον
387 3437 444 3503 Μελ
476 3439 537 3526 τὰρ
568 3437 605 3502 ἐκ
636 3438 695 3502 τεῖο
728 3435 903 3501 Γαλιλαίας
934 3437 953 3503 ὁ
984 3437 1119 3525 Χριστὸς
1148 3435 1298 3525 ἔρχεται;
1372 3349 1413 3406 ⁷⁷

50 3573 87 3633 25
153 3567 211 3653 οὐχ
242 3567 260 3629 ἡ
295 3563 403 3652 τραφίι
437 3557 526 3628 εἶπεν
554 3564 605 3628 ὅτι
633 3564 670 3627 ἒκ
701 3564 757 3626 τοῦ
786 3565 971 3650 σπέρματοο
998 3561 1117 3627 Δαυείδ
1149 3563 1202 3626 καὶ
1232 3562 1298 3630 ἀπὸ
1313 3578 1350 3631 42

155 3690 311 3771 Βηθλεὲμ,
329 3694 388 3756 τῆς
413 3688 525 3765 mimae
548 3689 630 3756 ὅπου
655 3682 694 3752 ιἰν
712 3686 842 3766 Δαυείδ,
861 3688 990 3776 ἔρχεται
1012 3687 1031 3753 ὁ
1055 3689 1210 3776 Χριστόο;

159 3872 240 3949 Οῦκ
258 3871 511 3972 ἀταλαίπωρον
524 3871 688 3949 Ἰουδαῖοι
705 3875 889 3947 ποιοῦνται
907 3865 974 3966 τὴν
991 3864 1140 3970 ζήτησιν
1157 3865 1223 3966 τήν
1241 3870 1299 3949 ἐπὶ

104 3997 270 4100 Χριστῷ.
309 3991 367 4072 διὰ
390 3991 461 4096 γάρ
488 3989 611 4089 πάσης
630 3989 740 4072 ἰόντες
758 3991 893 4074 ε’νυοίας
910 3990 1144 4091 εὑρίσκονται,
1163 3993 1223 4070 καὶ
1241 3991 1299 4071 διὰ

139 4239 165 4287 4.
183 4220 277 4275 ένοω.
290 4219 393 4290 Migne.
486 4218 512 4273 8.
531 4216 603 4289 οὔτε]
616 4217 676 4272 οὐδέ
689 4235 712 4271 θ.
801 4234 828 4299 9.
846 4214 1075 4299 ταῦτε-ΪΗλίου]
1090 4214 1299 4289 ήλιοῦφημίκαδ

103 4295 150 4348 τοῦ
162 4291 225 4344 κατὰ
236 4292 282 4345 τὸν
292 4292 372 4358 νόμον
382 4287 528 4359 προφήτου,
539 4288 660 4344 τουτέστι
672 4290 789 4358 Χριστοῦ
800 4304 907 4342 mvmo
919 4287 1012 4342 ordine
1024 4304 1048 4342 a.
1153 4305 1195 4361 13.
1214 4291 1245 4344 τὰ
1256 4289 1299 4343 διδ

103 4390 150 4443 τοῦ
161 4389 299 4457 προφητοῦ
310 4372 450 4456 λεγόμινῦν
463 4385 496 4440 Β.
586 4401 629 4440 οο.
648 4385 805 4454 νοημότονο
818 4384 877 4438 Cat.
894 4383 969 4438 Harl.
981 4392 1051 4439 reete
1062 4384 1213 4440 emeudsvit
1227 4384 1298 4439 Aub.

103 4458 178 4513 etita
189 4475 213 4511 a.
226 4457 377 4543 νοσημάτερν
390 4455 423 4512 Β.
437 4455 527 4511 Holst.
600 4472 643 4511 τι.
662 4476 690 4510 τε
702 4452 767 4510 εἶναι
778 4456 819 4509 καὶ
832 4452 893 4545 ήδή]
907 4450 1084 4545 ήδηραὶρίναι
1097 4472 1122 4512 a.
1193 4472 1236 4510 22.
1256 4455 1301 4526 ε’γ·

104 4526 232 4600 κείμενον]
244 4548 431 4598 προσκειμενον
442 4543 467 4584 ι.
480 4527 539 4582 eat.
554 4525 630 4582 Harl.
738 4539 781 4595 25.
799 4526 876 4596 οῦχη
890 4525 923 4580 Β.
936 4526 996 4595 ουχὶ
1008 4547 1023 4593 η
1038 4525 1088 4583 ut.
1102 4526 1153 4582 Ed.

654 4627 749 4690 ηοω
