3038 5018
56 281 192 383 ⁴vi.11.
274 285 330 349 IN
361 286 674 351 S.JOANNEM.
720 288 815 351 LIB.
839 287 905 352 111.
951 288 1053 351 C'AP.
1071 287 1129 350 IV.
1219 289 1282 350 417

82 455 154 532 κιῦς
181 450 223 529 τό
249 455 465 556 Εὑχαριστῶ
491 489 552 533 σοι
581 454 815 553 λαμβάνεται,
834 457 944 537 οὕτως
973 458 1030 534 καὶ
1059 456 1211 543 ἐνταῦθα
1240 452 1312 530 τάς

83 573 305 674 Εὑλογήσας
323 579 471 656 ἐπὶτῶν
489 577 607 677 ἀρτων
627 587 766 658 νοεῖται.

139 698 361 797 Σημειωτέον
389 700 437 799 δὲ,
461 700 515 780 ὅτι
543 705 621 782 ἀντὶ
649 711 714 783 τοῦ
741 701 1030 807 Εύχαρισιήσας,
1049 699 1092 779 τά
1112 698 1281 800 Εὑλογή-
1330 714 1452 793 &Matth-

82 854 154 902 σας
172 821 308 925 εἴρηκεν
326 825 346 902 ὁ
367 830 566 925 Ματθαῖος,
586 826 805 934 διαφωνήσει
829 827 867 906 δὲ
892 829 1055 924 οὐδαμῶς
1076 830 1150 902 τῶν
1173 825 1285 924 ἁγίων
1329 794 1427 846 ’Μ’

46 943 106 1042 5ἡ
135 942 288 1030 ἕκδοσις.
342 948 380 1028 ἓν
405 949 477 1052 γὰρ
507 951 687 1056 ἀποδείξει
716 950 758 1030 τὸ
783 947 1058 1056 συναμφότερον
1087 950 1107 1027 ὁ
1136 955 1285 1032 Παῦλος

83 1070 193 1148 εἰπών
211 1080 233 1135 ‘-‘
246 1069 334 1153 Ὅτι
362 1081 436 1152 πᾶν
454 1082 586 1177 βρῶμα
605 1080 700 1154 Θεοῦ
720 1073 842 1171 καλὸν,
863 1077 920 1153 καὶ
943 1073 1043 1153 ούδέν
1063 1069 1284 1169 ἀπόβλητον,
1333 1079 1454 1128 ffunjv.

85 1203 107 1239 ‘⁴
126 1192 304 1296 ἁγιάζεται
330 1195 402 1298 γάρ
421 1197 479 1277 διά
504 1197 619 1299 λόγου
638 1205 733 1278 Θεοῦ
757 1202 815 1277 καὶ
839 1197 1057 1302 ε’ντεύξεως·”
1087 1198 1287 1297 εὐλογεῖται
1331 1159 1387 1209 Μ’

85 1316 124 1397 δὲ
150 1315 294 1404 πάντως
322 1319 363 1399 τδ
393 1321 625 1424 ἁγιαζόμενον
651 1322 708 1401 διά
735 1328 799 1419 τῆς
826 1324 864 1400 ἐν
891 1321 1043 1427 ἐντεύξει
1071 1323 1286 1429 προσευχῆς,

85 1439 131 1541 ἣν
148 1445 206 1522 ε’πὶ
224 1441 410 1545 τραπέζαις
429 1448 482 1524 ἀεὶ
500 1454 613 1526 ποιεῖν
631 1445 826 1542 εἰθίσμεθα.

31 1606 73 1646 10
140 1563 290 1667 Ἐπειδὴ
320 1567 358 1647 δὲ
387 1567 560 1670 ἀζήτητον
587 1575 660 1646 τῶν
691 1567 953 1672 συμφερόντων
981 1567 1081 1648 οὑδὲν
1110 1578 1284 1664 καταλιμ·
1301 1597 1319 1634 a
1340 1580 1455 1635 283A.

85 1688 265 1770 πάνεσθαι
297 1693 435 1795 πρέπει·
477 1692 564 1797 φέρε
596 1692 641 1792 δή
679 1726 714 1770 τι
748 1691 869 1796 βραχὺ
901 1695 960 1771 καὶ
991 1697 1039 1776 είς
1071 1689 1153 1774 τοῦς
1185 1689 1289 1770 πέντε

87 1813 252 1914 λέγωμεν
270 1811 409 1916 ἄρτους,
427 1815 528 1917 οἵπερ
553 1815 649 1916 ἦσαν
674 1812 774 1917 παρὰ
801 1821 852 1922 τῷ
879 1817 1054 1922 παιδαρίῳ
1083 1817 1141 1894 καὶ
1169 1820 1217 1899 είς
1245 1812 1291 1893 τά

88 1937 153 2017 δύο
170 1934 319 2043 ὀψάρια·
340 1935 453 2040 λύγον
470 1938 542 2042 γάρ
562 1939 676 2018 ὠδίνει
695 1936 870 2037 μυστικὸν
889 1946 960 2017 τῶν
979 1939 1185 2041 ηὑρημένων
1205 1936 1291 2017 αὑτό

87 2094 128 2140 τε
146 2059 188 2140 τὸ
207 2057 307 2157 εἶδος,
327 2065 385 2141 καὶ
413 2061 485 2160 μὴν
507 2066 564 2142 καὶ
593 2065 613 2141 ὁ
642 2060 803 2165 ἀριθμός.
844 2059 903 2141 διὰ
930 2063 968 2140 τί
993 2058 1074 2163 γάρ,
1094 2060 1205 2164 τυχὸν
1223 2063 1296 2163 ε’ρεῖ

27 2187 76 2281 v15
89 2219 143 2268 τις
170 2189 242 2262 τῶν
270 2186 601 2290 φιλομαθεστέρων,
626 2188 704 2290 οὑχὶ
732 2193 879 2285 μᾶλλον
906 2184 1084 2287 τέσσαρες
1112 2191 1144 2263 οἱ
1172 2183 1288 2286 ἀρτοι,

90 2312 148 2388 καὶ
166 2312 259 2407 τρεῖς
278 2315 311 2388 οἱ
331 2309 470 2414 ίχθύες;
501 2310 596 2390 διατί
612 2309 649 2389 δέ
667 2309 717 2409 μὴ
735 2310 849 2406 πέντε,
870 2311 927 2388 καὶ
944 2303 1110 2412 τέσσαρα
1129 2309 1290 2412 ὀφάριας

89 2432 129 2512 τί
150 2429 187 2509 δέ
210 2427 255 2530 ἦν
281 2433 376 2516 ὅλως
401 2432 443 2512 τὸ
467 2433 668 2536 ἀναγκάζον
686 2437 744 2512 καὶ
766 2439 838 2512 τῶν
858 2432 1064 2536 ηὑρημένων
1082 2433 1291 2539 ἐξηγεῖσθαι

90 2555 156 2637 τὸν
167 2555 336 2656 ἀριθμὸν,
357 2561 415 2635 καὶ
434 2558 512 2662 οὐχὶ
530 2565 675 2656 μᾶλλον
694 2555 945 2660 ἁπλούστερον
963 2591 1001 2636 τε
1026 2561 1084 2635 καὶ
1103 2555 1326 2639 ἀπολύτωςλ)

92 2678 189 2760 εἶπεν
214 2681 259 2787 ἐξ
283 2681 417 2783 ὀλίγων
443 2683 569 2778 κομιδῆ
595 2688 666 2760 τῶν
694 2680 899 2783 ηὑρημένων
923 2680 988 2779 τὴν
1006 2682 1203 2782 ἀμέτρητον
1220 2685 1294 2759 τῶν

36 2847 79 2888 οο
93 2805 387 2885 ἀκολουθούντων
414 2798 684 2910 ἀποτετράφθαι
712 2803 856 2901 πληθύν
868 2837 879 2901 ;
909 2803 952 2884 τὸ
980 2804 1017 2883 δὲ
1046 2805 1129 2883 λίαν
1156 2806 1289 2882 ε’σπου·

47 3000 50 3005 .
94 2928 284 3028 δασμένως
311 2931 370 3007 καὶ
398 2931 478 3031 περὶ
506 2927 642 3007 τούτων
665 2927 874 3034 ἐξηγεῖσθαι
896 2925 959 3006 τὸν
976 2927 1149 3029 μακάριον
1168 2929 1290 3027 Εὑαγ·

93 3049 281 3154 γελιστὴν,
316 3051 445 3131 δίδωσί
474 3086 509 3130 τι
543 3048 686 3133 πάντως
718 3053 857 3147 ε’ννοεῖν,
891 3048 911 3130 δ
942 3054 1000 3130 καὶ
1033 3048 1146 3151 ζητεῖν
1178 3054 1290 3152 ἀναγ·

93 3182 205 3256 καῖον.

150 3301 306 3396 Οὑκοῦν,
334 3299 438 3379 πέντε
470 3297 536 3398 μὲν
568 3295 658 3378 εἷναί
687 3304 783 3403 φησι
816 3295 898 3381 τοῦς
930 3297 1069 3400 ἄρτους,
1101 3304 1159 3376 καὶ
1190 3306 1295 3377 τοῦτο

38 3463 80 3525 ²5
95 3424 281 3527 κριθίνους,
313 3422 377 3504 δύο
410 3423 448 3504 δὲ
485 3421 532 3503 τὰ
564 3422 712 3527 ὀψάρια,
746 3425 802 3501 καὶ
842 3419 901 3501 διά
935 3423 1072 3501 τούτων
1104 3421 1296 3527 ἀποτρέφει

95 3547 257 3649 Χριστὸς
281 3546 362 3632 τοῦς
387 3553 603 3650 ἀγαπῶντας
622 3545 739 3625 αὑτόν.
780 3544 877 3644 οἶμαι
904 3545 940 3625 δὲ
966 3547 1089 3647 ἔγωγε·
1119 3549 1177 3624 καὶ
1202 3578 1292 3623 σκο·

94 3673 204 3753 πείτω
236 3670 278 3752 τὸ
311 3679 470 3774 κρεῖττον
501 3673 520 3750 ὁ
553 3670 774 3778 φιλομαθής·
818 3669 873 3748 ὅτι
905 3668 963 3749 διὰ
994 3667 1061 3768 μέν
1092 3675 1164 3747 τῶν
1193 3668 1327 3748 πέντεα

95 3796 214 3898 ἀρτων
233 3802 305 3875 τῶν
323 3795 499 3898 κριθίνων,
518 3793 560 3874 τὸ
583 3792 795 3897 πενταμερές
815 3803 877 3874 τοῦ
894 3793 1089 3899 πανσύφου
1110 3791 1297 3873 Μωυσέως
1372 3880 1382 3888 ,

95 3920 244 4012 βιβλίον
271 3921 493 4020 σημαίνεται,
523 3920 686 3997 τουτέστι
715 3917 864 4016 σύμπας
897 3918 916 3996 ὁ
949 3913 1066 4014 νόμος,
1094 3914 1298 4019 παχυτέραν

39 4072 82 4129 30
96 4039 222 4146 ὥσπερ
247 4043 425 4150 εἰσφέρων
451 4041 517 4140 τὴν
544 4041 602 4120 διὰ
629 4049 693 4122 τοῦ
720 4040 931 4145 γράμματος
960 4043 1017 4119 καὶ
1045 4044 1108 4138 τῆς
1139 4038 1299 4141 ἱστορίας

98 4391 115 4416 u
134 4333 168 4440 3,)
179 4318 210 4370 τό
223 4325 285 4440 ημιέ
297 4316 354 4370 ιῦλ.
366 4334 421 4440 ιᾶιιι.
437 4316 468 4370 Β.
483 4315 529 4440 κὲδ
542 4315 620 4398 [piene
633 4333 667 4402 ιιι
679 4333 733 4369 ver.
750 4332 773 4368 ι.
786 4318 885 4383 supra?
906 4383 929 4436 B
1023 4311 1049 4367 6.
1067 4309 1253 4402 βρῶμοὶιιιιΙιρι
1267 4309 1300 4435 ἓ.

162 4404 264 4527 ιιι.
277 4404 452 4528 αιτιοι·
510 4395 956 4536 ιτιιειιννυιπ.
970 4453 1003 4508 ι.
1094 4401 1302 4523 ,α

98 4533 149 4582 τῶν
161 4528 236 4581 πέντε
250 4527 283 4581 Β.
368 4544 411 4598 29.
431 4526 594 4600 σημαίνεται]
607 4528 767 4597 λαμβάνεται
780 4525 813 4580 Β.
826 4535 916 4580 mvms
930 4525 1000 4579 Catt.

142 4633 213 4678 τοι.
230 4634 253 4677 1.
507 4661 509 4665 ψ
680 4634 699 4699 3
716 4634 738 4676 ιι
