3038 5018
67 307 233 396 ii.17-19.
271 310 327 375 IN
358 310 392 375 S.
416 307 670 375 JOANNEM.
717 304 883 371 LIB.II.
929 300 1084 366 CARI.
1204 297 1269 359 209

64 523 295 603 Ἐμνήσθησαν
323 529 352 595 οί
380 531 521 607 μαθιιταί
548 530 647 595 αὐτοῦ
674 531 724 595 ὃτι
751 527 970 616 τετραμμένον
997 519 1084 588 ἐστίν
1103 518 1145 583 ‘O
1172 519 1266 607 μἰλοε
1283 528 1317 590 17

373 661 430 721 τοῦ
458 653 551 722 οἴκου
578 679 635 722 σου
663 652 886 741 καταφάτεταί
913 675 963 726 με.

126 841 370 945 Ἐρανίζονται
390 845 481 926 κατὰ
498 845 619 950 βραχύ
637 843 679 924 τὸ
696 847 734 923 ἐν
752 843 885 945 γνώσει
903 839 1040 920 τέλειον
1059 843 1091 917 οἱ
1110 836 1268 934 μαθηταὶ

69 968 139 1061 καί,
157 973 234 1050 ταῖς
252 975 326 1048 τῶν
342 970 567 1071 πραγμάτων
585 968 761 1062 ἐκβάσεσι
778 964 824 1044 τά
841 961 1072 1067 γεγραμμένα
1090 956 1265 1053 συμβάλ-

36 1113 55 1173 5
70 1098 205 1187 λοντες,
224 1089 371 1191 πολλὴν
388 1094 456 1194 ἤδη
476 1094 675 1174 δεικνύουσι
692 1089 758 1191 τὴν
776 1093 833 1171 ἐπὶ
851 1087 894 1168 τὸ
912 1085 1029 1189 μεῖᾷνν
1047 1087 1219 1166 ἐπίδοσιν.

1280 1246 1298 1289 ο

247 1342 287 1406 Τί
314 1340 446 1420 σημεῖον
474 1344 630 1408 δεικνύειε
658 1340 732 1418 ἡμῖν
759 1344 808 1408 ὅτι
836 1346 937 1404 ταῦτα
965 1334 1089 1417 ποιεῖε;
1283 1349 1319 1403 18

130 1538 431 1639 Καταπλήττεται
458 1545 523 1638 τῆς
549 1541 715 1646 ἐξουσίας
742 1540 784 1618 τὸ
812 1539 915 1645 ξένον
943 1537 965 1635 ἡ
995 1542 1066 1614 τῶν
1088 1532 1269 1612 Ἰουδαίων

69 1661 223 1761 πληθὺς,
257 1665 486 1770 δυσφοροῦσι
520 1664 557 1743 δὲ
590 1666 674 1743 λίαν
706 1669 739 1742 οί
767 1666 818 1769 τῷ
851 1666 924 1767 ναῷ
953 1656 1267 1762 προσεδρεύοντες,

71 1791 206 1888 κερδῶν
238 1788 302 1867 οῦκ
339 1788 583 1893 εύαριθμήτων
614 1786 928 1890 ἀποστερούμενοι.
984 1786 1042 1861 καὶ
1076 1781 1270 1885 διελέγχειν

16 1947 58 1988 10
70 1908 137 2007 μίν
164 1913 228 1989 ούκ
255 1911 411 2016 ἔχουσιν,
439 1915 487 1995 ὡς
518 1913 582 1992 ούκ
615 1910 748 2014 ἀριστα
778 1910 889 2011 λε’γοι,
918 1906 968 2008 μὴ
999 1913 1071 1988 δεῖν
1099 1906 1270 2007 ἐμπορίας

72 2029 169 2111 οίκον
196 2032 259 2112 τὸν
283 2040 377 2114 θεῖον
402 2037 676 2115 ἀναδείκνυσθαι
703 2033 789 2113 ναὸν
814 2031 1023 2114 ε’πιτοίττων·
1064 2028 1270 2131 ὑπερθέσεις

72 2154 110 2233 δὲ
141 2152 254 2236 πάλιν
281 2162 326 2262 τῇ
361 2164 433 2236 τῶν
461 2156 627 2259 ἐμπύρων
661 2163 762 2264 φυγῇ
795 2153 1118 2259 πραγματεύονται,
1145 2150 1187 2230 τὸ
1220 2149 1300 2250 μὴα
1330 2177 1387 2230 141
1400 2174 1436 2230 Α.

71 2280 269 2384 προχείρως
290 2286 419 2384 χρῆναι
445 2282 596 2362 ὑπείκειν
622 2282 717 2387 αύτῷ
743 2278 1059 2384 προφασιζόμενοι,
1084 2274 1172 2376 μήτε
1200 2274 1271 2372 μὴν

72 2402 341 2506 ἀπερισκέπτως
373 2411 424 2505 είςΙ
454 2403 544 2485 Υίῦν
575 2403 849 2509 παραδέξασθαι
885 2410 949 2482 τοῦ
982 2407 1077 2481 θεοῦ
1114 2397 1178 2501 τὸν
1211 2401 1268 2479 ὑπ’
1331 2484 1336 2504 ,

18 2555 56 2615 15
72 2526 212 2611 ούδενῦς
239 2529 388 2627 σημείου
415 2525 713 2630 μαρτυρούμενον.

438 2766 560 2831 Λύσατε
587 2763 643 2830 τὸν
671 2766 748 2832 ναὸν
776 2771 902 2830 τοῦτον.
1286 2795 1322 2852 19

127 2962 215 3040 Τοῖς
233 2958 277 3062 ἐξ
296 2959 433 3058 ἀγαθῆς
458 2956 696 3060 προαιρέσεως
724 2965 865 3036 αίτοῦσι
889 2958 934 3036 τά
958 2956 1080 3059 ἀγαθὰ
1103 2960 1159 3035 καί
1186 2956 1270 3034 λίαν

72 3081 220 3177 ἑτοίμως
246 3080 360 3183 ὀρέγει
389 3079 492 3164 θεός·
535 3088 608 3164 τοῖς
637 3079 675 3159 δὲ
704 3088 900 3182 προσιοῦσι
927 3086 1175 3181 πειραστικῶς,
1203 3080 1303 3181 ούχι)

73 3201 169 3285 ὅπως
202 3205 357 3306 ἀρνεῖται
389 3203 500 3303 μόνον
532 3204 597 3303 τὴν
629 3203 685 3311 ἐφ’
719 3203 770 3287 οἷς
802 3202 847 3282 σίν
880 3210 1009 3283 αίτῦσι
1041 3205 1265 3311 φιλοτιμίαν,

15 3369 58 3410 20
72 3325 172 3405 ἀλλά
203 3331 262 3406 καὶ
293 3326 336 3406 τῦ
373 3332 436 3425 τῆς
472 3330 643 3429 πονηρίας
675 3327 840 3428 ἔγκλημα
873 3328 1111 3430 περιτίθησιν.
1157 3327 1269 3410 οὕτως

73 3456 260 3532 αίτοῦντας
286 3457 437 3550 σημεῖον
454 3450 535 3534 τοῦς
562 3453 782 3554 Φαρισαίους
806 3457 844 3530 ἐν
867 3449 996 3552 ἑτέροις
1021 3457 1094 3529 τῶν
1113 3451 1263 3551 εὐαγγε-

73 3573 162 3652 λίων
190 3571 312 3657 τύποις
339 3573 495 3681 ἤλεγξεν
523 3573 631 3654 είπὼν
659 3576 679 3652 ὁ
709 3573 837 3674 Σωτήρ
864 3586 885 3621 “
900 3573 1010 3654 Γενεὰ
1038 3573 1179 3676 πονηρὰ
1209 3576 1268 3652 καὶ
1313 3592 1438 3671 Efflatth.

71 3705 94 3743 ‘⁶
111 3700 279 3801 μοιχαλὶς
296 3705 447 3796 σημεῖον
465 3694 626 3798 ἐπιζητεῖ,
645 3703 704 3776 καὶ
726 3704 875 3797 σημεῖον
894 3700 935 3776 ού
960 3696 1153 3796 δοθήσεται
1178 3698 1267 3802 αὐτῇ
1312 3674 1355 3784 {2
1369 3673 1409 3723 39·

72 3829 93 3866 “
112 3825 141 3899 εί
173 3819 223 3919 μὴ
254 3818 295 3900 τῦ
324 3828 475 3921 σημεῖον
504 3822 608 3900 Ἰωνᾶ
636 3830 700 3902 τοῦ
728 3825 928 3928 προφήτου·
969 3819 1092 3924 ὥσπερ
1123 3819 1194 3922 γὰρ
1225 3819 1268 3920 ἦν

111 4054 135 4092 1.
153 4036 349 4110 Ἐμνήσθησαν]
366 4044 395 4103 4·
410 4038 439 4093 δὲ
452 4037 503 4092 Ed.
516 4039 600 4094 invito
613 4039 646 4094 B.
723 4055 748 4094 2.
765 4038 810 4110 με]
827 4044 856 4103 -ί-
870 4038 1046 4108 ἀπειιρίθησαν
1057 4037 1102 4093 σύν
1114 4039 1138 4091 οί
1149 4037 1269 4093 Ἰουδαῖοι

72 4108 114 4161 καὶ
126 4105 198 4162 εἶπον
209 4109 277 4180 αὐτῷ
291 4108 343 4162 Ed.
355 4109 440 4163 invito
454 4109 486 4162 B.
636 4121 698 4199 3—5.
718 4109 779 4163 Ηοο
791 4109 911 4163 scholion
924 4109 1050 4164 exhibent
1063 4109 1096 4174 1.,
1109 4118 1268 4181 catenaeque

74 4188 189 4269 εεῑεζιις.θ
320 4249 325 4260 Ι
378 4178 404 4234 6.
422 4182 504 4236 ποιεῖς
511 4179 532 4250 ;]
550 4179 715 4250 -Ι-,ιίπεκριθη
727 4178 828 4265 Ἰησοῦς
840 4177 881 4232 καί
893 4175 963 4234 εἶπεν
974 4180 1060 4236 αὐτοῖς
1073 4178 1123 4266 βᾶ.
1137 4179 1221 4233 invito
1236 4180 1267 4234 B.

72 4248 566 4389 ιηθθζδλῖἳίῑίαἵθ·
689 4248 1120 4390 ..ξῖίλῒῖιδθεθὲἑῗιλθ
1134 4248 1185 4410 l{31
1203 4252 1268 4391 ..θ

71 4391 164 4459 χείρως
175 4391 268 4459 χρῆναι
280 4390 331 4443 hoc
344 4390 437 4445 ordine
450 4391 501 4444 a.b.
517 4390 596 4446 Cord.
608 4391 751 4460 προχείρως
763 4391 829 4461 χρὴν
842 4391 864 4445 l.
958 4390 997 4444 16.
1016 4391 1154 4481 Ἀπεκρίθη
1175 4395 1268 4459 Ιησοῦς

72 4461 113 4512 καί
125 4456 195 4513 εἶπεν
206 4461 293 4516 αὐτοῖς
304 4462 448 4530 praemittit
461 4462 562 4531 Migne.
618 4459 722 4533 τοῦτον]
735 4463 768 4526 '†
783 4463 824 4517 καί
836 4461 864 4515 ἐν
875 4461 962 4530 τρισίν
973 4460 1077 4533 ἦμεροῐς
1088 4466 1170 4534 εγερῶ
1181 4462 1267 4516 αὐτόν·

72 4525 143 4584 είπον
154 4529 199 4584 οὖν
210 4532 235 4584 οί
246 4529 366 4586 Ἰουδαῖοι
379 4530 429 4586 Ed.
442 4532 525 4586 invito
539 4531 571 4587 B.

115 4631 185 4676 VOL.
202 4633 223 4676 1.
640 4633 660 4677 E
675 4637 692 4678 θ
