3038 5018
248 292 291 357 82
552 293 591 357 Β.
614 292 826 358 CYRILLI
853 292 1143 360 ALEXANDR.
1382 288 1403 353 i.
1415 307 1447 369 4.

248 453 411 563 ὑμοφνῖγς
438 455 508 561 ἄρα
535 458 615 537 ε’στὶ
641 464 715 543 τοῖς
741 459 998 560 πεποιημένοις,
1027 461 1087 539 καὶ
1114 455 1156 538 τὸ
1184 452 1272 538 εἶναι
1298 447 1447 557 γενητδς

249 579 446 680 οὐδαμόθεν
461 578 707 687 διαφεύξεται;
737 589 815 668 πῶς
832 581 946 682 οῦν,ιιἰ
964 580 1088 684 πάσης
1105 582 1241 685 μωρίας
1259 575 1445 683 ἀνάπλεῳ,

219 701 392 810 οφωτίζει
416 702 482 804 μέν
506 703 688 803 αὑτὸς,τᾶ
712 703 751 784 δέ
777 706 964 787 ὑπἀὐτοῦ
987 704 1199 814 φωτίζὲται;
1237 700 1259 802 ἢ
1285 700 1356 805 γάρ
1382 700 1449 803 οὑχ

249 825 369 927 ἕτερον
399 824 465 926 μέν
492 826 535 907 τὸ
568 826 723 934 φωτίζον
750 828 861 928 ἐστὶν,
889 828 1009 933 ἕτερον
1037 828 1076 909 δὲ
1107 826 1149 909 τὸ
1182 822 1445 933 φωτιῷμενονς

249 948 334 1028 ἀλλ’
353 949 433 1029 ἔστι
457 953 570 1050 δῆλον
592 952 651 1030 καὶ
677 952 789 1031 παντί
810 986 862 1059 τερ
889 952 1019 1058 σαφές.
1060 958 1090 1032 εἰ
1116 948 1188 1055 γὰρ
1213 945 1344 1029 τοῦτὸν
1361 944 1481 1025 εἷναι5

248 1071 401 1172 δοίημεν,
430 1072 520 1154 ὅσον
547 1078 595 1158 εἰς
622 1073 748 1178 οὐσίας
774 1073 957 1175 ποιότητα,
986 1078 1045 1154 καὶ
1074 1073 1138 1154 τὸν
1165 1081 1229 1154 τοῦ
1256 1078 1333 1155 πῶς
1361 1068 1448 1149 εἶναι

248 1195 373 1298 λόγον,
406 1197 444 1277 τί
479 1195 521 1277 τὸ
554 1198 668 1278 πλέον
700 1200 738 1277 ἐν
769 1202 821 1306 τῷ
857 1197 1021 1304 φωτίζειν
1054 1196 1227 1304 ἰσχύοντι,
1259 1197 1298 1276 τί
1331 1193 1370 1273 δὲ
1405 1190 1448 1274 τῦ

163 1372 167 1379 -
248 1316 401 1400 ἔλαττον
419 1321 518 1407 αὖθις
536 1323 575 1402 έν
591 1325 644 1428 τῷ
667 1318 787 1426 φωτὸς
810 1321 986 1432 δεομένιρ;
1015 1321 1097 1429 ἥξει
1121 1318 1194 1424 γὰρ
1221 1321 1273 1399 ἐπ’
1294 1321 1445 1421 ἀμφοῖν,

247 1441 337 1546 ὅπερ
362 1442 407 1523 διν
424 1443 480 1540 ἴοι,
499 1447 559 1523 καὶ
581 1441 651 1522 ἀνὰ
675 1443 781 1547 μέρος
805 1446 860 1551 ἐφ’
880 1445 1045 1552 ἑκατέρην,
1069 1447 1127 1524 καὶ
1153 1449 1232 1549 φῶς
1256 1439 1322 1541 μέν
1344 1441 1448 1519 ἔσται

248 1565 291 1645 τῦ
318 1567 357 1645 έν
384 1567 486 1674 χρεία
512 1564 644 1674 φωτὸς,
672 1564 715 1646 τὸ
745 1565 783 1646 δέ
816 1573 894 1673 φῶς
924 1566 1159 1672 ἀδιαφορήσει
1192 1562 1444 1671 φωτιᾷίμενον.
1464 1596 1503 1636 ιο

80 1714 124 1770 5⁶
138 1711 177 1769 A„
220 1686 352 1768 ιιιῖλλδ
386 1688 511 1790 πολλή
548 1723 603 1774 τις
639 1691 677 1771 έν
709 1689 845 1774 τούτοις
882 1690 905 1789 ἦ
942 1696 1015 1770 τοῖν
1052 1685 1291 1792 θεωρημάτων
1323 1687 1448 1788 ὁρᾶται

248 1809 440 1916 σύγχυσις,
460 1815 519 1892 καὶ
543 1816 734 1915 ἀναγκαῖος
759 1812 843 1911 ἡμῖν
865 1812 1053 1912 ἀποτέμνει
1077 1808 1188 1913 λόγος
1215 1815 1287 1890 τῶν
1311 1811 1444 1908 ὀνομα-

248 1933 412 2016 σθέντων
436 1935 613 2040 ἑκάτερον,
639 1937 677 2017 ἐν
698 1935 769 2042 ἰδίᾳ
794 1968 834 2015 τε
857 1933 980 2037 τίθησι
1005 1934 1114 2041 φύσει
1139 1932 1182 2015 τὸ
1205 1941 1386 2039 χορηγοῦν
1410 1934 1448 2012 ἐν

246 2058 385 2144 τούτοις
421 2057 522 2163 παρὰ
558 2059 600 2139 τὸ
637 2058 913 2163 χορηγούμενον.
970 2060 1034 2140 οὑκ
1071 2059 1141 2162 ἄρα
1177 2054 1339 2162 ὑμοφνὴς
1374 2063 1448 2140 τοῖς

246 2183 493 2285 πεποιημένοις
512 2183 533 2262 ὁ
550 2179 650 2281 Υῖδς,
667 2184 753 2263 ἀλλ’
769 2184 808 2262 έν
826 2186 872 2288 τῇ
891 2190 955 2262 τοῦ
975 2180 1121 2285 Πατρδς
1146 2182 1253 2287 ούσίηι
1274 2180 1445 2276 κείσεται,
1464 2199 1502 2260 15

247 2312 327 2414 φῶς
345 2305 518 2407 ἀληθινὸν
535 2309 575 2387 έκ
592 2303 714 2412 φωτὸς
733 2303 905 2410 ὑπάρχων
923 2308 1106 2405 ἀληθινοῦ.

303 2427 478 2511 Χαλεπὸν
497 2428 534 2509 δέ
560 2426 662 2508 οὐδέν
683 2427 747 2508 τὸν
767 2431 826 2509 ἐπὶ
851 2436 925 2512 τοῖς
949 2436 1181 2532 προλαβοῦσι
1202 2427 1444 2532 μεταρρυθμί-

248 2549 374 2652 ζοντας
392 2550 516 2653 λόγον,
535 2548 577 2631 δν
595 2553 653 2632 ἐπὶ
670 2556 722 2658 τῷ
740 2549 833 2631 κατὰ
851 2552 966 2657 φύσιν
985 2549 1156 2656 ὑπάρχειν
1174 2550 1265 2655 ζωὴν
1282 2550 1346 2630 τὸν
1358 2547 1449 2629 Υῖὺν

213 2675 485 2774 οπεποιὴμεθα,
513 2670 632 2777 ἕτερόν
656 2707 694 2753 τε
721 2673 807 2753 ὄντα
831 2673 931 2776 παρὰ
958 2672 1005 2753 τὰ
1032 2677 1069 2753 έν
1093 2672 1145 2758 οἷς
1169 2677 1269 2753 ἐστιν
1291 2671 1445 2751 ἐδεικνύ·

247 2830 344 2898 ομεν,
363 2800 422 2877 καὶ
440 2794 505 2897 τὴν
523 2799 560 2877 έν
578 2800 667 2903 τῷδε
685 2803 737 2904 τῷ
756 2798 943 2903 κεφαλαίῳ
960 2795 1276 2901 διευκρινήσασθαι
1294 2803 1445 2900 γνῶσιν·
1463 2824 1504 2865 ²0

246 2921 304 3002 ε’πὶ
331 2919 369 3001 δέ
397 2928 460 3000 τοῦ
487 2918 538 3019 μὴ
565 2919 694 3022 ἑτέροις
725 2916 789 2998 τὸν
815 2920 874 2998 ἐπὶ
903 2919 1039 3002 τούτοις
1069 2927 1286 3026 καταλεῖφαι
1317 2917 1445 3016 πόνον,

244 3042 266 3145 ἢ
287 3048 345 3125 καὶ
364 3044 457 3151 ὄκνῳ
477 3046 717 3146 κεκρατῆσθαι
736 3045 861 3140 δοκεῖν,
881 3041 987 3126 αὑτὸς
1011 3041 1081 3145 ἐγὼ
1106 3039 1218 3122 πάλιν
1236 3040 1300 3122 τὸν
1319 3045 1356 3121 ε’ν
1374 3050 1447 3126 τοῖς

244 3174 477 3271 προλαβοῦσι
505 3171 775 3267 συλλογισμοῖς
802 3171 1126 3272 μεταστοιχειιῦσαι
1156 3165 1220 3246 τὸν
1246 3164 1370 3262 τύπον,
1398 3168 1447 3249 ὡς

246 3285 291 3367 ἂν
320 3286 393 3371 οἶός
423 3323 464 3368 τε
493 3285 533 3384 ὦ,
561 3286 790 3391 πειράσομαι.
838 3292 886 3372 ὡς
915 3287 987 3393 γὰρ
1016 3291 1054 3369 ἐν
1082 3290 1222 3373 ἐκείνοις
1252 3285 1322 3390 ζωὴ
1355 3287 1446 3368 κατὰ

246 3409 361 3517 φύσιν
386 3407 567 3515 ὑπάρχων,
592 3410 709 3515 ἕτερος
731 3408 781 3491 ὧν
803 3411 902 3515 παρὰ
930 3410 976 3492 τὰ
1003 3414 1041 3491 έν
1064 3411 1194 3515 οἷσπερ
1221 3410 1266 3511 ἦν
1286 3411 1441 3518 ἀναφαί-
1461 3438 1502 3499 25

246 3566 352 3630 νεται,
381 3533 474 3612 οὕτω
506 3534 572 3612 κάν
600 3532 714 3641 τούτῳ
746 3533 783 3615 τδ
816 3535 892 3642 φιῖς
924 3534 985 3615 τιῖν
1012 3533 1184 3641 ἀνθρώπων
1219 3530 1307 3613 εἶναι
1335 3532 1444 3637 λεγό-

217 3654 351 3754 ομενός
373 3690 412 3736 τε
437 3657 495 3735 καὶ
514 3655 589 3735 κατ’
610 3654 782 3755 ἀλήθειαν
800 3657 860 3755 ὧν,
880 3657 997 3761 ἕτερος
1022 3655 1250 3762 εὑρεθήσεται
1276 3655 1375 3761 παρὰ
1399 3655 1446 3736 τὰ

245 3776 367 3883 φωτὸς
394 3777 544 3877 δεόμενα
572 3781 631 3858 καὶ
657 3778 853 3885 μετέχοντα
881 3781 1000 3860 αὑτοῦ·
1046 3779 1118 3861 ἀπὸ
1147 3779 1185 3859 δὲ
1212 3786 1285 3860 τῶν
1313 3779 1444 3887 ἐφεξῆς

244 3899 501 4005 ἀκριβέστερον
524 3900 704 4000 εἰσόμεθα.

280 4143 306 4182 2.
324 4127 345 4181 ὃ
358 4127 428 4184 DAE.
441 4127 493 4182 Ed.
507 4146 561 4200 mg.
574 4131 589 4183 δ
602 4129 654 4185 Ed.
810 4150 837 4203 9.
855 4131 903 4188 εἶσι
916 4132 950 4189 Β.
1109 4148 1152 4188 21.
1172 4131 1214 4187 ε’πὶ
1226 4128 1315 4203 prius]
1329 4130 1394 4200 ὑπέρ
1408 4130 1441 4187 B.

246 4210 289 4273 ²5·
307 4194 401 4269 οἷσπερ
414 4197 520 4255 Β.Ι).Ε.
532 4196 571 4256 οἶς
583 4198 635 4255 Ed.
