3038 5018
102 297 122 360 i.
137 320 255 388 32,33.
294 304 349 367 IN
380 306 692 371 S.JOANNEM.
739 305 904 370 LIB.II.
951 307 1051 371 CAP.
1077 308 1104 370 Ι.
1238 310 1299 373 177

103 467 199 543 Θεοῦ
231 466 268 546 δὲ
299 467 401 552 ὄντος
433 469 523 549 κατὰ
553 473 668 574 φύσιν
697 480 760 551 τοῦ
791 473 946 574 Πατρὸς,
975 470 1070 556 Θεός
1099 474 1178 551 ε’στι
1209 469 1301 550 κατὰ

100 585 215 690 φύσιν
243 594 301 669 καὶ
332 593 352 671 ό
383 592 480 677 Υἱός.
529 592 631 674 οὐδὲν
663 595 733 697 ἄρα
765 596 903 691 διοίσει,
935 592 1027 674 κατά
1060 629 1102 696 γε
1134 594 1177 673 τὸ
1211 591 1300 673 εἶναι

99 708 244 810 τέλειος,
267 717 314 800 ὡς
341 715 432 820 πρὸς
459 715 524 796 τδν
545 717 700 822 Πατέρα,
726 723 791 817 τῆς
819 718 914 802 θείας
943 720 1052 798 αὐτοῦ
1080 720 1139 797 καὶ
1165 727 1299 796 τελειο-

99 830 208 932 τάτης
236 839 362 922 οὐσίας
387 842 604 945 ε’κπεφυκιός·
641 839 662 941 ἢ
690 840 762 942 γὰρ
791 843 854 920 οὐκ
882 840 1022 943 ἀνάγκη
1050 837 1188 920 τέλειον
1212 836 1332 919 εἷναιυ

67 956 243 1045 5πάντως
272 959 336 1041 τὸν
363 966 402 1042 ἐκ
431 967 569 1044 τελείου
596 963 819 1067 γεννήτορας,
848 963 945 1068 είπερ
973 966 1074 1043 ἐστὶν
1102 965 1211 1044 αὐτοῦ
1241 966 1299 1043 καὶ

101 1082 382 1186 ἀπαράλλακτος
399 1086 501 1166 εἰκῶν
520 1098 541 1135 “
556 1090 615 1166 καὶ
632 1086 818 1192 χαρακτὴρ
836 1092 900 1186 τῆς
919 1088 1186 1184 ὑποστάσεως,”
1207 1084 1308 1168 καθά
1344 1118 1468 1181 Ποσει.

101 1205 323 1308 γε’γραπται;
350 1212 435 1289 ἀλλ’
455 1208 552 1310 οἶμαι
569 1217 641 1295 πᾶς
659 1246 712 1294 τις
731 1213 815 1310 ἡμῖν
832 1217 977 1313 συνερεῖ
992 1213 1050 1290 καὶ
1068 1209 1299 1308 σννθήσεται.

101 1325 123 1427 ἢ
157 1330 291 1431 λεγέτω
322 1331 436 1413 πάλιν
464 1340 511 1418 εἰς
543 1333 659 1433 με’σον
686 1334 815 1430 ἐλθὼν,
848 1332 940 1413 κατὰ
969 1334 1048 1413 τίνα
1075 1331 1210 1438 τρόπον
1237 1340 1302 1412 τοῦ

100 1455 236 1532 τελείου
262 1453 408 1558 Πατρός
435 1457 718 1560 ἀπαράλλακτος
743 1460 846 1538 ἔσται
871 1455 1056 1562 χαρακτὴρ
1082 1454 1218 1552 ὁΥίδς,
1238 1457 1301 1535 οὐκ

49 1600 87 1640 10
101 1573 193 1678 ἔχων
211 1578 248 1656 ἐν
267 1581 338 1685 ἰδίᾳ
356 1579 466 1684 φύσει
485 1580 526 1661 τὸ
546 1578 632 1661 εἶναι
651 1580 796 1678 τέλειος,
816 1581 907 1662 κατὰ
930 1581 996 1681 τὴν
1014 1586 1121 1660 τινῶν
1140 1582 1298 1674 δυσβου·

101 1698 195 1779 λίαν.
238 1701 357 1803 ἐπειδὴ
386 1703 428 1783 δέ
451 1708 530 1784 ε’στι
558 1709 617 1785 καὶ
645 1704 830 1810 χαρακτὴρ
855 1708 914 1784 καὶ
939 1702 1050 1800 εἰκῶν,
1073 1702 1208 1788 τέλειος
1232 1703 1302 1806 ἄρα

102 1826 160 1901 καὶ
184 1824 300 1924 αὐτὸς,
319 1830 367 1912 ῶς
392 1831 520 1912 ἐκεῖνος
546 1829 588 1908 οὗ
612 1832 670 1908 καὶ
694 1828 795 1908 ἔστιν
812 1828 925 1908 εἰκῶν.
965 1830 1050 1936 ἀλλ’
1071 1824 1149 1923 εῖδε,
1169 1828 1299 1933 φησὶν,

102 1947 122 2024 ὁ
142 1948 287 2042 Ἰωάννης
312 1951 348 2058 ἐξ
373 1955 500 2058 ιόρανῶ
525 1953 560 2032 τλ
581 1956 719 2054 Πνεῦμα
740 1956 948 2047 καταβαῖνον
967 1954 1023 2031 ε’πὶ
1043 1949 1106 2031 τὸν
1124 1948 1225 2049 Υίδν,
1244 1952 1331 2028 καὶο

102 2069 255 2152 ἐπακτὸν
273 2073 344 2178 ἔχει
362 2074 425 2154 τὸν
438 2073 632 2175 ἁγιασμόν,
647 2077 785 2181 δέχεται
803 2075 875 2179 γάρ
893 2078 940 2158 ῶς
958 2076 1021 2153 οὐκ
1039 2074 1132 2178 ἔχων
1150 2073 1300 2173 δηλαδή·

51 2212 88 2272 ¹5
103 2194 179 2298 ὥρα
198 2197 241 2295 δὴ
261 2198 323 2276 οὖν
342 2198 550 2304 ἀναφανδὸν
568 2201 703 2298 ποίημα
722 2200 787 2297 μὲν
805 2196 922 2300 λε’γειν
940 2197 1058 2294 αὐτὸν,
1071 2197 1179 2301 ὀλίγῃ
1197 2195 1303 2293 μόλις

104 2319 260 2425 ὑπεροχῇ
279 2321 487 2420 τιμώμενον,
501 2326 539 2401 ἐν
557 2323 621 2428 ἴση
640 2321 678 2401 δὲ
699 2320 799 2430 τάξει
820 2329 893 2406 τοῖς
912 2321 1040 2404 ἄλλοις
1059 2318 1304 2417 τελειοόμενόν

103 2475 142 2521 τε
167 2448 225 2523 καὶ
252 2445 495 2548 ἁγιαζόμενον,
518 2449 577 2525 καὶ
605 2447 792 2546 ἐπίκτητον
817 2445 944 2550 ἔχοντα
971 2442 1132 2544 τὴντῶν
1155 2446 1302 2544 ἀγαθῶν

103 2569 287 2669 χορηγίαν.
329 2565 405 2648 εἶτα
422 2576 500 2653 πῶς
519 2571 561 2649 οὑ
587 2568 821 2676 διαψεόσεται
846 2571 966 2669 λέγων
985 2569 1005 2647 ὁ
1028 2565 1303 2669 Εὐαγγελιστής

105 2700 126 2734 “
139 2687 226 2769 Ὅτι
245 2692 283 2771 ἐκ
301 2700 365 2771 τοῦ
390 2693 632 2796 πληρώματος
657 2696 766 2773 αὐτοῦ
791 2695 888 2792 ἡμεῖς
913 2689 1044 2775 πάντες
1069 2691 1250 2789 ἐλάβομεν
1266 2689 1300 2786 ;”
1348 2698 1440 2813 ξξξῠώ

50 2845 90 2884 20
103 2820 181 2896 πῶς
205 2813 276 2917 γάρ
300 2815 403 2894 ἔσται
427 2816 570 2916 πλήρης
595 2820 633 2896 ἐν
652 2818 723 2923 ἰδίᾳ
742 2817 852 2923 φύσει
871 2812 1071 2914 λαμβάνων
1090 2813 1196 2897 αὐτὸς
1217 2811 1300 2915 παρ’
1393 2801 1399 2812 ’
1443 2800 1448 2813 ’

104 2935 246 3039 ε’τέρους
280 2936 304 3039 ἢ
331 2946 408 3023 πῶς
438 2941 482 3019 ἂν
510 2939 606 3024 ὅλως
634 2948 749 3020 νοοῖτο
776 2937 896 3042 πατὴρ
925 2941 944 3017 ὁ
970 2936 1073 3034 Θεὸς,
1099 2937 1196 3040 εἴπερ
1224 2937 1337 3014 ε’στὶά

102 3061 239 3160 ποίημα
267 3065 326 3141 καὶ
353 3064 432 3168 οὐχὶ
460 3070 606 3161 μᾶλλον
625 3062 713 3148 Υἱὸς
741 3065 761 3141 ό
791 3060 1027 3164 Μονόγενής;
1069 3059 1304 3167 ψευδώνυμος

104 3183 185 3284 γὰρ,
214 3184 259 3264 ἂν
287 3189 397 3271 οὕτως
429 3185 503 3292 ἔχῃ,
532 3192 589 3266 καὶ
626 3186 731 3270 αὐτὸς
769 3187 872 3265 ἕσται
905 3183 1046 3287 Πατὴρ,
1079 3180 1230 3281 ἀλήθεια
1266 3180 1304 3262 δὲ

104 3308 265 3408 οὐδαμῶς
284 3311 304 3388 ὁ
322 3310 420 3406 Υἱὸς,
440 3309 546 3390 νόθον
564 3311 656 3414 ἔχων
674 3311 729 3414 ἐφ’
750 3310 864 3415 εἀυτῷ
886 3305 929 3387 τδ
949 3308 1091 3414 ἀξίωμα
1114 3309 1171 3385 καὶ
1197 3305 1302 3410 με’χρι

51 3462 89 3520 25
104 3438 249 3532 γυμνῶν
276 3431 445 3535 ῥημάτων
472 3432 538 3532 τὴν
566 3433 826 3536 προσηγορίαν.
875 3432 1060 3536 οἰχήσεται
1089 3428 1133 3529 δὴ
1165 3431 1228 3510 οὖν
1255 3435 1303 3513 εὶς

106 3554 207 3634 οὐδὲν
225 3553 267 3635 τὸ
286 3556 435 3654 σύμπαν
453 3557 546 3654 ἡμῖν,
566 3560 645 3637 οὔτε
668 3565 733 3636 τοῦ
753 3555 897 3659 Πατρὸς
917 3556 992 3633 κατ’
1012 3552 1184 3654 ἀλήθειαν
1202 3551 1303 3636 ὄντος

104 3675 253 3779 πατρὸς,
274 3680 352 3758 οὔτε
379 3677 452 3778 μὴν
474 3688 539 3759 τοῦ
562 3685 653 3759 Υῖοῡ
676 3687 782 3759 τοῦτο
808 3676 899 3758 κατὰ
926 3677 1041 3784 φύσιν
1064 3675 1300 3781 ὑπάρχοντος,

105 3801 194 3904 άπερ
219 3798 307 3881 εῖναι
332 3803 486 3904 λέγεται·
517 3810 547 3883 εῖ
572 3803 608 3883 δὲ
633 3806 778 3903 άληθῶς
804 3800 923 3904 πατήρ
949 3803 1087 3880 ἐστινὸ
1110 3797 1213 3894 Θεὸς,
1233 3798 1304 3901 ἔχει

105 3925 149 4025 δὴ
167 3925 321 4023 πάντως,
340 3927 382 4005 οὗ
401 3929 458 4005 καὶ
478 3927 557 4007 ἔστι
575 3925 704 4027 πατὴρ,
718 3925 808 4006 Υῖδν
828 3923 994 4026 δηλονότι
1012 3923 1076 4003 τὸν
1094 3923 1138 4029 ἐξ
1153 3924 1288 4001 ἑαυτοῦ.
1316 3956 1333 4000 e

52 4091 91 4147 30
162 4045 253 4128 Εἶτα
270 4055 347 4131 πῶς
366 4050 388 4148 ἦ
408 4049 497 4129 κατὰ
516 4050 631 4156 φύσιν
649 4051 734 4152 ἁγία
760 4048 884 4148 θεότης
907 4047 1095 4150 ἁγιότητος
1113 4047 1244 4148 ἔρημον
1262 4041 1303 4123 τὸ

143 4337 168 4374 2.
188 4321 229 4373 καὶ
241 4320 315 4374 οὐδὲν
325 4320 438 4374 Vaccus.
518 4320 543 4374 6.
563 4317 745 4390 ὑποστάσεως]
763 4325 792 4383 †
806 4319 885 4373 αὗτοῦ
898 4317 931 4372 Β.
944 4317 1029 4372 invito
1041 4316 1139 4371 Vecc0.
1190 4316 1304 4386 καθάπερ

106 4391 221 4445 Veccus.
318 4407 344 4461 9.
362 4391 407 4444 οὐκ
420 4391 487 4460 ἔχων
500 4391 526 4445 ἐν
538 4390 590 4460 ἰδίᾳ
602 4388 684 4460 φύσει
696 4391 726 4443 τὸ
738 4407 792 4443 om.
806 4388 839 4442 Β.
935 4407 976 4443 11.
994 4389 1035 4442 καὶ
1048 4388 1122 4459 pn'us
1134 4396 1304 4456 assumptum

106 4480 140 4514 ex
154 4460 187 4514 B.
201 4460 298 4519 Vecco.
397 4477 437 4531 13.
456 4464 470 4514 ὁ
483 4470 651 4531 assumptum
664 4478 697 4513 ex
711 4459 744 4514 B.
757 4459 854 4513 Vecco.
948 4473 989 4530 15,
1006 4459 1046 4514 16.
1063 4459 1110 4529 μὲν
1121 4466 1148 4512 et
1160 4458 1187 4512 δι’
1201 4475 1255 4512 om.
1270 4455 1303 4512 B.

107 4541 252 4602 utrumque
264 4530 344 4586 habet
356 4530 471 4587 Veccus.
577 4547 621 4601 ²9·
639 4531 731 4585 ἑαυτοῦ
743 4530 815 4584 B.D.
829 4530 906 4586 αὐτοῦ
919 4528 970 4585 Εδ.

151 4637 222 4680 voh.
239 4637 261 4680 Ι.
678 4635 699 4677 Δ
714 4637 733 4678 a
