3038 5018
97 289 174 372 ii.4.
289 291 345 355 IN
377 291 411 356 S.
436 290 691 356 JOANNEM.
737 291 832 358 LIB.
856 292 904 358 H.
951 293 1105 359 CARI.
1234 297 1295 358 201

96 455 223 553 γήσων
249 462 396 555 μᾶλλον
423 456 514 561 ἤπερ
547 453 887 555 συνεστιασθμενος,
915 457 966 537 ἕτι
997 492 1036 537 τε
1062 455 1151 561 πρὸς
1180 459 1296 568 τούτιρ

97 579 155 655 καὶ
174 578 284 678 αὐτὴν
303 580 467 680 ἁγιάσων
485 586 549 680 τῆς
568 578 759 684 ἀνθρώπου
777 581 949 681 γενέσεως
967 580 1034 681 τὴν
1052 580 1176 685 ἀρχήν·
1206 581 1297 662 ὅσον

97 698 134 778 δέ
152 701 236 801 ἧκεν
254 708 303 786 είς
321 704 387 803 τὴν
405 703 525 806 σάρκα
545 703 676 810 φαμέν.
716 703 784 783 ἔδει
803 703 874 807 γὰρ
892 704 1003 805 αὐτὴν
1020 703 1086 803 τὴν
1105 706 1302 808 ἀνθρώπου

97 823 210 928 φύσιν
229 828 613 933 ἀνακεφαλαιούμενον,
634 829 693 905 καῖ
718 827 809 927 ὅλην
826 826 1114 930 ἀνασκευάζοντα
1138 826 1228 930 πρὸς
1252 826 1295 907 τὸ

64 946 254 1047 5ἅμεινον,
283 947 333 1050 μὴ
361 948 472 1046 μόνον
499 957 572 1034 τοῖς
600 950 669 1050 ἤδη
696 951 788 1052 πρὸς
814 951 857 1031 τὸ
886 948 1043 1059 ὐποῖρξαι
1071 949 1296 1050 κεκλημένοις

97 1074 269 1172 διανέμειν
294 1073 361 1174 τὴν
383 1076 561 1176 εὐλογίαν,
580 1072 680 1153 ἀλλὰ
706 1079 763 1154 καὶ
789 1082 862 1159 τοῖς
888 1074 978 1154 ὅσον
1002 1072 1136 1154 οὐδέπω
1161 1081 1289 1178 τεχθη-

96 1195 260 1293 σομένοις
288 1197 569 1302 προευτρεπίζειν
595 1196 661 1297 τὴν
684 1196 799 1302 χάριν,
819 1202 877 1277 καὶ
905 1200 1012 1300 ἁγίαν
1037 1200 1154 1277 αὐτῶν
1179 1232 1291 1277 κατα·

95 1325 232 1419 στῆσαι
251 1320 317 1416 τὴν
336 1329 383 1405 εἰς
401 1321 443 1401 τὸ
462 1317 549 1399 εἶναι
567 1321 737 1423 πάροδον.

154 1448 227 1524 Καὶ
251 1446 375 1547 τρίτην
393 1447 449 1524 ἐπὶ
475 1444 590 1553 τούτῳ
616 1443 721 1549 δέχου
745 1443 812 1542 τὴν
830 1445 1040 1548 ἀπολογίαν.
1083 1446 1199 1550 ε’ίρητό
1223 1462 1328 1526 πουλ)

45 1604 83 1644 ιο
95 1565 185 1669 πρὸς
212 1568 279 1666 τὴν
306 1575 457 1669 γυναῖκα
488 1566 587 1670 παρὰ
615 1574 712 1649 Θεοῦ
741 1580 763 1616 “
779 1570 845 1648 Ἐν
875 1569 1006 1655 λύπαις
1038 1571 1124 1678 τέξη
1152 1572 1234 1651 τέκν
1263 1572 1292 1648 .”

94 1698 172 1775 πῶς
197 1693 259 1772 οὐν
284 1692 353 1772 ἔδει
375 1695 433 1771 καὶ
457 1692 590 1792 ταύτην
613 1693 704 1791 ἡμᾶς
732 1693 1032 1796 ἀποκρούσασθαι
1060 1695 1126 1794 τὴν
1147 1690 1294 1798 ἆρὰν,ἢ

94 1821 171 1899 πῶς
200 1815 244 1895 ἂν
266 1814 311 1917 ἧν
336 1815 463 1917 ἑτέρως
491 1819 678 1924 διαφυγεῖν
697 1817 1041 1915 καταδεδικασμένον
1064 1815 1128 1897 τὸν
1151 1817 1292 1920 γάμον;

97 1936 206 2020 έλυσε
234 1942 292 2020 καὶ
319 1947 426 2020 τοῦτο
455 1938 713 2045 φιλάνθρωπος
741 1937 792 2018 ὧν
820 1943 839 2019 ὁ
868 1939 1009 2044 Σωτήρ.
1059 1943 1223 2042 τετίμηκε
1250 1947 1296 2046 τῇ

95 2064 277 2169 παρουσίᾳ
304 2062 368 2142 τὸν
393 2061 520 2164 γάμον,
545 2063 567 2161 ἡ
595 2061 742 2143 πάντων
766 2064 913 2160 εὐθυμία
941 2068 999 2142 καὶ
1023 2063 1129 2168 χαρὰ,
1150 2066 1209 2144 ἵνα
1232 2069 1294 2163 τῆς

45 2207 81 2266 15
95 2187 318 2287 τεκνογονίας
336 2183 403 2285 τὴν
422 2187 573 2290 ἀρχαίαν
591 2183 751 2292 ἐξελάσῃ
770 2185 974 2292 κατήφειαν·
995 2198 1018 2234 “
1032 2187 1081 2267 Εἴ
1096 2221 1149 2271 τις
1166 2188 1239 2291 γὰρ
1257 2192 1295 2268 ε’ν
1343 2197 1452 2312 ῗΟΟΜ·

96 2322 119 2356 “
136 2316 298 2418 Χριστῷ,
327 2306 429 2407 καινὴ
463 2309 577 2392 κτίσις
609 2312 667 2388 καὶ
700 2308 746 2389 τὰ
779 2312 911 2415 ἀρχαῖα
942 2314 1158 2416 παρῆλθεν,”
1193 2316 1242 2395 ὡς
1274 2314 1294 2392 ὁ
1359 2273 1381 2326 ⁷⁶

98 2430 246 2518 Παύλός
273 2438 378 2539 φησι,
398 2443 419 2479 “
439 2432 563 2534 γέγονε
589 2430 627 2511 δέ
652 2433 791 2512 καιναῖ.”
831 2434 970 2538 ἔρχεται
995 2444 1186 2538 τοιγαροῦν
1205 2437 1325 2532 ὁμούο

95 2563 169 2640 τοῖς
194 2558 329 2639 οἰκείοις
355 2562 530 2655 μαθηταῖς
555 2561 603 2638 είς
631 2554 693 2636 τὸν
712 2556 842 2658 γάμον·
874 2558 944 2637 ἔδει
968 2557 1041 2660 γὰρ
1064 2566 1226 2662 παρεῖναι
1245 2565 1296 2667 τῷ

97 2685 358 2788 θαυματουργῲ
386 2679 470 2764 τούς
499 2685 572 2759 τῶν
603 2678 820 2788 παραδόξων
850 2680 1126 2787 φιλοθεάμονας,
1156 2681 1297 2789 τροφὴν

45 2838 83 2879 20
96 2801 219 2906 ὥσπερ
238 2803 317 2883 τινὰ
335 2809 380 2908 τῇ
398 2806 436 2883 ἐν
455 2805 571 2886 αὐτοῖς
589 2805 710 2884 πίστει
729 2804 978 2910 συλλέξαντας
1003 2805 1045 2885 τὸ
1067 2806 1293 2904 τελούμενον.

96 2926 213 3027 ἐπειδὴ
233 2926 271 3008 δὲ
290 2925 385 3012 οἶνος
402 2929 622 3008 ἐπιλελοίπει
641 2927 722 3012 τούς
741 2928 983 3027 ἑστιωμένους,
999 2931 1055 3008 ε’πὶ
1074 2926 1140 3026 τὴν
1156 2929 1296 3028 συνήθη

97 3053 373 3158 φιλανθρωπίαν
396 3051 533 3154 ἀγαθὸν
558 3051 644 3131 ὅντα
669 3049 732 3131 τὸν
758 3051 893 3154 Κύριον
918 3056 935 3144 ἡ
958 3054 1060 3156 μήτηρ
1085 3051 1203 3131 ἐκάλει
1230 3052 1293 3132 λε’·

97 3209 217 3278 γουσα
235 3174 329 3256 Οἶνον
349 3181 408 3255 οὐκ
428 3175 564 3273 ἔχουσιν·
592 3178 640 3259 ὡς
658 3174 729 3277 γὰρ
747 3173 826 3254 ἐνὸν
839 3177 892 3254 ἐπ’
911 3174 1090 3282 ἐξουσίαις
1108 3177 1204 3283 αὐτῷ
1221 3183 1295 3256 πᾶν

98 3299 185 3400 ὅπερ
204 3296 248 3378 ἂν
266 3299 438 3394 βούλοιτο
456 3305 579 3396 ποιεῖν,
598 3304 646 3382 είς
664 3298 706 3377 τὸ
726 3304 847 3395 θαῦμα
865 3299 1068 3402 προτρέπει.

45 3576 84 3635 25
235 3567 275 3631 Τί
302 3568 375 3643 ἐμοὶ
403 3568 455 3631 καὶ
483 3567 544 3648 ool,
572 3567 660 3640 τύναι
671 3597 680 3648 ;
716 3568 810 3632 οὔπω
838 3568 909 3631 ἥκει
938 3568 956 3630 ἡ
985 3569 1057 3656 ὡρα
1084 3589 1157 3643 μου.
1306 3570 1329 3634 d

149 3726 311 3832 Ἀριστα
336 3734 394 3809 καὶ
421 3740 546 3811 τοῦτον
572 3731 656 3830 ἡμῖν
680 3727 881 3830 τὸνλόγον
904 3731 924 3807 ὁ
950 3727 1078 3831 Σωτὴρ
1101 3730 1297 3833 ἐσχηματί-

98 3853 185 3957 ζετο.
236 3856 278 3934 οὐ
308 3853 380 3956 γὰρ
409 3854 477 3934 ἔδει
507 3859 677 3956 δρομαῖον
703 3855 760 3933 ἐπὶ
790 3850 832 3932 τὸ
860 3851 1028 3956 προίττειν
1056 3855 1187 3948 ε’λθεῖν,
1217 3851 1298 3931 οὐδὲ

98 3975 300 4075 αὐτόμολον
337 3976 463 4079 ὥσπερ
498 3978 654 4080 ὁρᾶσθαι
689 3973 972 4077 θαυματουργδν,
1005 3974 1222 4073 κεκλημένον
1258 3972 1297 4052 δὲ

139 4190 161 4224 ι.
181 4172 414 4240 συνεστιοσόμενος
432 4169 464 4223 B.
479 4171 665 4239 ἑστιασόμενος
684 4171 718 4224 Ι).
735 4169 806 4224 Catt.
827 4168 877 4223 Ed.
893 4169 1079 4238 ἑστιασόμενος
1097 4166 1194 4237 corrigi
1211 4167 1297 4222 voluit

102 4243 195 4312 Dmg.
280 4258 304 4295 2.
322 4242 369 4310 τὴν
380 4249 441 4295 ante
452 4243 497 4310 τῆς
508 4250 610 4311 transp.
623 4250 649 4295 et
661 4244 707 4295 τοῦ
720 4239 810 4295 statim
822 4238 896 4293 addit
908 4257 931 4293 a.
944 4239 1027 4293 invito
1040 4237 1122 4292 Cord.
1206 4253 1232 4305 3.
1251 4237 1296 4290 οὐ·

100 4311 158 4383 τὴν]
172 4313 307 4379 αὐτῶν(Ξ
325 4312 414 4378 αὐτὸν)
428 4310 460 4365 B.
497 4311 631 4366 Neutrum
644 4311 724 4365 habet
738 4309 818 4364 Cord.
894 4326 920 4379 9.
938 4308 1030 4363 τούτου
1044 4307 1125 4362 Cord.
1206 4323 1246 4362 υ.
1265 4307 1297 4360 δν

100 4401 154 4437 om.
169 4381 249 4436 Cord.
298 4379 329 4448 ἦν
340 4390 508 4452 assumptum
523 4400 555 4435 ex
569 4382 601 4437 B.
615 4381 696 4436 Cord.
781 4397 822 4451 13.
840 4383 930 4434 τοῦτον
944 4379 976 4433 Β.
1060 4394 1101 4448 15.
1120 4378 1175 4447 ἥτις
1186 4377 1298 4450 conjecit

102 4454 128 4508 D
142 4471 195 4522 mg.
284 4469 327 4506 20.
346 4454 435 4521 ὥσπερ
448 4449 672 4507 τινδλοοοτδὶιιὲ
686 4451 718 4506 Β.
803 4468 846 4505 τι.
865 4450 1024 4504 ἐπιλελοίπει
1038 4449 1070 4505 Β.
1083 4448 1232 4504 ἐπιλέλοιπε
1245 4445 1296 4503 Ed.

101 4540 144 4577 22.
161 4523 247 4577 ε’κάλει
261 4522 294 4576 Β.
307 4523 415 4577 ε’κθλεσε
429 4522 479 4576 Ed.

143 4624 212 4671 von.
230 4625 254 4668 1.
670 4624 692 4666 ο
707 4603 729 4667 d
