3038 5018
224 285 267 348 32
526 288 565 352 B.
589 286 797 352 OYRILLI
827 285 1114 351 ALEXANDR.
1356 286 1378 350 i.
1394 305 1422 348 1.

223 446 287 526 τὸν
305 446 450 550 Λόγον;
486 448 528 531 τὸ
556 450 629 555 γὰρ
656 448 742 532 εἶναι
769 451 860 555 πρὸς
888 451 999 549 Θεὸν,
1024 452 1067 530 οὐ
1093 448 1238 536 πάντως
1265 451 1337 556 ἕχει
1364 454 1424 530 καὶ

224 573 288 669 τῆς
315 571 441 658 οὐσίας
466 571 534 672 τὴν
554 573 729 675 δήλωσιν.
770 572 890 674 ἐπειδὴ
918 573 956 654 δὲ
978 571 1074 655 Θεὸν
1097 573 1159 653 ἕνα
1186 572 1424 677 κηρύττουσιν

225 699 263 773 αἱ
290 700 380 774 θεῖαι
407 701 558 802 γραφαὶ,
579 696 809 798 ἀναθήσομεν
834 705 940 778 τοῦτο
967 697 1078 796 μόνον
1102 701 1154 805 τῷ
1181 700 1310 801 Πατρῖ,
1331 695 1423 800 πρὸς

225 813 267 896 δν
285 813 330 916 ἦν
349 819 369 896 ὁ
388 817 534 921 Λόγοςις
565 822 604 900 τί
618 822 681 901 οὖν
699 821 770 925 ἄρα
788 824 847 900 καὶ
872 819 963 924 πρὸς
987 820 1093 901 τοῦτό
1119 827 1213 926 φησι
1236 825 1300 920 τῆς
1324 823 1421 920 ἄλη·

225 941 321 1025 θείας
343 943 363 1020 ὁ
387 941 504 1049 κήρυξ
513 976 524 1038 ;
553 944 595 1023 οὐ
611 942 723 1044 μόνον
741 940 786 1043 ἦν
804 952 819 1024 ὃ
840 944 952 1046 Λόγος
970 941 1062 1047 πρὸς
1078 940 1185 1042 Θεὸν,
1204 945 1290 1023 ἀλλ’
1309 940 1343 1038 ἦν
1361 951 1455 1026 καὶὸ

224 1066 321 1160 Θεὸς,
340 1064 399 1144 ἵνα
423 1064 481 1144 διὰ
504 1064 570 1166 μὲν
588 1075 653 1146 τοῦ
676 1065 764 1147 εῖνυι
789 1064 881 1170 πρὸς
903 1065 1009 1164 Θεὸν,
1027 1065 1144 1169 ἕτερος
1169 1063 1219 1145 οῖν
1236 1064 1336 1170 παρὰ
1359 1064 1424 1146 τὸν

226 1187 373 1291 Πατέρα
390 1186 617 1290 γνωρίζηται,
639 1193 697 1269 καὶ
715 1186 804 1274 Υἱὸς
823 1186 995 1295 ὑπάρχειν
1013 1188 1084 1295 ἰδίᾳ
1108 1190 1167 1268 καὶ
1193 1190 1277 1269 καθ’
1297 1187 1424 1269 ἑαυτὸν

224 1309 447 1410 πιστεθηται·
479 1310 538 1391 διὰ
555 1310 593 1391 δὲ
610 1320 675 1392 τοῦ
693 1309 780 1391 εἶναι
799 1312 896 1409 Θεὸς,
912 1309 1103 1410 ὁμοοόσιός
1121 1345 1160 1390 τε
1178 1314 1237 1391 καὶ
1254 1312 1300 1418 ἐξ
1314 1311 1424 1391 αὐτοῦ

191 1436 349 1532 δνοῆται
375 1432 467 1514 κατὰ
491 1433 616 1540 φύσιν,
634 1432 697 1515 ἅτε
719 1434 764 1535 δὴ
783 1438 843 1515 καὶ
861 1432 954 1519 Θεὸς
972 1438 1031 1515 καὶ
1048 1437 1086 1514 εἰς
1105 1439 1202 1514 Θεοῦ
1218 1435 1421 1538 προελθών.

225 1555 411 1661 ἀμήχανον
433 1556 516 1661 γὰρ,
534 1564 616 1656 μιοῖς
644 1555 731 1637 εἶναι
758 1558 859 1662 παρὰ
884 1564 1000 1638 πᾶσιν
1025 1559 1314 1658 δμολογουμένης
1338 1555 1421 1654 θεό·
1439 1586 1474 1626 10

224 1713 340 1780 τητος,
359 1678 410 1780 μὴ
428 1678 572 1764 πάντως
596 1686 644 1764 εῖς
667 1679 868 1782 ταυτότητα
893 1681 1038 1787 φύσεως
1061 1679 1128 1780 τὴν
1146 1681 1252 1783 ἁγίαν
1270 1682 1421 1775 ἀναβαί-

224 1838 297 1883 νειν
315 1802 465 1908 Τριόδυ,
484 1804 597 1889 οὕτως
617 1839 656 1883 τε
674 1808 722 1888 εῖς
740 1803 804 1884 τὸν
820 1803 883 1883 ἕνα
899 1808 963 1903 τῆς
981 1802 1161 1903 Θεότητος
1178 1803 1423 1909 ἀναφερεσθαι

224 1926 349 2029 λόγον.
394 1921 428 2020 ἦν
451 1927 595 2006 οὖνκαὶ
620 1929 718 2014 Θεός·
757 1928 799 2007 οὐ
823 1927 971 2031 γε’γονεν
992 1928 1154 2031 ὕστερον,
1181 1925 1282 2041 ἀλλὰ
1308 1925 1423 2006 πάλιν

223 2047 278 2150 ἦν,
298 2055 328 2130 εῖ
356 2052 416 2130 καὶ
444 2048 499 2129 ὅτι
526 2049 691 2149 μάλιστα
715 2055 767 2157 τῷ
792 2047 879 2130 εἶναι
901 2048 997 2131 Θεὸν
1018 2048 1256 2150 ἀκολουθήσει
1278 2048 1423 2136 πάντως

225 2174 283 2252 καὶ
308 2169 350 2253 τὸ
375 2172 495 2256 ἀΐδίως
518 2169 618 2252 εἶναι·
648 2175 722 2254 ἐπεὶ
746 2170 788 2253 τὸ
814 2175 853 2252 ε’ν
873 2171 992 2280 χρόνῳ
1016 2170 1216 2277 γεγονὸς,ἢ
1242 2176 1301 2252 καὶ
1326 2172 1423 2259 ὅλως
1440 2205 1474 2267 15

194 2298 263 2377 οέκ
280 2294 331 2396 μὴ
349 2294 452 2380 ὄντος
474 2301 523 2381 εῖς
547 2294 589 2375 τὸ
611 2292 698 2375 εἶναι
721 2293 946 2400 παρενεχθὲν,
965 2297 1029 2376 οὐκ
1048 2292 1092 2375 οῖν
1110 2295 1163 2396 ε’ίη
1182 2297 1293 2401 φύσει
1312 2297 1418 2383 Θεός.

224 2417 369 2524 ἔχοντος
387 2421 505 2531 τοίνυν
521 2427 587 2500 τοῦ
604 2424 701 2499 Θεοῦ
719 2419 843 2521 Λόγου
861 2417 920 2499 διὰ
937 2417 1003 2519 μὲν
1021 2427 1085 2499 τοῦ
1103 2413 1136 2512 ἦν
1154 2416 1196 2498 τὸ
1213 2418 1341 2518 ἀΐδιον,
1363 2420 1423 2500 διὰ

223 2541 261 2622 δὲ
293 2550 357 2622 τοῦ
391 2538 478 2622 εἶναι
506 2540 589 2624 Θεὸν
615 2541 658 2622 τὸ
687 2540 778 2646 πρὸς
805 2541 869 2621 τὸν
897 2540 1043 2646 Πατέρα
1072 2542 1276 2642 ὃμοοόσιον,
1302 2542 1424 2644 πόσης

223 2663 360 2745 οἴεσθαι
378 2664 450 2770 χρὴ
469 2664 656 2748 κολάσεως
674 2698 713 2744 τε
731 2668 790 2744 καὶ
808 2664 979 2768 τιμωρίας
994 2660 1137 2770 ἐνόχους
1152 2665 1423 2769 εὑρεθήσεσθαι,

223 2786 306 2872 τοὺς
321 2787 496 2870 ε’λοῖττονα
514 2787 659 2870 κατότι
679 2797 766 2890 γοῦν
784 2787 807 2888 ἢ
826 2792 884 2869 καὶ
902 2785 1070 2888 ἀνόμοιον
1087 2796 1152 2868 τοῦ
1169 2787 1424 2891 γεγεννηκότος
1437 2825 1475 2866 ιο

223 2912 401 3012 οἰομένους
429 2909 600 3018 ὑπάρχειν
623 2909 741 3009 αὐτὸν,
770 2914 827 2992 καὶ
854 2916 902 2995 εῖς
929 2919 1036 2991 τοῦτο
1063 2918 1254 3014 προελθεῖν
1281 2917 1419 2994 δυσσε-

222 3036 322 3131 βείας
353 3037 418 3117 οὐκ
450 3037 747 3142 ἀποφρίττοντας,
776 3038 823 3118 ὡς
853 3035 922 3134 ἤδη
955 3040 1096 3133 τολμᾶν
1123 3038 1182 3115 καὶ
1213 3036 1345 3138 ἑτέροις
1376 3035 1423 3117 τὰ

105 3170 111 3183 ’
222 3167 368 3240 τοιαῦτα
393 3165 631 3263 προσλαλεῖν,
658 3168 681 3205 “
691 3156 742 3258 μὴ
770 3166 949 3254 νοοῦντας,
975 3154 1064 3257 μήτε
1092 3154 1117 3237 οῖ
1143 3157 1304 3261 λέγουσι,
1331 3157 1422 3260 μήτε

224 3292 246 3329 “
263 3285 345 3384 περὶ
363 3283 470 3361 τίνων
488 3286 777 3376 διαβεβαιοῦνται
791 3283 824 3376 ;”

189 3417 212 3482 d
272 3402 362 3484 'On
396 3403 467 3508 γὰρ
499 3400 695 3503 οὐδαμόθεν
727 3404 887 3484 ἐλάττων
918 3406 1019 3484 ε’στὶν
1051 3413 1116 3484 τοῦ
1149 3403 1295 3508 Πατρὸς
1327 3406 1348 3483 ὁ
1379 3406 1426 3512 ἐξ
1436 3435 1472 3495 ²5

223 3528 331 3607 αὑτοῦ
359 3531 419 3607 καὶ
445 3525 537 3607 κατὰ
563 3525 734 3627 ἀλήθειαν
753 3527 852 3625 Υἱὸς,
881 3529 920 3606 εἰς
948 3534 1020 3607 τῶν
1047 3526 1333 3631 συνεζευγμένων
1359 3532 1417 3609 ε’ν·

221 3657 326 3730 νοιῶν
344 3650 514 3749 εἰσόμεθα
530 3648 655 3733 πάλιν.

275 3805 378 3854 Almo.
427 3778 590 3858 Πολλοῖς
634 3777 692 3853 καὶ
735 3771 921 3880 διαφόροις
961 3771 1115 3873 ὀνόμασι
1156 3773 1221 3855 τὸν
1256 3773 1347 3855 Υῖὸν
1383 3781 1421 3854 αῖ

220 3903 308 3978 θεῖαι
341 3905 497 3980 καλοῦσι
528 3898 680 4003 γραφαί.
729 3897 867 4002 σοφίαν
894 3895 961 3996 μέν
988 3896 1060 4000 γὰρ
1089 3900 1148 3977 καὶ
1179 3896 1329 3997 δύναμιν
1355 3906 1421 3978 τοῦ

222 4020 367 4126 Πατρὸς
404 4019 496 4102 εἶναί
525 4025 642 4128 φασιν
674 4018 793 4112 αὑτὸν,
827 4018 919 4100 κατὰ
948 4020 990 4100 τὸ
1023 4019 1206 4125 εἰρημένον
1237 4020 1336 4126 παρὰ
1368 4027 1420 4131 τῷ
1434 4050 1473 4111 30

256 4307 282 4361 3.
301 4293 380 4358 μόνον
392 4292 425 4346 B.
437 4295 506 4418 μόνχ
520 4293 571 4348 Ed.
647 4293 734 4416 Bm}
746 4295 792 4348 alt.
805 4311 859 4348 om.
871 4294 904 4348 B.
983 4311 1010 4364 9.
1029 4291 1371 4365 καλθεδςςαλ]καλδθεδς
1384 4295 1419 4352 Β.

223 4376 265 4414 ιο.
283 4364 343 4429 μιᾶς
354 4357 429 4433 εῖναι]
442 4385 478 4431 μα
495 4366 559 4417 εἶναι
572 4363 633 4432 (οἱα)
842 4380 884 4417 11.
902 4364 994 4434 τριάδα
1004 4364 1150 4429 ἀναβαίνειν
1161 4365 1268 4420 inverso
1279 4365 1371 4420 ordine
1384 4365 1419 4422 Β.

223 4446 264 4500 13.
281 4432 363 4485 παλαι
375 4449 389 4485 ο
402 4449 451 4487 nuo
464 4433 568 4503 Migne.
653 4446 694 4498 15.
711 4431 775 4488 εἶναι
787 4430 868 4490 ἀΐδιος
881 4433 914 4488 Β.
1004 4434 1047 4490 26.
1066 4436 1108 4489 καὶ
1119 4452 1174 4490 om.
1188 4434 1222 4490 B.
1312 4453 1354 4507 29·
1374 4458 1419 4491 κο-

219 4503 314 4556 λοῦσιν
326 4502 352 4556 αἱ
364 4501 429 4556 θεῖοι
441 4503 547 4559 inverso
559 4503 651 4558 ordine
665 4502 698 4558 B.
805 4519 848 4574 30.
867 4505 936 4574 παρα
949 4514 1118 4576 assumptum
1131 4523 1164 4561 ex
1177 4504 1285 4561 Β.1).Β.
