3038 5018
263 282 305 345 12
564 280 836 345 B.cYR1LL1
865 279 1154 368 Αουκκυυο.

261 442 304 522 τῦ
334 442 550 551 σοφίζεσθαι
580 443 730 546 περιττὰ
757 444 1062 547 παραιτουμένοις,
1090 439 1119 549 ᾦ
1150 441 1194 542 δῆ
1222 439 1365 523 πάντως
1397 441 1457 518 καί

95 580 166 635 ΒΔ
229 563 303 646 arb
325 565 586 667 ἐκπλήττεσθαι
612 567 824 668 συμβαίνειν
845 569 1041 664 ἀκολουθεῖ,
1059 569 1119 645 καὶ
1145 565 1187 644 τὸ
1215 566 1254 644 ἐκ
1281 571 1344 643 τοῦ
1372 562 1458 641 λίαν

260 690 430 770 ἐκκλίνειν
452 696 500 774 είς
525 688 642 796 δεξιὸν
666 694 730 790 τῆς
755 691 888 774 εὐθείας
912 693 970 769 καὶ
998 692 1192 787 βασιλικῆς
1219 687 1289 793 ἔξω
1314 686 1459 766 πίπτειν

93 811 168 939 ἔξω·
180 827 206 862 ¹·
261 814 356 894 ὁδοῦ.
391 823 412 860 “
425 814 618 916 Πορεύεται
636 812 707 916 γὰρ
725 813 914 911 πεποιθὼς,
933 811 973 897 ῦς
991 814 1117 895 ἁπλῶς
1134 808 1348 914 πορεύεται,”
1364 805 1458 887 κατὰ

260 934 326 1035 τῆν
342 946 406 1017 τοῦ
424 932 639 1035 Σολομῶνος
656 936 793 1042 φωνήν.
1469 956 1488 1017 5

318 1058 544 1159 Θαυμαστῆν
559 1058 598 1138 δὲ
617 1060 700 1138 λίαν
717 1056 872 1163 ἐχόντων
888 1064 961 1138 τῶν
980 1059 1092 1161 ἁγίων
1110 1059 1378 1160 εύαγγελιστιῦν
1391 1051 1458 1153 τῆν

92 1184 216 1300 ffffffh·
262 1185 300 1262 ἐν
312 1189 363 1290 τῷ
381 1182 533 1289 γράφειν
546 1184 738 1286 ἀκρίβειαν·
758 1183 799 1261 ού
817 1180 889 1284 γὰρ
910 1183 1009 1261 αὐτοὶ
1028 1187 1199 1277 λαλοῦσι,
1211 1177 1301 1259 κατὰ
1314 1176 1380 1276 τὴν
1393 1183 1459 1256 τοῦ

262 1310 429 1409 Σωτῆρος
455 1304 589 1412 φωνῆν,
607 1304 707 1384 ἀλλὰ
731 1302 774 1384 τδ
797 1314 936 1401 πνεῦμα
960 1313 1024 1384 τοῦ
1045 1301 1189 1406 Πατρῦς
1210 1299 1252 1383 τδ
1272 1305 1310 1381 ἐν
1328 1301 1456 1397 αὐτοῖς,

259 1428 402 1512 πάντως
430 1426 587 1530 εὐλόγως
615 1427 770 1508 ἐπέκεινα
797 1428 977 1526 θαύματος
1000 1426 1067 1526 τὴν
1088 1437 1153 1506 τοῦ
1174 1426 1341 1506 Ἰωάννου
1364 1457 1457 1524 σινγ-

260 1550 406 1657 γραφὴν
424 1554 670 1631 ἀνατεθεῖσθαι
690 1551 766 1649 δοίη
784 1584 838 1633 τις
856 1548 911 1646 ἂν,
931 1549 979 1633 είς
1001 1584 1040 1629 τε
1062 1548 1105 1629 τδ
1128 1555 1201 1628 τῶν
1219 1543 1458 1651 θεωρημάτων
1473 1583 1509 1625 ιο

227 1673 481 1768 δᾶποβλέπων
499 1672 704 1777 ῦπερφερές,
721 1676 779 1752 καὶ
803 1677 867 1772 τῆς
891 1674 1047 1755 διανοίας
1072 1673 1182 1752 αὐτοῦ
1204 1670 1270 1769 τῆν
1290 1669 1456 1776 ὀξύτητα,

260 1800 318 1875 καὶ
349 1795 416 1894 τὴν
443 1800 577 1900 συνεχῆ
610 1798 668 1874 καὶ
698 1794 986 1894 ἀλλεπάλληλον
1016 1801 1088 1874 τῶν
1119 1792 1307 1893 νοημάτων
1336 1795 1457 1873 ἐπεισ-

259 1918 389 2024 φοράν.
436 1917 630 2022 σύνδρομοι
660 1915 726 2016 μέν
757 1914 828 2021 γάρ
861 1916 1038 2018 ἀλλήλοις
1071 1919 1140 1996 εἰσὶ
1171 1919 1252 2019 περὶ
1287 1913 1352 2015 τῆν
1383 1922 1457 1995 τῶν

260 2042 363 2120 θείων
403 2040 593 2141 δογμάτων
629 2038 813 2148 ἐξήγησιν,
854 2044 912 2120 καὶ
952 2038 1042 2142 πρὸς
1085 2040 1146 2119 ἐνα
1186 2035 1347 2141 καθάπερ
1383 2038 1457 2118 ἀπὸ

260 2161 400 2263 νύσσης
432 2163 581 2269 ἀφέντες
614 2168 878 2267 ἱπποδρομοῦσι
911 2162 1061 2243 σκοπόν·
1105 2162 1278 2268 διάφορον
1310 2162 1356 2241 δε’
1379 2197 1457 2247 πως
1473 2188 1509 2248 15

260 2287 377 2368 αὐτοῖς
405 2285 629 2391 ἐξυφαίνεται
657 2295 720 2366 τοῦ
748 2285 862 2388 λόγου
891 2284 934 2364 τὸ
963 2289 1100 2390 σχῆμα,
1128 2287 1191 2364 καί
1218 2319 1280 2382 μοι
1309 2289 1458 2365 δοκοῦσι

259 2409 505 2509 προσεοικέναι
530 2414 636 2506 τισὶν,
660 2408 711 2493 οἷς
736 2415 783 2493 είς
808 2410 893 2507 μίαν
915 2412 1168 2513 συνενεχθῆναι
1193 2406 1258 2506 μέν
1279 2405 1389 2489 πόλιν
1414 2407 1457 2488 τὸ

260 2530 467 2631 σύνταγμα,
501 2530 543 2610 τὸ
581 2531 696 2632 γεμῆν
729 2530 786 2611 διὰ
818 2539 901 2632 μιᾶς
934 2534 992 2611 καὶ
1026 2536 1089 2629 τῆς
1127 2532 1233 2631 αιἰιῆς
1269 2528 1459 2635 λεωφόρου

232 2651 414 2754 οβαδίζειν
447 2655 489 2731 οῦ
523 2653 665 2739 πάντως
701 2659 910 2735 συνδοκοῦν.
961 2653 1040 2733 ἐστι
1071 2653 1138 2752 μὲν
1169 2652 1241 2756 γὰρ
1274 2653 1355 2737 τοῦς
1391 2651 1459 2751 μέν

262 2774 399 2858 ἄλλους
432 2777 518 2878 ὁρᾶν
548 2776 809 2878 εύαγγελιστὰς
840 2777 930 2876 μετὰ
962 2779 1107 2875 πολλῆς
1138 2809 1234 2859 τινος
1263 2781 1327 2876 τῆς
1358 2778 1459 2879 ἀκρι-
1474 2809 1511 2849 νο

261 2896 360 2989 βείας
387 2896 451 2977 τὸν
476 2901 558 3000 περὶ
585 2902 650 2998 τῆς
676 2898 768 2979 κατὰ
795 2897 916 3002 σάρκα
942 2899 1174 3001 γενεαλογίας
1201 2905 1264 2978 τοῦ
1290 2902 1459 3000 Σωτῆρος

95 3043 216 3120 §.flattu
262 3017 363 3116 ἡμῶν
385 3020 612 3119 ποιουμένους
639 3020 763 3123 λόγον,
782 3025 839 3102 καὶ
865 3019 947 3107 τοῦς
970 3023 1014 3128 ἐξ
1034 3020 1208 3125 Ἀβραὰμ
1232 3021 1297 3105 ἕως
1314 3020 1457 3128 Ἰωσὴφ

94 3123 194 3223 λιιι.
263 3142 456 3247 στοιχηδὸν
474 3143 750 3251 καταφέροντας,
770 3144 793 3245 ῆ
812 3147 857 3225 αὖ
874 3144 988 3226 πάλιν
1005 3144 1287 3249 ἆναβιβιίζοντας
1309 3142 1391 3229 τοῦς
1416 3146 1463 3251 ἐξ

95 3252 131 3286 '¹¹'
263 3264 404 3371 Ἰωσὴφ
432 3268 490 3346 ἐπὶ
517 3265 579 3345 τὸν
600 3267 732 3364 Ἀδάμ·
773 3268 837 3349 τὸν
863 3268 906 3348 δέ
929 3303 970 3372 γε
998 3267 1173 3372 μακάριον
1196 3265 1375 3366 Ἰωάννην,
1394 3271 1460 3367 τῆς

263 3386 328 3484 μὲν
351 3389 408 3466 ἐπὶ
432 3388 568 3471 τούτοις
595 3391 637 3467 ού
662 3390 744 3470 λίαν
768 3393 1032 3496 πεφροντικότα
1056 3395 1229 3490 σπουδῆς,
1251 3388 1459 3498 θερμοτάτῳ
1474 3423 1511 3484 25

264 3508 308 3586 δέ
319 3541 387 3586 τινι
405 3512 463 3587 καὶ
482 3509 641 3618 διαπύρῳ
663 3513 817 3597 διανοίας
841 3512 1004 3613 κινήματι
1029 3513 1255 3617 κεχρημένον,
1275 3515 1323 3596 ὡς
1341 3513 1461 3593 αῦτῶν

249 3629 441 3710 ἅπτεσθαι
465 3639 537 3712 τῶν
556 3632 643 3736 ῦπέρ
662 3643 745 3713 νοῦν
764 3632 827 3714 τὸν
851 3634 1075 3737 ἀνθρώπινον
1094 3639 1292 3741 ἐπιχειρεῖν,
1311 3638 1369 3716 καὶ
1393 3634 1462 3735 τῆν

231 3752 416 3856 ᾶᾶῤῥητόν
432 3787 472 3833 τε
496 3759 554 3833 καὶ
577 3756 769 3861 ἄφραστον
786 3764 851 3836 τοῦ
874 3762 968 3837 Θεοῦ
988 3757 1111 3860 Λόγου
1135 3757 1305 3859 γένιησιν
1322 3759 1461 3865 ἐξηγεῖ-

756 3878 767 3906 ἱ
814 3877 832 3908 (Ι

96 3878 194 3994 fx),
263 3880 351 3953 σθαι
369 3882 518 3973 Τολμᾶν·
549 3878 622 3976 ἤδει
639 3875 705 3978 μὲν
722 3912 794 3981 γαρ
813 3912 867 3958 οτι
880 3888 903 3926 “
911 3877 1017 3985 Δόξα
1032 3885 1128 3960 Θεοῦ
1147 3880 1294 3984 κρύπτει
1312 3881 1459 3983 λόγον,”

264 3998 320 4074 καὶ
338 3995 460 4096 πάσης
482 4000 562 4078 ἐστὶ
586 3998 703 4101 μεΐζὸν
720 4007 784 4100 τῆς
801 4004 839 4081 ἐν
856 4002 940 4099 ἡμῖν
958 4002 1093 4086 ἐννοίας
1117 4035 1156 4082 τε
1184 4006 1241 4082 καὶ
1267 4008 1390 4109 φωνῆς
1413 4001 1459 4084 ’τὸ
1473 4032 1512 4091 30

300 4219 325 4257 α.
343 4204 373 4258 τὸ
385 4205 429 4258 alt„
441 4217 609 4278 assumptum
621 4226 654 4262 ex
667 4209 774 4266 B.D.E.
868 4228 895 4282 3.
913 4211 1037 4267 ἐκκλίνειν
1047 4221 1217 4283 assumptum
1229 4231 1262 4267 ex
1275 4212 1347 4268 DAE.
1395 4214 1459 4269 ὁδοῦ

264 4271 314 4342 ἔξω
325 4273 426 4327 πίπτειν
437 4274 542 4331 inverso
554 4277 646 4333 ordine
660 4279 693 4334 B.
788 4295 814 4352 5.
832 4284 984 4352 Σολομῶνος
996 4281 1029 4336 Β.
1043 4284 1208 4351 Σολομῶντος
1220 4281 1272 4337 Ed.
1367 4301 1394 4365 η.
1411 4287 1459 4338 τοῦ

263 4350 431 4411 assumptum
444 4360 476 4396 ex
486 4345 519 4400 B.
593 4362 634 4415 15.
652 4348 761 4420 ἀφέντες
772 4369 826 4404 om.
837 4351 869 4405 B.
944 4365 986 4423 17.
1005 4353 1186 4422 συνενεχθῆναι
1197 4352 1245 4420 μέν
1255 4351 1308 4406 hoc
1319 4351 1412 4406 ordme
1423 4353 1457 4407 B.

262 4410 504 4553 ggilclifvriaaeqgssgacrfv
517 4415 550 4471 B.
563 4417 610 4472 sed
622 4417 760 4489 ἄφραστον
773 4419 796 4474 Β
808 4438 865 4491 mg.
1116 4439 1158 4494 ²9·
1178 4426 1245 4477 θεοῦ
1258 4421 1291 4478 Β.
1303 4423 1391 4494 κυρίου
1403 4421 1457 4480 Ed.
