3038 5018
110 290 151 355 vi.
164 310 218 377 32,
231 312 282 380 33.
321 294 378 359 IN
409 295 442 359 S.
468 296 724 362 JOANNEM.
770 296 955 362 LIB.III.
1003 298 1183 363 CARVI.
1247 300 1310 362 405

109 457 327 557 θεοσέβειαν,
346 459 437 541 ὅσον
455 463 493 543 δέ
512 464 596 563 ἧκεν
614 470 663 548 είς
682 465 811 547 θυσίας
834 465 928 568 φημὶ
953 465 1013 543 καὶ
1037 463 1311 568 περιῤῥαισῆρια

108 582 167 659 καὶ
185 582 379 685 καθάρσεις
396 586 603 673 Ἰουδαὶκάς·
639 589 766 688 ὀλίγον
785 586 856 689 γὰρ
875 587 971 667 οὗτοι
990 590 1054 686 τῆς
1073 591 1139 689 γῆς
1159 588 1306 690 ἀνοχλί-

108 702 230 806 ζονταί
249 742 338 805 πως,
356 712 414 789 καὶ
432 713 637 804 ἀναβαίνειν
656 717 825 791 δοκοῦσιν
844 712 963 810 αὐτῆς,
982 714 1053 791 εἰσὶ
1079 711 1114 790 δ’
1134 712 1198 790 οὖν
1215 708 1312 808 ὅμως

107 830 144 906 ἐν
163 831 259 934 αὐτῇΙ
278 835 337 911 καὶ
362 836 443 937 περὶ
470 832 594 935 αὐτήν·
627 837 669 914 οὐ
687 833 759 937 γὰρ
776 837 814 914 ε’ν
833 834 931 943 νόμῳ
949 834 991 914 τὸ
1010 837 1153 919 τελείως
1172 831 1311 937 ἀγαθόν

75 954 167 1033 ικαὶ
193 953 340 1059 ὑψηλὸν
359 964 408 1040 είς
432 958 594 1038 σύνεσιν.
613 965 833 1064 ’χορηγεῖται
858 956 972 1062 γεμὴν
990 959 1028 1038 έν
1046 959 1196 1065 ἑσπέρα·
1230 957 1310 1058 ἤτοι

107 1072 205 1155 τὸέν
224 1084 275 1185 τῷ
294 1078 478 1182 γράμματι
501 1081 686 1162 σκοτεινὸν
705 1090 768 1162 τοῦ
794 1083 908 1184 λόγου
932 1079 1046 1162 πάλιν
1063 1081 1146 1181 ἡμῖν
1165 1080 1224 1161 διά
1237 1086 1311 1182 τῆς

107 1197 261 1302 ἑσπέρας
278 1203 565 1305 σημαίνοντος,ῆ
583 1206 649 1306 τῆν
666 1209 812 1313 ἀφεγγῆ
831 1213 894 1285 τοῦ
914 1203 1054 1304 κόσμου
1072 1203 1310 1301 κατάστασιν,

107 1325 206 1404 οὕτω
236 1323 278 1405 τὸ
308 1334 387 1433 φῶς
418 1328 561 1434 ἔχοντος
590 1328 631 1409 τὸ
659 1329 842 1430 ἀληθινὸν,
870 1328 1035 1409 τουτέστι
1063 1326 1240 1431 Χριστὸν,
1271 1326 1340 1412 δςῦ

106 1449 388 1551 ε’νανθρωπήσας
407 1459 523 1558 φησιν
542 1464 564 1500 “
589 1459 675 1555 Εγω
693 1461 772 1557 φως
798 1487 845 1537 εις
871 1485 935 1531 τον
953 1451 1092 1551 κόσμον
1109 1451 1308 1550 ε’λήλυθα.”
1356 1449 1479 1575 {gfff

56 1601 94 1642 10
107 1572 316 1673 γνώσεσθαι
340 1573 379 1654 δὲ
405 1574 501 1678 λέγει
529 1574 611 1660 τοὺς
640 1573 733 1660 υἱοὺς
755 1574 921 1675 Ἰσραῆλ,
945 1573 999 1654 ὅτι
1024 1575 1157 1678 Κύριος
1181 1573 1310 1658 αὐτοὺς

105 1696 287 1798 ἀνήγαγεν
306 1699 351 1804 ἐξ
367 1698 567 1800 Αἰγύπτου·
602 1706 739 1800 γνῶσις
762 1698 834 1802 γάρ
859 1697 952 1799 μόνη
976 1703 1039 1798 τῆς
1068 1697 1227 1779 καθόλου
1252 1696 1311 1776 διά

107 1824 273 1921 Χριστοῦ
306 1824 488 1925 σωτηρίας
517 1825 556 1902 ε’ν
582 1830 656 1906 τοῖς
689 1829 921 1906 Μωυσαῖκοῖς
955 1824 1079 1925 ὁρᾶται
1112 1821 1306 1924 συγγράμ-

106 1977 232 2041 μασιν,
262 1948 361 2026 οὕπω
388 1946 576 2050 παρούσης
604 1947 896 2049 αὐτοπροσώπως
924 1950 988 2045 τῆς
1015 1946 1171 2051 χάριτος.
1223 1946 1310 2025 αὐτὸ

108 2065 180 2170 γὰρ
208 2068 252 2167 δὴ
280 2073 468 2150 τοῦτοκαὶ
494 2068 674 2170 ὑπεδήλου
698 2069 905 2170 προστιθείς
929 2079 951 2117 “
965 2069 1020 2148 Τὸ
1048 2069 1142 2171 πρωῒ
1169 2068 1310 2175 ὄψεσθε

57 2212 94 2270 15
109 2201 130 2236 “
149 2189 215 2290 τὴν
233 2191 345 2300 δόξαν
365 2195 500 2296 Κυρίου
525 2196 563 2273 ἐν
580 2199 632 2298 τῷ
650 2190 785 2271 διδόναι
802 2195 884 2290 ὑμῖν
903 2191 1032 2294 ἄρτους
1057 2197 1106 2275 είς
1130 2203 1304 2289 πλησμο-

108 2324 130 2360 “
149 2313 248 2413 νῆν.”
288 2316 486 2417 λελυμένης
505 2315 576 2420 γὰρ
594 2314 719 2421 ὥσπερ
741 2319 779 2396 ἐν
797 2314 897 2422 τάξει
923 2315 1048 2398 νυκτὸς
1075 2320 1139 2414 τῆς
1164 2320 1310 2414 νομικῆς

108 2439 256 2542 ἀχλύος,
277 2444 336 2518 καὶ
360 2440 464 2540 ἡλίου
488 2449 553 2520 τοῦ
576 2449 703 2539 νοητοῦ
728 2446 843 2519 πᾶσιν
860 2439 945 2538 ῆμῖν
961 2439 1225 2535 ἀνατείλαντος,
1243 2437 1343 2538 τῆνο

108 2561 220 2668 δόξαν
240 2563 374 2665 Κυρίου
401 2562 578 2666 παρόντος
606 2562 674 2663 ἤδη
702 2560 1016 2665 κατοπτριῷμεθα,
1041 2559 1105 2641 τὸν
1129 2563 1238 2664 ἀρτον
1261 2567 1310 2644 εἰς
1357 2559 1478 2671 ζὲ0’·ᾕί’

107 2685 327 2784 πλησμονὴν
344 2684 408 2764 τὸν
426 2687 470 2793 ἐξ
493 2687 644 2789 οὐρανοῦ
665 2683 895 2789 κομιζόμενοι,
915 2684 1079 2765 αὑτὸνδὲ
1104 2686 1173 2786 ἤδη
1197 2685 1309 2766 πάλιν

58 2838 96 2877 20
109 2813 203 2916 φημὶ
221 2808 284 2888 τὸν
302 2809 477 2911 Χριστόν.

165 2943 187 2980 “
205 2931 373 3035 Ἐγένετο
400 2930 439 3013 δὲ
466 2933 611 3035 ἑσπέρα,
637 2935 695 3011 καὶ
723 2934 835 3032 ἀνέβη
863 2933 1115 3036 ὀρτυγομήτρα
1143 2937 1201 3013 καὶ
1229 2933 1307 3013 ε’κά-
1354 2933 1452 3060 {3⁰23

110 3066 131 3103 ‘⁶
150 3061 249 3164 λυψε
267 3055 334 3156 τῆν
351 3057 600 3160 παρεμβολήν·
636 3055 677 3136 τὸ
696 3057 790 3158 πρωί
808 3056 946 3157 ἐγένετο
964 3056 1002 3137 δέ
1021 3055 1310 3155 καταπαυομένης
1357 3079 1395 3127 ¹⁴·

109 3191 130 3226 “
149 3185 213 3279 τῆς
232 3180 366 3283 δρόσου
384 3181 505 3287 κύκλῳ
523 3183 586 3278 τῆς
603 3184 849 3283 παρεμβολῆς,
864 3181 922 3258 καὶ
940 3177 1017 3258 ἰδοὺ
1035 3181 1093 3259 ε’πὶ
1109 3178 1309 3282 πρόσωπον

110 3315 131 3351 “
149 3308 211 3402 τῆς
230 3303 360 3407 ἐρήμου
378 3303 513 3385 λεπτὸν
531 3306 618 3384 ὡσεὶ
636 3301 756 3405 κόριον
773 3300 936 3382 λευκόν.”
967 3301 1034 3405 ὅρα
1052 3302 1095 3403 δῆ
1113 3301 1226 3383 πάλιν
1244 3304 1309 3402 τῆν

57 3452 96 3512 25
109 3435 182 3507 τῶν
207 3427 396 3528 νοημάτων
420 3425 624 3526 διασκευήν·
657 3430 737 3528 περὶ
766 3424 831 3523 μέν
851 3423 923 3528 γάρ
950 3430 1013 3525 τῆς
1041 3425 1340 3529 ὀρτυγομήτραςο

109 3555 236 3656 φησὶν,
255 3549 309 3631 ὅτι
328 3549 490 3657 ἐκάλυψε
515 3549 582 3649 τῆν
599 3548 848 3653 παρεμβολὴν,
865 3553 948 3652 περὶ
973 3553 1017 3629 δέ
1036 3584 1078 3651 γε
1105 3558 1168 3628 τοῦ
1192 3549 1309 3648 μάννα

109 3674 232 3772 πάλιν,
263 3675 318 3754 ὅτι
349 3674 443 3776 πρωῒ
473 3674 707 3772 καταβέβηκε,
738 3673 1029 3772 καταπαυομένης
1061 3678 1124 3772 τῆς
1157 3670 1307 3773 δρόσου,

110 3797 233 3905 κόκλιρ
259 3803 323 3898 τῆς
350 3801 587 3900 παρεμβολῆς
615 3799 672 3876 ἐπὶ
699 3793 898 3900 πρόσωπον
920 3800 982 3894 τῆς
1011 3793 1155 3898 έρήμου.
1195 3795 1217 3893 ἡ
1245 3794 1310 3892 μὲν

150 3991 173 4028 1.
193 3973 285 4030 θυσίας
304 3974 336 4028 Β.
355 3973 449 4029 θυσίαν
467 3972 518 4028 Ed.
565 3973 654 4029 Verba
671 3973 736 4028 ὅσον
754 3973 782 4026 δι’
800 3972 859 4041 ῆκεν
876 3971 913 4028 εἷς
931 3972 1024 4027 θυσίας
1042 3971 1141 4026 desunt
1158 3980 1189 4025 ut
1208 3969 1261 4024 vid.
1280 3972 1307 4023 in

112 4043 231 4115 Nikeph.
303 4060 328 4097 2.
346 4044 375 4098 δὲ
388 4062 436 4114 pro
448 4045 499 4115 γὰρ
513 4044 585 4098 Nike
604 4044 630 4099 h.
702 4061 728 4115 3.
747 4042 874 4111 δοκούσης
887 4043 919 4095 B.
933 4043 1016 4096 invito
1029 4041 1147 4112 Nikeph.
1219 4057 1245 4111 5.
1261 4041 1309 4108 μέν

112 4133 161 4185 pro
172 4116 252 4185 γεμὴν
266 4113 299 4168 Β.
312 4115 393 4186 γεμὴν
404 4114 485 4168 habet
497 4063 616 4184 Nikepg.
748 4113 774 4167 6.
792 4117 828 4185 τῷ
840 4130 895 4166 om.
909 4113 934 4166 Ν
937 4111 1027 4182 ikeph.
1157 4129 1197 4166 10.
1216 4111 1308 4167 αὐτοὺς

112 4185 238 4309 ἀνήγαγεν
249 4184 301 4238 hoc
312 4184 406 4239 ordine
420 4183 452 4238 Β.
467 4184 585 4266 Njkeph.
690 4201 730 4251 14.
749 4184 848 4252 δὴοιυ.
863 4183 980 4272 Νίλερλ.
1023 4252 1030 4267 ,
1084 4181 1124 4235 16.
1143 4180 1307 4250 ὧςΝὶλερδ.

115 4273 191 4380 ιι
204 4253 578 4395 ιιιιιιιιιιι
595 4250 884 4381 Β]
902 4253 1310 4377 Νιιιιιιιιιιι

114 4349 146 4451 λδ.
156 4344 202 4466 (ηρ
221 4406 281 4450 ante
294 4347 496 4465 ε’γίνετοηωΙόίκ.
511 4347 593 4467 Χ.)].ρ
681 4394 849 4465 24—11.466‚
864 4410 878 4446 2
900 4434 906 4446 .
927 4392 997 4446 citat
1011 4393 1127 4462 Nikeph.
1141 4394 1157 4445 i.
1174 4341 1234 4464 ηῆτ,
1265 4410 1309 4463 33.

113 4485 155 4534 24.
175 4468 206 4536 δὴ
234 4466 393 4536 δὶΝἰλεριι.
502 4466 544 4520 26.
564 4467 595 4521 δι’
605 4489 635 4538 γε
648 4469 816 4535 asumptum
829 4483 860 4518 ex
902 4463 1078 4535 .D.Nikeph.
1181 4479 1223 4534 τη.
1241 4409 1310 4533 θηρὶ

114 4557 162 4609 pro
174 4541 254 4592 πάλιν
267 4537 385 4608 Nikeph.

156 4638 226 4683 νου.
244 4639 267 4683 1.
691 4636 746 4704 30
