3038 5018
58 1562 101 1613 1³⁸.
126 1627 133 1641 ι

58 1643 143 1677 oxm.

62 1705 102 1742 ιι.

59 1925 122 1976 Mic.
133 1942 158 1979 v.

59 2785 85 2833 fl.
94 2783 157 2833 Luc.

59 2850 93 2899 iv.
107 2847 145 2899 16.

224 293 288 355 700
528 289 567 353 B.
591 288 800 353 CYRILLI
829 287 1127 353 ALEXANDR.
1328 283 1433 366 τὶἰιίδ

224 454 397 533 ποικίλων
428 450 648 554 συνάγοντες
679 454 822 531 ἐννοιῶν
851 451 917 551 τὴν
947 452 1000 532 ἐπ’
1029 453 1133 557 αύτῷ
1166 451 1242 547 τῆς
1275 446 1432 545 ἀληθείας

225 577 444 681 κατάληψιν.
472 572 803 676 προτεθαυμακότες
820 573 892 676 γὰρ
909 573 978 674 ἤδη
996 570 1054 653 διὰ
1071 579 1151 653 τῶν
1164 571 1304 674 λόγων
1319 571 1433 663 αύτόν,

225 703 283 779 καὶ
302 698 367 797 τὴν
384 701 423 778 ἐν
440 705 517 781 τοῖς
535 697 766 803 ὀφηγὴσεσιν
785 700 966 803 ὀπερφερῆ
982 696 1198 801 παῤῥησίαν
1212 690 1434 799 χειραγωγὸν

190 824 294 924 οῆδη
323 823 509 929 δεξάμενοι
539 819 630 923 πρός
662 819 704 901 τό
742 819 954 923 λογίζεσθαί
986 855 1022 902 τι
1055 821 1153 920 μέγα
1192 822 1285 922 περὶ
1324 819 1433 912 αὐτοῦ,

225 950 284 1026 καὶ
312 945 423 1045 αὐτὴν
449 943 514 1044 τὴν
542 944 640 1024 θείαν
666 949 937 1047 προσερευνῶσι
963 942 1122 1048 γραφὴν,
1145 936 1456 1039 ὀπλανεστάτην5

224 1072 355 1150 ἐκεῖθεν
374 1068 536 1170 εὑρήσειν
554 1065 706 1167 οίόμενοι
724 1070 804 1168 περὶ
823 1069 931 1148 αὐτοῦ
947 1067 1013 1167 τὴν
1031 1065 1230 1172 διάληψιν·
1269 1067 1346 1169 ἔχει
1370 1061 1433 1165 γάρ

224 1195 318 1274 οὕτω
337 1201 381 1299 τῇ
400 1192 511 1296 φύσει
528 1189 571 1271 τὸ
587 1197 747 1293 πρᾶγμα.
775 1191 831 1272 ὅτι
848 1191 914 1289 μέν
931 1192 995 1271 οὖν
1012 1189 1084 1272 ἀπὸ
1101 1190 1320 1295 σπέρματος
1338 1186 1433 1266 ἒίτται

225 1325 291 1395 τοῦ
309 1315 569 1418 τρισμακαρίου
589 1311 727 1411 Δαυείδ,
745 1316 804 1394 καὶ
821 1318 860 1394 ἐν
880 1313 1027 1419 Βηθλεὲμ
1043 1312 1357 1417 ἀναδειχθήσεται
1375 1314 1433 1408 τῆς

226 1437 410 1535 Ἰουδαίας,
429 1436 693 1517 πεπιστεύκασι
719 1445 797 1521 ταῖς
823 1440 904 1541 περὶ
932 1438 1059 1517 τούτου
1085 1436 1265 1537 δηλονότι
1292 1444 1432 1540 προφη-

226 1561 334 1645 τείαις
366 1560 678 1658 ἀναπεπεισμένοι.
724 1571 746 1609 “
759 1558 905 1660 Ὤμοσε
941 1559 1013 1663 γόρ
1045 1560 1177 1662 Κύριος
1213 1567 1271 1668 περ’
1302 1562 1468 1641 Δαυεὶδιο

229 1696 250 1734 “
269 1683 450 1784 ἀλήθειαν,
468 1718 539 1764 που
558 1688 674 1789 φησὶν
692 1687 713 1764 ὀ
732 1683 852 1790 σοφός
867 1682 1039 1793 μελιρδός,
1053 1688 1111 1764 καὶ
1129 1685 1172 1764 ού
1190 1683 1248 1784 μὴ
1267 1683 1431 1784 οἱθετήσει

197 1817 251 1880 ο“
270 1804 377 1886 αὐτόν
391 1809 459 1887 Ἐκ
478 1817 617 1910 καρποῦ
634 1812 698 1906 τῆς
716 1807 857 1914 ὀσφύος
874 1842 945 1887 σου
963 1805 1121 1908 θήσομαι
1137 1810 1197 1889 ἐπὶ
1217 1806 1287 1887 τόν
1308 1805 1433 1909 θρόνον

229 1940 251 1977 “
269 1931 373 2010 σον.”
413 1932 434 2010 ὀ
459 1929 649 2035 προφήτης
676 1932 719 2011 δέ
739 1937 834 2037 φησι
853 1942 874 1978 “
891 1933 963 2011 Καὶ
981 1930 1031 2011 σό
1050 1934 1230 2032 Βηθλεέμ,
1252 1928 1354 2016 οἶκος
1375 1938 1432 2010 τοῦ

229 2064 250 2104 “
268 2055 449 2160 Ἐφραθᾶ,
477 2054 673 2155 ὀλιγοστὸς
700 2051 733 2133 εἶ
757 2064 821 2135 τοῦ
848 2052 935 2134 εἶναι
962 2057 1001 2134 ἐν
1027 2053 1190 2161 χιλιάσιν
1219 2056 1361 2137 Ἰούδα·
1398 2058 1432 2134 ἐκ

229 2189 251 2234 “
268 2187 339 2257 σοῦ
365 2175 437 2278 γάρ
464 2212 525 2276 μοι
552 2176 778 2284 ἐξελεύσεται
804 2186 869 2258 τοῦ
896 2175 984 2258 εἶναι
1008 2184 1057 2265 είς
1081 2180 1245 2285 ἄρχοντα
1268 2190 1340 2261 τοῦ
1355 2178 1428 2259 Ἰσ·
1443 2205 1466 2262 15

228 2312 249 2347 “
267 2301 374 2402 ραὴλ,
395 2303 451 2380 καί
478 2306 514 2379 αἱ
541 2301 658 2408 ἔξοδοι
685 2303 793 2381 αὐτοῦ
817 2304 877 2382 ἀπ’
897 2304 1010 2408 ἀρχῆς
1034 2302 1080 2409 ἐξ
1100 2304 1245 2404 ἡμερῶν
1266 2300 1430 2387 αἱῶνος.”

227 2427 408 2505 ἐπλανᾶτο
427 2423 580 2526 γεμὴνὴ
605 2433 678 2506 τῶν
694 2427 875 2505 Ἰουδαίων
893 2426 1181 2530 άχειραγοίγητος
1204 2428 1358 2529 γνώμη,
1378 2434 1432 2507 καί

228 2549 285 2628 ἐπὶ
319 2553 471 2654 Χριστῲ
505 2547 751 2654 διεσφάλλετο
782 2549 840 2628 διὰ
871 2546 985 2650 μόνην
1016 2549 1082 2650 τὴν
1111 2547 1283 2652 Ναζαρὲθ
1319 2556 1360 2632 ἐν
1390 2557 1432 2656 τῇ

228 2671 408 2775 Γαλιλαία
425 2670 597 2771 κειμένην,
615 2673 653 2751 ἐν
672 2668 695 2774 ᾗ
712 2671 909 2778 τετράφθαι
932 2669 997 2753 τδν
1015 2674 1150 2778 Κύριον
1168 2675 1189 2752 ὀ
1213 2675 1339 2760 πολύς
1364 2677 1432 2780 ἕχει

228 2792 348 2895 λόγος.
380 2796 472 2873 οὕτω
491 2793 563 2895 γάρ
582 2795 681 2899 φησί
693 2829 746 2878 τις
764 2803 837 2875 τῶν
855 2796 967 2897 ἁγίων
984 2798 1256 2899 εὐαγγελιστῶν
1275 2795 1431 2879 “Ἧλθε
1443 2824 1471 2868 ²0

192 2928 250 2994 d“
268 2917 305 2996 δέ
333 2923 381 3002 είς
404 2917 571 3021 Ναζαρὲθ
598 2917 639 2996 οὗ
667 2916 711 3017 ἦν
729 2917 1072 3019 ἀνατεθραμμένος.”
1102 2920 1186 2999 ἀλλ’
1204 2921 1273 3001 οὐκ
1302 2921 1432 3004 είδότες

228 3039 282 3120 ὅτι
310 3040 516 3142 γεγέννηται
543 3039 609 3138 μέν
631 3043 669 3118 ἐν
686 3039 853 3140 Βηθλεέμ
879 3046 944 3139 τῆς
964 3042 1138 3128 Ἰουδαίας
1165 3045 1203 3121 ἐκ
1232 3046 1300 3141 τῆς
1330 3045 1432 3146 ἁγίας

227 3163 405 3266 παρθένου
436 3168 500 3262 τῆς
534 3166 573 3242 ἐκ
608 3165 814 3265 σπέρματος
844 3165 988 3243 Δαυείδ·
1030 3169 1151 3272 φυλῆς
1181 3164 1256 3268 γὰρ
1287 3163 1340 3265 ἦν
1372 3173 1433 3266 τῆς

227 3286 345 3365 Ἰούδα
371 3285 413 3364 τὸ
442 3285 552 3387 γε’νος·
593 3283 666 3363 άπό
693 3283 805 3384 μόνου
832 3295 896 3366 τοῦ
923 3285 1120 3393 τετράφθαι
1148 3285 1211 3367 τόν
1234 3288 1377 3390 Κύριον
1398 3294 1433 3371 ἐν

228 3407 409 3511 Ναζαρὲθ,
430 3412 493 3506 τῆς
511 3408 681 3506 ἀληθείας
698 3409 912 3489 ἐκπίπτουσι
934 3412 992 3488 καί
1017 3419 1081 3490 τοῦ
1106 3411 1288 3514 σώζοντος
1309 3415 1430 3518 ἁμαρ·
1443 3443 1471 3503 ²5

227 3528 376 3610 τάνουσι
400 3538 593 3630 λογισμοῦ.

177 3740 215 3796 43
422 3728 544 3816 Σχίσμα
572 3726 627 3794 οὖν
654 3731 784 3804 ἐγένετο
811 3734 845 3797 ὲν
876 3735 920 3817 τῷ
946 3733 1034 3820 ὄχλῳ
1061 3733 1097 3798 δι’
1121 3734 1231 3799 αὐτόν.

284 3880 534 3955 Φιλονεικοῦσι
570 3874 698 3975 μάτην,
738 3880 796 3955 καί
832 3883 880 3961 είς
917 3876 1109 3987 διαφόρους
1147 3881 1431 3985 κατασχίζονται

264 4094 288 4166 η.
307 4081 358 4136 ἀπὸ
371 4094 540 4154 assumptum
553 4103 584 4138 ex
600 4085 632 4139 B.
693 4087 768 4141 ἔσται
780 4104 805 4141 α.
818 4087 877 4142 Cat.
892 4086 969 4143 Harl.
981 4088 1039 4142 ἐστι
1052 4088 1103 4143 Ed.
1227 4109 1254 4161 9.
1274 4092 1372 4148 τούτου
1385 4096 1395 4161 (
1403 4121 1424 4139 =

227 4173 324 4205 τουτων
333 4154 387 4220 (ἔγ)
404 4154 445 4216 B„
460 4154 505 4207 sed
518 4156 610 4209 τούτου
623 4165 653 4209 ut
665 4156 718 4209 vid.
733 4157 798 4212 Nik.
891 4174 932 4212 10.
952 4156 1058 4229 Δαυείδ]
1076 4166 1105 4223 4
1120 4161 1169 4214 υίεῖ
1183 4159 1215 4214 Β.
1307 4180 1352 4217 11.
1371 4165 1429 4218 ὀθε-

227 4221 294 4290 τίγση
307 4223 385 4289 αότίγν
396 4242 419 4276 a.
434 4226 489 4291 (81.
502 4226 548 4292 al.)
672 4243 713 4280 12.
731 4231 778 4280 τοῦ
791 4228 884 4297 θρόνου
896 4246 920 4282 a.
935 4229 1022 4298 (Vat.)
1145 4248 1187 4300 13.
1206 4230 1249 4302 δὲ]
1267 4239 1296 4296 -ί-
1314 4237 1430 4306 Μιχαίας

229 4293 280 4345 Ed.
299 4311 313 4344 e
333 4293 390 4346 Cat.
412 4294 488 4347 Harl.
506 4304 536 4348 ut
551 4295 603 4349 vid.
620 4295 730 4350 verbum
749 4315 898 4352 assumens,
912 4299 1048 4370 προφήτης
1065 4318 1129 4363 om„
1143 4300 1258 4372 Μιχαίας
1275 4304 1388 4359 exhibet
1406 4324 1428 4360 α.

231 4378 272 4427 14.
291 4363 337 4415 οὐκ
348 4363 489 4433 ὀλιγοστὸς
501 4384 525 4419 a.
538 4367 572 4419 cf.
585 4367 619 4434 μὴ
632 4366 779 4436 ὀλιγοστὸς.
793 4370 848 4436 (22.
861 4370 908 4438 al.)
1067 4385 1108 4442 15.
1125 4373 1177 4442 γὰρ
1190 4390 1245 4429 om.
1257 4391 1283 4428 a.
1297 4375 1334 4430 cf.
1349 4395 1430 4447 supra

226 4446 278 4501 447
289 4450 312 4485 c.
361 4434 388 4487 ἐν
401 4452 448 4502 pro
460 4439 506 4488 τοῦ
518 4437 563 4489 alt.
576 4454 599 4490 α.
615 4436 701 4508 [ἐντῷ
715 4439 790 4491 Alex.
805 4438 884 4509 XIL]
1021 4442 1061 4496 18.
1080 4443 1188 4512 vasape'r
1201 4445 1239 4512 (et
1252 4444 1296 4500 bis
1309 4446 1395 4516 infra)
1407 4465 1429 4509 α.

229 4518 271 4556 21.
290 4503 461 4573 τεθραμμένος
474 4523 497 4560 α.
606 4523 648 4560 22.
666 4509 800 4579 γεγένηται
814 4509 918 4580 Migne.
