3038 5018
231 288 297 358 840
535 292 574 359 B.
598 291 805 358 CYRILLI
835 291 1124 357 ALEXANDR.
1335 312 1366 354 v.
1380 307 1434 375 23.

232 456 408 564 ἐξουσίας,
436 453 528 561 άπερ
562 455 606 536 δν
633 460 751 565 ε’κείνιρ
781 456 959 560 προσήκοι
987 491 1026 537 τε
1055 457 1114 537 καὶ
1142 455 1283 558 πρέποι.
1331 452 1436 533 εἰκὼν

233 581 271 660 δὲ
299 578 479 684 ε’τέρως,ἦ
507 578 591 661 καθ’
613 582 735 684 ἑτέραν
763 580 843 660 τινὰ
869 580 1043 681 ποιότητα
1069 578 1282 682 πράγματος
1311 575 1332 677 ἢ
1360 611 1432 657 πο·

232 701 383 804 σότητα,
401 703 529 809 σχῆμά
553 739 592 784 τε
616 709 674 785 καί
699 705 908 807 ἀναλογίαν·
950 709 1005 785 δεῖ
1027 703 1098 807 γὰρ
1123 703 1191 805 ήδη
1216 700 1439 800 συλλήβδην

233 832 355 908 εἰπεῖν.

289 952 574 1034 Διδασκέτωσαν
599 954 718 1034 τοίνυν
743 958 776 1034 οἰ
803 956 867 1054 τῆς
895 955 1047 1037 θείας’
1019 951 1152 1034 εικόνος
1181 949 1472 1102 άκριβάττριτοιό

232 1073 456 1178 ζήτηταί,’
408 1075 561 1181 ποτερόν
584 1111 672 1159 ποτε
700 1075 766 1177 τὴν
792 1076 949 1178 οὐσιάδή
978 1080 1036 1156 καί
1064 1073 1270 1231 φυσικήν’
1244 1071 1439 1222 ρπονέμειν

233 1199 406 1296 ὁμοίωσιν
424 1197 556 1280 οἴονται
575 1205 647 1280 δεῖν
665 1233 716 1307 τῳ
698 1204 944 1301 Μονογενεῖ,
964 1204 1021 1279 καί
1046 1201 1158 1283 οὕτως
1184 1195 1300 1276 εἰκόνα
1318 1200 1439 1303 φασιν

234 1321 405 1427 ὑπάρχειν
428 1331 491 1404 τοῦ
521 1322 730 1429 Πατρὸς
695 1359 759 1404 τον
784 1322 1039 1426 Μονογευή
1003 1358 1067 1404 τον
1091 1322 1202 1429 ἐξ
1160 1329 1269 1400 αυτοῦ
1295 1329 1437 1422 προελ-

198 1443 345 1526 δθόντα
374 1445 506 1549 Λόγον,
537 1450 737 1551 ὡσπερανεὶ
771 1452 828 1528 καὶ
860 1446 923 1527 τὸν
950 1445 1075 1542 Ἀβελ
1106 1446 1151 1553 ἐξ
1180 1443 1310 1542 Ἀδὰμ,
1344 1442 1441 1543 ὅλην

233 1569 469 1673 ἀποσώζονται
502 1580 566 1651 τοῦ
598 1571 762 1655 τεκόντος
793 1568 859 1671 τὴν
890 1569 1004 1679 φύσιν
1032 1573 1071 1650 ἐν
1102 1573 1226 1677 ἑαυτῷ,
1255 1571 1313 1648 καί
1344 1567 1436 1648 ὁλό-
1456 1601 1497 1643 ιο

234 1707 371 1796 κληρον
391 1698 456 1793 τῆς
480 1694 754 1797 άνθρωπότήτος
781 1702 964 1799 φοροῦντα
987 1694 1052 1775 τὸν
1078 1692 1216 1795 λόγους
1246 1689 1270 1792 ἢ
1299 1696 1436 1796 δυσχε-

233 1826 385 1920 ρανοῡσι
411 1817 476 1917 μέν
499 1821 557 1899 ε’πί
582 1817 697 1926 τούτῳ
724 1820 818 1916 λίαν,
836 1823 884 1904 ὡς
907 1817 1002 1899 Θεὸν
1020 1819 1132 1902 ὅντως
1157 1820 1196 1896 ε’κ
1223 1821 1318 1896 Θεοῦ
1344 1814 1441 1896 κατὰ

235 1943 350 2047 φύσιν
375 1943 565 2045 ὁμολογεῖν
582 1942 868 2047 ,ἀναγκαζόμενοι
895 1940 959 2023 τὸν
977 1941 1078 2038 Υῖὸν,
1104 1944 1162 2022 ε’πί
1189 1939 1227 2020 δέ
1255 1938 1297 2020 τὸ
1324 1937 1441 2043 μάχε-

234 2073 324 2148 σθαι
350 2072 396 2172 τῇ
424 2068 574 2173 ἀληθείᾳ
601 2064 766 2167 συνήθως
794 2069 1078 2163 ε’κνεύοντες,”ε’πὶ
1104 2063 1167 2146 τὸν
1189 2065 1350 2166 δεύτερον
1372 2067 1440 2162 τῆς

234 2190 368 2275 εἰκόνος
387 2192 663 2287 άναβαδιοῦνται
680 2190 826 2293 τρόπον,
845 2188 884 2274 ὸς
902 2192 940 2269 ἐν
957 2189 1049 2294 μόνῃ
1076 2197 1204 2270 νοεῖται
1228 2192 1353 2294 μορφῇ
1378 2190 1438 2267 καί
1457 2217 1497 2276 15

235 2318 434 2418 χαρακτῆρι
460 2317 518 2393 καί
543 2313 716 2419 σχήματι.
756 2314 841 2393 ἀλλ’
861 2310 958 2412 οἶμαι
985 2312 1050 2411 μέν
1069 2321 1176 2394 τοῦτο
1201 2312 1318 2414 λέγειν
1340 2313 1435 2391 άπο·

204 2438 427 2541 οναρκήσειν
461 2437 600 2522 αύτούς.
653 2439 696 2517 ού
728 2436 800 2540 γὰρ
831 2444 1073 2519 πεποσῶσθαι
1104 2438 1146 2518 τὸ
1183 2443 1287 2535 θεῖον,
1320 2435 1344 2537 ἢ
1378 2438 1440 2516 καὶ

235 2561 395 2666 σχήματι
426 2561 681 2664 περιγραπτὸν,
714 2563 772 2641 καὶ
804 2566 1001 2667 χαρακτῆρι
1038 2560 1286 2665 μετρούμενον,
1319 2556 1342 2659 ἦ
1378 2562 1440 2640 καὶ

235 2685 331 2769 ὅλως
355 2684 401 2765 τὸ
423 2685 605 2784 σωμάτων
624 2684 808 2785 ὑπομένειν
825 2684 867 2766 τὸ
892 2687 1099 2785 ἀσώματον,
1119 2683 1352 2792 ὑπολήψεταί
1364 2718 1436 2783 τις,

235 2809 313 2889 οὐδ’
334 2815 363 2888 εἰ
387 2808 537 2915 σφόδρα
562 2809 725 2914 φαίνοιτο
753 2816 887 2912 ληρῶν.
928 2806 982 2912 ἆρ’
1003 2811 1065 2890 οὖν
1090 2812 1139 2894 ὡς
1166 2808 1258 2912 πρὸς
1282 2809 1352 2908 ἤθη
1378 2811 1440 2887 καί
1456 2839 1498 2880 20

236 2934 389 3037 τρόπους
426 2936 486 3014 καί
523 2934 664 3033 θέλημα
701 2940 966 3038 μεμορφῶσθαι
1005 2932 1178 3034 λέγουσιν
1215 2930 1337 3028 αὐτὸν,
1379 2933 1441 3010 καί

236 3058 369 3158 ταύτην
391 3059 488 3165 αὐτῷ
509 3055 741 3161 περιτιθέντες
764 3059 827 3136 οὐκ
849 3058 1081 3162 αἰσχύνονται
1103 3055 1170 3155 τὴν
1188 3055 1305 3136 εἰκόνα
1317 3088 1328 3153 ;
1359 3063 1441 3141 πῶς

236 3180 309 3284 γὰρ
332 3182 384 3262 έτι
409 3180 502 3262 κατὰ
526 3180 641 3286 φύσιν
667 3187 796 3261 νοεῖται
818 3181 911 3265 Θεὸς
938 3183 958 3260 6
981 3182 1020 3260 έν
1037 3180 1136 3288 μόνῳ
1160 3186 1212 3288 τῷ
1235 3178 1354 3259 θέλειν
1372 3179 1442 3280 τὴν

236 3305 327 3407 πρὸς
355 3303 462 3384 αὐτὸν
490 3303 583 3408 έχων
607 3305 789 3402 ὁμοίωσιν,
814 3305 933 3406 ἕτερον
958 3305 1000 3383 δέ
1023 3338 1058 3384 τι
1087 3302 1169 3385 καθ’
1194 3303 1319 3383 ἑαυτὸν
1342 3305 1441 3387 ἰδίως

238 3428 408 3534 ὑπάρχων
420 3461 431 3526 3
472 3428 671 3534 ὑφεστάναι
705 3428 776 3532 γὰρ
806 3427 950 3515 πάντως
986 3427 1281 3531 ὁμολογήσουσιν
1313 3425 1437 3507 αὐτόν.
1456 3459 1499 3519 ²5

68 3575 180 3633 281A,
208 3548 313 3632 ιείτα
331 3553 369 3632 τί
385 3551 427 3632 τὸ
445 3551 557 3632 πλέον
575 3554 613 3631 έν
632 3554 728 3660 αὐτῷ
751 3552 850 3657 παροί
872 3552 938 3652 τήν
956 3555 1074 3633 κτίσιν
1093 3560 1258 3657 φανεῖται
1276 3548 1435 3649 λοιπόν,

236 3675 260 3778 ἢ
278 3674 350 3780 γάρ
368 3678 447 3781 ούχί
465 3677 523 3755 καί
549 3674 727 3777 ἀγγέλους
751 3675 996 3775 πιστεύσομεν
1013 3676 1105 3779 πρὸς
1130 3675 1171 3756 τὸ
1197 3683 1291 3756 θεῖον
1309 3673 1442 3759 αύτούς

236 3802 441 3902 ἐπείγεσθαι
472 3797 697 3903 διαπράττειν
724 3798 877 3899 θέλημα,
905 3800 1024 3905 ἕτερόν
1051 3835 1086 3880 τι
1117 3799 1217 3903 παρὰ
1250 3800 1315 3880 τὸν
1342 3800 1442 3880 Θεὸν

236 3923 328 4004 κατὰ
346 3923 462 4031 φύσιν
479 3921 705 4028 ὑπάρχοντας
720 3957 731 4021 ;
763 3925 800 4004 τί
815 3924 853 4005 δὲ
871 3923 958 4005 ὅταν
977 3928 1036 4004 καὶ
1053 3922 1110 4031 ἐφ’
1130 3924 1231 4024 ἡμῶν
1249 3927 1373 4023 νοῆται
1395 3922 1443 4003 τὸ

277 4197 299 4235 1.
316 4180 450 4249 προσῆΒ.
595 4178 715 4248 λήρῐο
727 4176 742 4246 ἢ
755 4177 877 4248 priunss.
1029 4192 1053 4248 7.
1073 4178 1293 4248 ὑπόρχεινκίκόνα
1305 4177 1391 4301 φησὶν
1405 4177 1444 4234 Β.

236 4251 264 4305 8.
278 4254 410 4322 Μονογενῆ
422 4253 468 4305 τον
479 4260 618 4321 assumpta
629 4249 705 4303 exB
781 4265 821 4303 10.
835 4271 862 4302 εν
874 4266 928 4303 om
940 4248 973 4303 Β.
1049 4265 1089 4303 11.
1102 4250 1294 4319 δυσχερανοῦσι
1342 4248 1369 4301 D
1393 4249 1443 4303 δυ-

236 4327 410 4392 σχαιρανοῦσι
424 4321 475 4376 Ed.
585 4336 626 4389 13.
645 4320 733 4388 επειδὴ
718 4337 876 4443 ηὲῐο
806 4319 936 4374 ε’πίδεΒ.
1044 4334 1085 4389 15.
1104 4319 1304 4445 αχαῧαδιοὰᾝ
1316 4318 1348 4371 Β.
1341 4320 1443 4446 Νβαιῗδὲ

235 4392 440 4550 36⁸6?ss-
410 4461 455 4517 ..ι
467 4392 525 4515 1663
543 4389 786 4552 μᾙΒίὲἰίωα
799 4461 829 4514 ..ι
843 4406 906 4515 αἰ
925 4391 954 4445 '⁰
967 4389 1167 4528 “⁰3⁹T‘Z0n3.
1182 4413 1219 4515 ὀἷ
1303 4411 1377 4532 Ἥ
1395 4483 1442 4517 ...

236 4530 409 4602 στεύομενΒ.
456 4531 593 4589 αιἰτουςΒ.
606 4479 779 4588 κάντοιίκΒιί8
882 4531 925 4586 28.
943 4479 1108 4587 διαπλάττειν
1121 4531 1154 4586 Β.
1319 4529 1331 4550 ⁸
