3038 5018
230 290 296 354 ιοο
534 295 572 358 Β.
596 295 803 359 cmm
834 291 1121 358 ALEXANDR.
1321 287 1364 350 iv·
1378 302 1431 370 30·

232 455 466 563 ἀποθαυμάζη
484 458 548 538 τὸν
565 458 711 558 Ἰησοῦν
730 464 793 557 τῆς
812 458 877 559 μὲν
896 465 968 537 τῶν
980 457 1162 536 Ἰουδαίων
1179 455 1433 549 ἀποδημοῦντα

200 581 466 684 11Συναγωγῆς,
484 580 609 663 ἑαυτὸν
627 581 666 663 δὲ
690 589 834 680 μᾶλλον
856 589 931 665 τοῖς
954 579 1171 682 ἀλλογενίσι
1195 576 1430 678 δωρούμενον.

235 704 417 789 Ἰουδαίοις
446 703 607 809 μὲνγὰρ
635 705 689 785 ὅτι
718 708 775 784 καὶ
804 707 881 812 ἥξει
909 707 967 784 καὶ
995 706 1051 783 ε’πὶ
1078 704 1175 782 τίσιν
1201 703 1434 805 ἀναφανεῖται

236 826 448 929 Χριστὸς,ὁ
473 827 532 907 διὰ
559 829 745 913 Μωυσέως
772 827 966 931 διήγγελλε
994 825 1110 926 νόμος,
1128 829 1324 930 προφητῶν
1348 819 1386 900 δὲ
1413 821 1435 898 5

235 950 442 1050 πάνσεμνας
467 951 677 1054 ἀνεκήρυττε
702 949 819 1056 χορὸς,
839 955 897 1031 καὶ
915 952 1105 1054 μονονουχὶ
1123 947 1285 1051 παρόντα
1303 942 1434 1024 λοιπὸν
1450 959 1470 1019 5

69 1060 192 1175 ἵζω
237 1074 295 1153 ἐπὶ
331 1073 454 1176 θύραις
490 1077 684 1156 ἐπεδείκνυε
717 1078 836 1176 λέγων
869 1086 891 1122 “
907 1074 1003 1155 Ἰδοῦ
1035 1075 1055 1153 5
1087 1072 1180 1156 θεὸς
1215 1072 1325 1170 ἡμῶν,
1357 1067 1434 1147 ἰδοῦ

70 1216 192 1296 fimb-
238 1205 261 1242 “
280 1196 446 1298 Κύριος·”
477 1200 534 1277 καὶ
556 1205 758 1281 τελευταῖος
782 1198 840 1277 ἐπὶ
864 1204 978 1277 πᾶσιν
996 1198 1016 1275 5
1034 1194 1146 1296 με’γας
1165 1205 1186 1242 “
1198 1196 1236 1273 ἐν
1254 1199 1437 1294 γεννητοῖς

70 1299 104 1333 η
118 1297 156 1332 η’
239 1329 260 1366 “
279 1321 478 1421 γυναικῶν”
510 1320 689 1420 Ἰωάννης,
722 1321 790 1420 ήδη
827 1319 1013 1426 πεφηνότα
1045 1324 1102 1398 καὶ
1135 1315 1438 1414 συνδιαιτώμενον

71 1430 154 1558 „⁸¹22”
238 1442 395 1549 φανερὸν
424 1445 578 1543 καθίστη
606 1443 724 1546 λε’γων
746 1456 768 1490 “
779 1442 854 1524 Ἴδε
882 1446 902 1523 5
930 1442 1042 1542 ἀμνὸς
1066 1451 1129 1522 τοῦ
1155 1447 1250 1521 θεοῦ
1278 1442 1298 1519 5
1326 1439 1439 1541 αἴρων

239 1576 262 1612 “
279 1564 345 1665 τήν
363 1566 539 1669 ἁμαρτίαν
556 1576 620 1646 τοῦ
638 1566 810 1667 κόσμον.”
849 1569 908 1646 καὶ
933 1564 974 1646 τό
999 1601 1041 1667 γε
1062 1566 1209 1646 πάντων
1226 1562 1433 1668 παραδοξό-
1459 1584 1499 1625 10

211 1724 351 1793 οτερον,
380 1689 438 1770 διὰ
470 1698 622 1771 πολλῶν
649 1688 872 1793 πραγμάτων
900 1689 1081 1788 δυνάμεῶς
1112 1724 1151 1769 τε
1179 1694 1236 1767 καί
1270 1686 1441 1794 ἐξουσίας

241 1818 459 1915 θεοπρεποῦς
484 1813 610 1893 ἑαυτὸν
629 1815 648 1891 5
668 1812 796 1916 Σωτήρ
825 1813 1054 1921 ε’ξεκιίλυπτε.
1099 1814 1137 1891 τί
1160 1812 1204 1910 δή
1230 1809 1358 1890 λοιπὸν
1380 1813 1441 1889 ἐπὶ

239 1937 376 2020 τούτοις
401 1942 435 2016 οἱ
460 1936 550 2039 πρὸς
577 1935 748 2020 ἐκτύπους
775 1935 940 2042 ἀχάλινοι
967 1942 1147 2035 μελετῶσι
1174 1933 1311 2031 βουλάς
1323 1966 1334 2029 ;
1371 1942 1442 2037 φο-

242 2065 353 2138 νῶσιν
380 2060 519 2156 ἀδίκως,
549 2060 821 2154 ἐπιβουλεύουσι
849 2066 1051 2156 δυσσεβῶς,
1080 2065 1257 2165 φθονοῦσι
1286 2054 1440 2157 δυστρό-

239 2217 327 2279 πως,
347 2187 414 2283 γῆς
438 2218 476 2263 τε
501 2186 558 2262 καὶ
582 2181 722 2266 πόλεως
747 2188 810 2282 τῆς
834 2184 968 2263 ἑαυτῶν
988 2183 1222 2288 ἐξελαύνουσι
1245 2181 1311 2279 τὴν
1329 2178 1439 2281 ζωήν,
1461 2203 1498 2262 15

241 2303 284 2384 τὸ
312 2312 401 2408 φῶς,
429 2305 495 2405 τήν
523 2305 694 2386 ἁπάντων
722 2307 916 2411 σωτηρίαν,
945 2304 1012 2406 τὴν
1039 2313 1087 2391 είς
1116 2304 1310 2399 βασιλείαν
1337 2300 1438 2398 ὁδὸν,

243 2434 314 2506 τῶν
332 2426 653 2528 πλημμελημάτων
671 2427 737 2528 τὴν
755 2429 898 2536 ἀφεσιν,
914 2434 978 2528 τῆς
997 2429 1173 2511 υἱοθεσίας
1190 2425 1254 2507 τὸν
1272 2425 1443 2531 χορηγόν.

210 2548 303 2634 (ὶδιά
338 2585 393 2630 τοι
429 2559 534 2631 τοῦτο
571 2554 711 2636 δικαίως
748 2554 907 2657 ἔφασκεν
941 2555 961 2631 5
999 2552 1126 2655 Σωτήρ
1160 2562 1183 2598 “
1201 2548 1445 2652 Ἰερουσαλὴμ

245 2683 268 2719 “
283 2672 524 2773 Ἰερουσαλὴμ
553 2675 575 2774 ή
604 2676 851 2755 ἀποκτίνουσα
879 2674 961 2760 τοῦς
989 2673 1178 2781 προφήτας
1206 2677 1264 2753 καὶ
1293 2677 1443 2768 λιθοβο-

245 2805 268 2843 “
286 2803 407 2875 λοῦσα
429 2795 512 2880 τοῦς
537 2799 831 2897 ἀπεσταλμένους
849 2797 939 2900 πρὸς
958 2797 1079 2898 αὐτήν,
1098 2795 1253 2880 ποσάκις
1276 2796 1447 2896 ήθίλησα
1463 2827 1503 2867 20

76 2540 199 2619 δίψα

76 2622 145 2656 ¹¹¹st-
159 2619 200 2666 ³7.

78 2671 117 2733 38.

246 2927 267 2964 “
284 2919 559 3024 ἐπισυναγαγεῖν
586 2920 633 3000 τὰ
659 2922 765 3000 τέκνα
790 2955 861 3000 σου
889 2921 930 3001 δν
953 2920 1086 3023 τρόπεον
1114 2919 1209 3023 ὅρνις
1236 2919 1447 3020 ἐπισυνάγει

246 3053 267 3089 “
286 3040 331 3121 τὰ
355 3043 489 3123 νοσσία
512 3045 638 3143 ἑαυτῆς
662 3044 732 3125 ῦπδ
754 3043 818 3129 τὰς
841 3045 1031 3148 πτέρυγας,
1053 3047 1109 3124 καὶ
1135 3045 1199 3123 οῦκ
1224 3041 1444 3142 ἠθελήσατε·

247 3175 268 3213 “
287 3162 363 3244 ίδοῦ
395 3167 536 3274 ἀφίεται
575 3170 656 3265 ὑμῖν
688 3170 707 3246 5
740 3165 835 3252 οἶκος
868 3169 1001 3266 ῦμῶν.”
1053 3172 1269 3269 Σαμαρεῖται
1305 3164 1343 3244 δὲ
1381 3169 1448 3263 τῆς

247 3290 428 3370 Ἰουδαίων
446 3291 613 3374 ἀπονοίας
632 3293 889 3397 ἀναφαίνονται
907 3292 1110 3392 κρείττονες,
1129 3294 1188 3369 καὶ
1209 3288 1274 3389 τὴν
1291 3291 1449 3368 ε’νοῦσαν

249 3413 367 3495 αὐτοῖς
404 3413 609 3511 δυσμαθίαν
646 3421 723 3498 ταῖς
766 3416 968 3499 εῦπειθείαις
1013 3413 1230 3513 νικήσαντες,
1268 3410 1345 3496 ἑνὸς
1388 3415 1449 3492 καὶ
1466 3439 1505 3500 25

220 3566 238 3607 e
249 3534 360 3632 μόνον
381 3535 666 3621 κατακαύσαντες
691 3538 881 3636 θαύματος,
901 3544 1061 3641 δρομαῖοι
1080 3536 1287 3638 βαδίζουσιν
1306 3537 1364 3615 ἐπὶ
1382 3533 1451 3615 τὸν

249 3656 404 3757 Ἰησοῦν,
423 3661 465 3738 οῦ
492 3665 569 3742 ταῖς
596 3666 668 3739 τῶν
691 3663 804 3762 ἁγίων
827 3668 1025 3768 προφητῶν
1046 3659 1344 3756 ἀναπεπεισμένοι
1370 3669 1451 3765 φω-

284 3889 310 3944 3.
329 3872 369 3926 καὶ
382 3872 456 3943 prius
469 3878 638 3941 assumptum
651 3889 683 3926 ex
699 3871 730 3926 B.
943 3875 969 3927 ό.
989 3872 1099 3927 ἐδείκνυε
1113 3871 1146 3926 Β.
1202 3875 1217 3927 ὁ
1231 3873 1295 3929 θεὸς
1307 3876 1322 3927 ὁ
1334 3875 1401 3930 θεὸς
1416 3875 1451 3931 B.

249 3944 341 4063 δὲείήδη
353 3960 407 3998 om.
421 3941 454 3996 B.
553 3957 593 3995 10.
613 3944 686 4014 τόγε
700 3941 772 3997 B.D.
784 3943 843 3996 τότε
854 3941 907 3998 Ed.
1008 3960 1049 3997 12.
1068 3942 1235 4011 ε’ξεκάλυπτε.
1258 3945 1285 3998 τί
1296 3944 1327 4012 δή
1339 3945 1450 4017 λοιπὸν]

249 4064 431 4118 ἀποκείλυπτεν
442 4064 489 4132 ήδη
502 4065 603 4118 λοιπὸν·
620 4063 651 4118 Β.
735 4079 776 4133 13.
795 4062 929 4135 ε’κτδπονς]
947 4070 975 4128 †
990 4063 1070 4187 ὀρέδτ
1083 4063 1116 4117 Β.
1154 4061 1250 4117 Statim
1262 4029 1403 4133 ἀχάλιννιῖῦς
1417 4066 1452 4121 Β.

254 4151 295 4201 14.
313 4133 444 4204 φθονοῦσι
458 4134 493 4189 D.
505 4136 618 4205 φονοῦσι
632 4134 682 4188 Ed.
770 4132 810 4188 16.
828 4133 901 4205 ὁδὸν]
919 4135 1003 4197 ψκοί
1042 4133 1068 4187 d.
1081 4133 1165 4188 invito
1180 4133 1212 4186 B.
1303 4146 1344 4203 17.
1361 4138 1451 4204 πλημ-

251 4204 402 4273 μελημάτων
416 4203 447 4256 Β.
461 4203 681 4273 πλημμελούντων
694 4202 745 4257 Ed.
855 4205 895 4258 18.
913 4226 952 4259 τοι
965 4212 1134 4273 assumptum
1146 4222 1179 4256 ex
1192 4203 1225 4256 Β.
1325 4221 1367 4275 19.
1384 4205 1452 4260 ἀπο-

252 4273 377 4327 κτίνουσα
389 4274 458 4327 B.D.
471 4273 660 4346 [ἀποκτενοῦσα
670 4272 716 4345 B.]
728 4273 915 4329 ἀποκτείνουσα
926 4274 976 4329 Ed.
1011 4272 1227 4342 λιθοβολήσουσα
1238 4273 1270 4328 Β.
1337 4291 1380 4329 21.
1394 4277 1453 4329 ε’πι·

121 4342 132 4351 “
237 4344 423 4414 ’συνάγειοιπ
438 4345 470 4398 Β.
485 4346 621 4415 (utsupra
636 4344 734 4416 ι5οο.)
815 4361 858 4415 23·
876 4345 935 4414 ὑμῖν
946 4363 1000 4400 om.
1015 4345 1047 4398 B.
1096 4342 1178 4415 ὑμῶν]
1196 4344 1453 4416 ψέρημοςΜὶςοε.

251 4418 303 4468 τῶν
314 4432 362 4485 pro
374 4416 419 4482 τῆς
432 4415 534 4486 Migne.
635 4416 677 4469 26.
696 4413 899 4471 κατακαύσαντες
911 4415 1059 4484 ἐθαύμασαν
1071 4415 1211 4500 δραμόντες
1221 4416 1374 4481 βαδίζουσιν
1386 4418 1455 4488 πρὸς

251 4501 282 4555 τδ
294 4500 386 4568 θαῦμα.
407 4502 448 4556 ε’πὶ
461 4504 505 4556 τὸν
516 4501 618 4571 Ἰησοῦν
630 4502 660 4556 ού
671 4504 727 4558 ταῖς
738 4501 770 4557 Β.
783 4501 833 4556 alia
846 4519 927 4556 mauu
939 4501 972 4556 ad
984 4487 1329 4574 Ἰησοῦνάἂθῖίέῖτείγονται
1342 4502 1366 4557 Β
1376 4521 1435 4575 mg.
1443 4573 1454 4583 ἱ
