3038 5018
256 288 321 352 870
561 291 599 354 Β.
624 290 834 355 CYRILLI
864 290 1150 355 ALEXANDR.
1358 311 1389 350 v.
1405 305 1460 372 35.

255 457 349 554 ἱερᾶς
377 488 415 534 τε
444 458 502 535 καὶ
527 456 622 541 θείας
651 464 714 536 τοῦ
734 461 901 559 Σωτῆρος
930 459 1053 553 αύλῆς.
1096 454 1138 536 τὸ
1163 451 1276 557 γεμῆν
1296 454 1319 532 ἕ
1337 492 1366 533 ω
1393 461 1461 532 τοῦ

255 577 576 677 καταπετάσματος
601 582 757 682 ὁρᾶσθαι
781 579 845 660 τὸν
870 583 1014 686 λύχνον,
1033 579 1144 660 ἔοικεν
1167 581 1382 679 ύποδηλοῦν,
1402 576 1461 656 ὅτι

253 698 318 780 τὸν
350 703 602 806 άπλούστερὸν
633 738 672 784 τε
705 704 763 784 καὶ
796 703 1035 808 είσαγωγικὸν
1067 706 1216 784 εἰσοίσει
1255 701 1459 808 φοπισμὸν,

85 834 209 966 ἰθν-λξηῑῑλ·
223 859 241 903 ο
254 836 276 872 “
295 831 509 908 Μετανοεῖτε
529 828 661 930 λέγων,
682 830 807 930 ἤγγικε
832 828 904 933 γὰρ
927 828 950 929 ῆ
969 828 1142 923 βασιλεία
1166 835 1239 907 τῶν
1259 825 1457 932 ούρανῶν·”

114 942 119 953 ’
165 942 170 952 ’
252 951 389 1031 τῶνδὲ
415 951 490 1032 ἔσω
518 962 582 1032 τοῦ
611 950 934 1051 καταπετάσματος
963 952 1292 1055 άποκεκρυμμείιων,
1316 950 1493 1048 δηλαδῆ5

252 1083 317 1154 τοῦ
342 1080 510 1180 Σωτῆρος
537 1077 638 1176 ἡμῶν
664 1079 884 1178 μυστηρίων,
910 1073 1012 1156 οὐδὲν
1039 1075 1133 1159 ὅλως
1161 1074 1376 1156 ἐπιδεικνύει.
1415 1075 1459 1152 ού

252 1198 324 1304 γάρ
354 1199 551 1296 ἐβάπτισεν
579 1207 627 1284 είς
658 1202 853 1298 μετουσίαν
873 1202 1002 1304 Ἁγίου
1027 1200 1246 1299 Πνεύματος,
1265 1198 1345 1278 οὐδὲ
1373 1204 1456 1277 εἱσ-

253 1320 444 1425 ήνεγκενὸ
473 1327 556 1428 παρ’
583 1325 693 1405 αὐτοῦ
722 1323 912 1430 φωτισμὸς
945 1330 993 1409 είς
1021 1320 1064 1404 τὸ
1096 1324 1171 1403 έσω
1200 1330 1263 1402 τοῦ
1295 1357 1454 1402 καταπε·

83 1452 151 1568 81101‘·
162 1453 198 1504 ¹²
253 1444 450 1546 τάσματος·
479 1447 523 1549 ἦν
541 1447 613 1551 γὰρ
631 1451 688 1530 ἐπὶ
706 1454 770 1549 τῆς
788 1448 860 1556 ἔξω
879 1453 1016 1548 σκηνῆς
1034 1460 1056 1497 “
1069 1451 1133 1547 τῆς
1151 1446 1305 1551 ἐχούσης
1321 1445 1371 1525 έτι
1390 1445 1460 1546 τὴν

101 1556 107 1568 .
254 1580 277 1617 “
294 1569 449 1652 στάσιν”
469 1572 561 1653 κατὰ
587 1573 654 1673 τῆν
679 1581 743 1652 τοῦ
764 1572 916 1654 Παύλου
940 1571 1077 1679 φωνήν.
1118 1569 1238 1672 ἐπειδὴ
1263 1569 1305 1651 δέ
1328 1577 1458 1677 φησιν,
1477 1606 1516 1649 ιο

82 1707 195 1824 ἓξὲξ·π
254 1694 309 1775 ὅτι
326 1698 385 1775 καὶ
403 1707 425 1743 “
441 1695 581 1777 Καύσει
599 1695 708 1778 αὐτὸν
725 1694 870 1802 Ἀαρὼν
889 1699 946 1777 καὶ
971 1701 1004 1776 οἱ
1031 1699 1097 1777 υἱοὶ
1121 1697 1230 1775 αὐτοῦ
1253 1693 1325 1775 άπὸ
1344 1693 1457 1775 ἑσπέ-

82 1847 193 1903 251A
222 1828 275 1903 ο“
292 1854 359 1924 ρας
387 1821 451 1904 ἕως
483 1819 578 1924 πρωῒ
605 1821 762 1901 ἐναντίον
789 1821 937 1926 Κυρίου,
965 1817 1115 1920 νόμιμον
1143 1819 1284 1900 αἰώνιον
1313 1824 1361 1902 εἰς
1390 1817 1460 1903 τὰς

251 1953 273 1992 “
291 1944 415 2045 γενεὰς
442 1945 574 2046 ύμῶν,”
593 1949 745 2025 τοιῶσδε
772 1943 886 2025 πάλιν
909 1949 1037 2044 νοῆσαι
1062 1941 1260 2047 προσήκειν
1287 1939 1384 2042 οἶμαι
1412 1941 1458 2022 τὸ

249 2066 441 2171 εἰρημένον.
479 2066 624 2174 Ἀαρὼν
640 2074 699 2149 καὶ
723 2074 757 2149 οἱ
782 2071 849 2150 υἱοὶ
868 2069 976 2150 αὐτοῦ
994 2065 1076 2151 τοὺς
1095 2070 1133 2147 ε’ν
1150 2074 1227 2152 ταῖς
1246 2065 1458 2166 ἐκκλησίαις

249 2191 340 2272 κατὰ
365 2191 488 2296 καιρὸν
507 2199 774 2298 ίερουργοῦντας
801 2193 1104 2292 ύποσημαίνουσι,
1127 2192 1292 2271 τουτέστι
1314 2188 1398 2273 τοὺς
1416 2193 1458 2270 έν
1475 2228 1513 2287 15

248 2318 370 2400 αὐταῖς
398 2316 652 2416 διδασκάλους,
678 2320 736 2397 καὶ
763 2324 835 2396 τῶν
860 2318 964 2397 θείων
989 2317 1259 2419 θυσιαστηρίων
1286 2323 1452 2416 λειτουρ-

248 2439 344 2541 γούς·
374 2440 470 2521 οὗτοι
497 2439 562 2521 τὸν
587 2440 722 2547 λύχνον
740 2441 804 2521 τὸν
827 2440 968 2541 νοητὸν,
990 2440 1155 2521 τουτέστι
1183 2440 1248 2519 τὸν
1270 2436 1457 2539 Ἰωάννην,

247 2567 301 2645 ἀεὶ
334 2564 587 2664 διαλάμποντα
617 2572 736 2668 τηρεῖν
764 2563 1024 2646 ἐπιτάττονται·
1057 2573 1163 2645 τοῦτο
1200 2562 1272 2667 γάρ
1300 2565 1380 2643 ε’στι
1410 2562 1458 2643 τό

79 2716 120 2768 1b.
249 2697 270 2737 ‘⁶
291 2687 506 2770 Καύσουσιν
524 2688 632 2769 αὐτὸν
651 2687 722 2770 ἀπὸ
740 2688 895 2791 ἑσπέρας
920 2690 985 2774 ἕως
1008 2687 1135 2793 πρωί.”
1173 2687 1283 2792 ὁγὰρ
1302 2686 1457 2786 σύμπας

247 2812 384 2916 καιρὸς,
414 2816 452 2894 έν
480 2810 509 2921 ᾦ
542 2816 704 2916 προσῆκε
734 2812 776 2892 τὸ
804 2821 868 2892 τοῦ
897 2812 1033 2918 λύχνου
1063 2813 1256 2919 φαίνεσθαι
1285 2818 1377 2918 φῶς,
1411 2812 1457 2894 τὸ
1473 2847 1513 2888 20

213 2956 234 3022 b
246 2935 358 3035 μῆκός
391 2939 470 3018 ε’στι
502 2942 566 3036 τῆς
603 2933 740 3027 νυκτὸς,
774 2939 816 3016 δι’
852 2937 894 3016 οὗ
925 2937 1136 3037 σημαίνεται
1172 2945 1236 3017 τοῦ
1273 2934 1458 3039 παρόντος

244 3066 372 3144 αίῶνος
397 3061 440 3141 τὸ
464 3060 608 3164 μέτρον.
649 3066 728 3166 φῶς
756 3058 827 3163 γάρ
849 3059 913 3140 τὸν
936 3059 1120 3157 μέλλοντα
1149 3069 1298 3159 νοοῦμεν
1328 3065 1456 3144 αἰῶνα.

246 3185 379 3264 καίεται
397 3183 521 3287 γεμῆν,
540 3184 619 3284 ῆτοι
637 3182 803 3288 λαμπρὸς
827 3186 847 3265 ὁ
866 3185 997 3288 λύχνος
1016 3183 1304 3288 διαφυλάττεται,
1324 3185 1457 3286 δεκτῆν

246 3310 300 3387 ἀεὶ
329 3315 403 3391 τοῖς
430 3305 665 3387 πιστεύουσιν
692 3313 741 3392 εἰς
767 3306 932 3412 Χριστὸν
961 3306 1027 3407 τὴν
1054 3309 1106 3388 ἐπ’
1132 3309 1228 3416 αὐτῷ
1257 3311 1457 3414 δᾳδουχίαν

245 3432 465 3530 ποιούμενος,
485 3434 543 3510 καὶ
567 3429 690 3534 ύτιπέρ
713 3433 813 3513 ε’στιν
831 3427 969 3532 άληθῆς
995 3431 1041 3511 τὰ
1068 3441 1215 3512 τοιαῦτα
1233 3432 1352 3534 λέγων
1369 3438 1454 3538 περὶ
1470 3469 1512 3530 ²5

246 3559 411 3657 Χριστοῦ
437 3554 495 3635 διὰ
520 3559 643 3660 φωνῆς
668 3561 741 3634 τῶν
764 3554 854 3636 κατὰ
881 3555 1023 3660 καιρούς
1051 3556 1170 3661 ἱερέων
1188 3558 1452 3660 ἐπιμαρτυρού-

245 3711 362 3776 μενος.

295 3799 376 3881 Ἵνα
401 3799 443 3881 δέ
462 3837 507 3883 σε
532 3801 660 3911 διδάξῃ
679 3804 782 3902 θεὸς,
802 3804 856 3885 ὅτι
881 3804 939 3886 διὰ
965 3804 1092 3886 τούτου
1116 3802 1180 3885 τὸν
1198 3812 1262 3885 τοῦ
1281 3808 1454 3908 Σωτῆρος

216 3927 491 4028 οπροονετύπου
515 3927 759 4033 προάγγελον,
777 3927 879 4014 εὐθὺς
902 3929 1135 4012 ἐπισυνάπτει
1160 3927 1226 4029 τὴν
1251 3935 1324 4010 τῶν
1349 3935 1451 4034 ἱερα-

283 4192 308 4232 ι.
326 4177 406 4247 οὐλῆς
418 4182 464 4232 τοῦ
476 4182 593 4248 Σωτῆρος
603 4180 710 4236 inverso
722 4180 815 4236 ordine
828 4181 893 4238 Nik.
992 4200 1068 4308 χὶτι
1080 4199 1134 4237 om.
1149 4181 1214 4237 Nik.
1336 4197 1363 4254 5.
1383 4185 1454 4240 ἀπο·

945 4271 972 4325 9.

324 4246 433 4320 Ιιιιίνων]
447 4254 498 4302 τῶν
508 4250 737 4322 ἀποκεκρυμμένον
752 4251 785 4307 Β.
1046 4273 1095 4324 pro
1106 4255 1145 4308 ἔτι
1159 4253 1191 4308 Β.
1283 4305 1285 4309 ,
1364 4272 1407 4311 11.
1426 4259 1455 4311 οἱ

364 4335 457 4372 αιτιοι
471 4319 504 4373 Β.
517 4325 651 4392 utsupra.
784 4339 896 4389 14-22.
917 4322 990 4379 Haec
1002 4326 1066 4379 citat
1078 4323 1143 4379 Nik.
1156 4325 1174 4378 l.
1187 4342 1210 4378 ο.
1342 4339 1385 4397 17.
1405 4329 1455 4384 τὸν

372 4386 443 4460 {qm
454 4389 518 4443 Nik.
596 4408 638 4447 το.
656 4391 782 4463 προσῆκει
796 4394 861 4448 Nik.
910 4398 955 4448 τοῦ
967 4410 1021 4450 om.
1036 4395 1069 4448 B.
1082 4394 1162 4450 habet
1176 4395 1241 4449 Nik.
1315 4411 1359 4466 ²3·
1379 4399 1454 4452 καίε-

392 4478 404 4511 ι
408 4457 478 4583 'Bw
478 4550 508 4582 ov
522 4458 573 4583 ἑῇ..
588 4464 675 4531 καιρὸν
686 4463 718 4518 Β.
757 4464 905 4537 Utramque
918 4465 1030 4520 sormam
1042 4464 1149 4520 exhibet
1162 4466 1198 4520 D.
1274 4483 1317 4537 ²9·
1336 4488 1454 4537 προανε-
