3038 5018
67 308 163 376 mg.
235 287 289 353 IN
324 289 357 354 S.
382 290 637 356 JOANNEM.
685 292 779 357 LlB.
805 294 850 357 11.
896 293 997 359 CAP.
1014 294 1113 360 VIII.
1200 295 1265 359 343

67 453 282 535 κινδυνεύσει
315 453 432 540 τέλος.
470 455 571 537 ούδέν
598 459 669 561 γάρ
701 458 796 545 ὅλως
829 465 865 540 ε’ν
893 465 939 565 τῇ
971 460 1048 567 θείᾳ
1081 459 1191 556 Φύσει
1223 459 1265 539 τὸ

67 577 280 684 ἀξιόπιστον
299 581 536 684 εὑρεθήσεται,
557 585 750 683 δυναμένης
770 583 838 685 ἤδη
857 582 915 664 καῖ
935 588 998 683 τῆς
1015 589 1087 663 τῶν
1105 589 1265 686 γενητῶν

67 701 212 807 φύσεως
241 703 411 810 ὑπάρχειν
438 715 544 786 τοῦτο
571 709 647 786 κατ’
667 705 850 808 ἀλήθειαν,
875 709 964 811 ὑπερ
992 706 1036 788 ἀν
1065 713 1180 787 νοοῖτο
1208 710 1266 785 καὶ

66 826 168 927 αὑτή.
208 830 451 911 ἀποδέδεικται
475 830 547 934 γάρ
565 831 657 911 κατά
680 866 723 934 γε
748 831 812 913 τὸν
829 831 929 935 παρὰ
952 839 1026 916 τοῖς
1045 832 1088 910 δι’
1108 829 1300 915 ἐναντίαςδ

32 951 332 1053 5ἀδρανέστατον
351 953 474 1057 λόγον,
493 961 556 1055 τῆς
581 956 646 1055 μέν
663 958 759 1041 θείας
783 957 929 1063 φύσεως
957 957 1023 1061 οὑχ
1052 956 1222 1060 ὑπάρχων
1245 957 1266 1035 ὑ

68 1077 289 1177 Μοναγενὴς,
308 1077 399 1184 έχων
418 1081 447 1160 δ’
467 1081 531 1159 οὖν
549 1079 646 1178 ὅμως
670 1084 849 1180 ἀληθινῶς
872 1083 909 1160 έν
927 1084 1040 1187 ἑαυτῷ
1065 1078 1111 1159 τά
1134 1081 1266 1179 ἐκείνης

65 1199 241 1306 ἐξαίρετα.
281 1199 355 1282 εἶτα
386 1205 438 1289 τίς
471 1207 535 1285 οὑκ
567 1207 769 1312 ἀποφρίξει,
798 1207 856 1284 καῖ
889 1204 1000 1303 μόνον
1031 1203 1168 1282 ἀκούων
1200 1199 1266 1302 τὴν

12 1389 23 1411 .
65 1331 137 1404 τῶν
165 1325 355 1428 δογμάτων
383 1330 631 1426 δυσσέβειαν;
667 1329 787 1410 πάντα
814 1326 885 1431 γάρ
913 1327 987 1408 ἀνω
1014 1362 1053 1408 τε
1082 1328 1141 1406 καὶ
1168 1326 1265 1409 κάτω

64 1447 260 1556 στρεφεται
286 1451 426 1552 λοιπὸν,
444 1459 508 1554 τῆς
536 1452 600 1553 μὲν
624 1452 670 1534 τά
697 1454 816 1535 πάντα
845 1450 1090 1555 ὑπερκειμένης
1118 1451 1266 1558 φύσεως

11 1576 353 1675 τοκαταβαινούσης
377 1579 434 1658 ε’πῖ
459 1577 502 1658 τὸ
526 1578 791 1659 συντάττεσθαι
814 1584 888 1662 τοῖς
910 1583 1081 1679 γεννητοῖς,
1101 1579 1210 1674 αὑτῆς
1227 1574 1266 1656 δὲ

63 1700 129 1796 τῆς
146 1699 296 1785 κτίσεως
315 1707 363 1785 εἱς
380 1699 423 1783 τὸ
444 1703 646 1805 ὑπερέκεινα
663 1706 721 1782 καὶ
740 1703 808 1808 οὑχ
826 1700 1024 1806 ὡρισμένον
1042 1702 1131 1807 αὑτῇ
1149 1734 1266 1804 παρα-

62 1822 184 1925 λόγως
201 1824 442 1926 ἀναπηδιύσης
461 1827 602 1930 μέτρον.

120 1950 274 2047 Οὐκοῦν,
298 1953 346 2035 ὡς
376 1950 529 2035 ὁλκάδος
558 1955 595 2031 ἐν
622 1950 773 2053 πελάγει
802 1949 1074 2053 βαπτιφιμένης,
1102 1954 1165 2049 τῆς
1194 1956 1295 2031 τῶνο

63 2069 232 2152 τοιούτων
263 2075 452 2176 δογμάτων
485 2075 634 2158 ἀτοπίας
671 2073 941 2178 ἀπονηχόμενοι,
974 2072 1185 2171 σπεύδωμεν
1218 2077 1267 2157 ὡς

11 2223 49 2285 15
63 2193 118 2276 ἀπ’
144 2198 299 2304 ἀσφαλῆ
327 2201 384 2278 καῖ
413 2198 572 2297 ἀκύμονα
603 2198 731 2299 λιμένα
757 2197 823 2298 τὴν
851 2195 1033 2297 ἀλήθειαν,
1062 2199 1121 2276 καῖ
1148 2195 1266 2276 εῖκάνα

63 2326 128 2399 τοῦ
147 2325 243 2401 Θεοῦ
270 2357 309 2402 τε
336 2326 394 2403 καὶ
421 2323 566 2427 Πατρὸς
590 2325 825 2425 ὁμολογῶμεν
848 2319 911 2401 τὸν
930 2320 1029 2419 Υῖὺν,
1050 2322 1113 2400 οὑκ
1138 2320 1260 2420 ε’πικῆ·

61 2476 138 2546 pots·
167 2442 293 2550 ὥσπερ
321 2450 397 2526 τισὶ
426 2447 766 2550 περιπεπλασμένον
793 2445 1009 2553 ἀξιώμασιν,
1035 2443 1115 2525 οὑδὲ
1142 2442 1264 2542 μόνοις

61 2573 134 2652 τοῖς
163 2570 377 2672 θεοπρεπέσι
410 2571 723 2673 κατηγλαῖιτμένον
752 2569 938 2671 ὀνόμασιν,
965 2570 1051 2649 ἀλλ’
1082 2571 1265 2654 οὑσιωδῶς

60 2690 152 2794 πρὸς
179 2689 246 2791 τὴν
267 2702 330 2773 τοῦ
357 2692 522 2779 τεκόντος
549 2696 737 2799 ἐμφέρειαν
756 2692 1067 2796 ἀπηκριβῶμενον,
1089 2696 1147 2773 καῖ
1170 2695 1263 2772 ἀπα-

9 2854 50 2896 20
61 2816 277 2917 ραλλοῖκτως
309 2815 515 2922 ὑπάρχοντα
549 2817 639 2898 κατά
671 2818 797 2924 φύσιν,
826 2818 914 2921 ὅπερ
939 2816 983 2897 ἂν
1012 2824 1128 2898 νοοῖτο
1156 2819 1215 2896 καὶ
1243 2819 1262 2896 ὁ

61 2941 239 3042 γεννήσας
275 2942 393 3038 αὑτὸν,
426 2943 589 3023 τουτέστι
624 2942 718 3023 Θεὸν
754 2940 927 3042 ἀληθινὸν
967 2941 1005 3021 ε’κ
1039 2947 1134 3020 θεοῦ
1172 2939 1293 3020 κατάο
1316 2964 1432 3023 238Δ.

60 3062 243 3164 ἀλήθειαν,
264 3065 548 3168 παντοκράτορα,
568 3065 795 3169 δημιουργὸν,
815 3063 1090 3171 δεδοξασμένον,
1113 3063 1262 3165 ἀγαθὸν,

60 3186 321 3291 προσκυνητδν,
353 3192 411 3270 καὶ
448 3190 481 3269 εἴ
514 3226 549 3271 τι
586 3198 659 3275 τοῖς
696 3190 890 3293 εἰρημένοις
925 3191 973 3272 ὠς
1006 3191 1089 3294 θεῷ
1125 3187 1263 3290 πρέπον

59 3311 299 3415 παρέζευκται.
338 3310 419 3393 τότε
444 3312 515 3416 γάρ
538 3310 582 3413 δὴ
602 3311 692 3393 κατά
717 3312 837 3394 πάντα
861 3310 1101 3416 προσεοικότα
1128 3310 1263 3392 δεικνύ-

9 3458 46 3518 ²5
60 3469 159 3518 οντες
189 3441 240 3542 τῷ
270 3442 353 3545 Θεῷ
383 3440 441 3517 καὶ
468 3440 598 3541 Πατρὶ,
625 3441 683 3518 καὶ
714 3435 938 3537 ἀληθεύοντα
966 3433 1263 3540 ποραστήσομεν,

60 3561 108 3642 ὡς
138 3566 167 3638 εὶ
199 3559 249 3661 μή
279 3597 332 3646 τις
362 3562 532 3658 βούλοιτο
561 3570 668 3660 τιμοῖν
695 3561 759 3642 τὸν
786 3559 887 3659 Υῖδν,
915 3560 995 3644 οὑδὲ
1023 3560 1086 3641 τὸν
1115 3561 1263 3663 Πατέρα

60 3688 146 3788 τιμᾷ
181 3683 245 3763 τὸν
277 3688 546 3767 ἀποστείλαντα
577 3685 699 3766 αὑτόν·
739 3688 820 3788 περὶ
853 3684 982 3765 τούτου
1018 3684 1090 3789 γάρ
1123 3687 1207 3784 ἡμῖν
1240 3685 1261 3783 ἡ

60 3804 216 3908 ζήτησις,
253 3816 311 3889 καὶ
350 3811 372 3909 ἡ
410 3818 482 3889 τῶν
519 3812 648 3915 ἀρτίως
685 3808 938 3918 ἐξητασμένων
976 3810 1151 3909 κεκίνηται
1187 3806 1260 3904 βά-

59 3966 185 4018 σανος.

96 4169 121 4208 2.
139 4152 433 4278 δυναμένηςχδυνάμεως
446 4155 481 4210 Ι).
644 4173 685 4211 10.
704 4159 759 4213 τοῖς
770 4173 824 4211 om.
840 4154 871 4208 Β.
1038 4171 1078 4207 11.
1097 4151 1146 4223 οὑχ
1159 4169 1212 4205 om.
1228 4151 1261 4205 B.

62 4240 103 4291 14.
123 4224 269 4292 σπεύδομεν
308 4266 313 4278 .
397 4226 437 4281 16.
455 4249 483 4279 τε
496 4239 664 4297 assumptum
677 4245 709 4280 ex
724 4226 756 4283 B.
804 4227 981 4297 ὁμολογοῦμεν
995 4223 1029 4278 Β.
1111 4238 1151 4293 ¹7·
1171 4224 1261 4290 ὥσπερ

59 4312 114 4349 om.
128 4295 161 4349 Β.
209 4295 464 4367 περιπεπλασμένον]
478 4297 671 4364 πεπλανημένον
685 4297 718 4352 Β.
847 4297 888 4351 18.
907 4297 1138 4367 κατηγλαῖζόμενον
1151 4293 1212 4363 (sic)
1229 4292 1262 4346 B.

60 4364 157 4419 Statim
169 4366 294 4435 ὀνόμασιν
306 4367 376 4421 edidi
388 4385 420 4421 ex
433 4367 464 4429 B,
478 4368 523 4438 qui
535 4367 648 4436 ὄμμασιν
658 4368 732 4438 prius
745 4368 859 4438 scripsit,
870 4376 962 4438 postea
974 4366 1097 4421 correxit.
1117 4365 1263 4435 ἀξιώμασιν

60 4437 153 4506 repetit
167 4437 217 4491 Ed.
328 4453 368 4509 19.
388 4437 527 4509 ἐμφέρειαν
540 4438 573 4493 Β.
585 4439 717 4508 ἀκρίβειαν
731 4437 781 4493 Ed.
