3038 5018
126 320 222 387 v.25.
295 305 350 370 IN
382 305 415 370 S.
439 306 693 372 JOANNEM.
740 307 835 372 LIB.
859 308 906 373 11.
952 308 1171 375 CARVIII.
1261 312 1324 374 845

126 465 337 569 πράγματος
372 475 631 573 ἀπυτελεστὴν,
668 475 758 572 ὁμοῦ
792 472 856 572 μὲν
892 477 1002 556 ἐκεῖνο
1038 484 1112 560 τοῖς
1143 477 1325 561 Ἰουδαίοις

126 590 423 693 ὑπαινιττόμενος,
453 596 507 676 ότι
536 596 728 697 θαυμαστὴ
757 595 822 698 μὲν
855 598 966 683 ὅντως
998 601 1098 679 ἐστὶν
1129 600 1151 699 ἡ
1184 602 1241 680 ἐπὶ
1273 607 1325 707 τῷ

124 719 409 827 παραλελυμένῳ
434 720 591 820 δύναμις,
608 720 902 827 ἀξιολογωτέραν
927 723 957 801 δ’
976 723 1039 802 οὑν
1057 721 1153 821 ὅμως
1181 725 1319 802 ἀναδει·

125 835 300 940 χθήσεται
322 841 533 946 δημιουργὸς
552 844 573 923 ό
591 841 689 940 Υἱὸς,
708 845 771 924 οὑκ
787 844 1006 947 ἀῤῥώστημα
1024 843 1144 944 μόνον,
1164 842 1243 925 οὑδὲ
1260 844 1325 930 τὰς

91 960 164 1040 5ἔκ
194 958 306 1043 νόσου
335 966 514 1064 μαλακίας
541 973 613 1047 τῶν
641 969 873 1070 ἀνθρωπίνων
901 968 1102 1075 ἐξελαύνων
1124 964 1320 1066 σωμάτων,

125 1081 227 1162 ἀλλά
258 1089 317 1167 καὶ
349 1087 457 1167 αὑτὸν
489 1089 557 1189 ἤδη
588 1086 652 1170 τὸν
684 1087 839 1170 θάνατον
871 1093 928 1170 καὶ
965 1088 1030 1190 τὴν
1063 1089 1355 1195 ἐπισκήψασανῢ
1377 1105 1444 1160 234
1453 1106 1494 1160 A·

124 1206 332 1309 ἀνατρέπων
359 1208 515 1316 φθοράν·
545 1220 650 1292 τοῦτο
677 1210 750 1315 γάρ
777 1211 822 1312 ἦν
848 1211 890 1292 τὸ
922 1215 980 1294 καὶ
1007 1218 1121 1321 μικρῷ
1149 1211 1324 1317 πρότερον

125 1329 308 1432 εἰρημένον
333 1343 355 1379 “
368 1333 417 1414 ‘O
438 1332 568 1437 Πατὴρ
589 1339 692 1440 φιλεῖ
715 1332 779 1414 τόν
798 1332 887 1415 Υίδν
916 1334 973 1416 καὶ
1000 1333 1119 1418 πάντα
1147 1339 1325 1417 δείκνυσιν
1371 1342 1468 1458 ξζξῖο

125 1460 148 1497 “
165 1454 262 1561 αὑτῷ
297 1452 321 1533 ἀ
358 1455 463 1540 αὐτὸς
499 1464 602 1554 ποιεῖ,
639 1460 698 1537 καὶ
738 1458 878 1562 μείζονα
915 1458 1050 1539 τοὺτων
1086 1459 1191 1567 δείξει
1229 1460 1324 1567 αὑτῷ
1417 1446 1422 1458 ¹
1471 1446 1476 1460 ⁸

74 1607 111 1646 10
126 1585 147 1622 “
165 1575 264 1679 ἔργα,
288 1578 347 1657 ἵνα
377 1581 473 1678 ὑμεῖς
499 1579 731 1683 θαυμάζητε.”
770 1580 812 1660 τὸ
843 1580 915 1685 γάρ
939 1583 977 1660 ἐν
999 1586 1051 1690 τῷ
1080 1580 1324 1686 θαυμάζεσθαι

125 1698 251 1802 μεῖζον,
284 1704 321 1781 ἐν
352 1708 397 1809 τῇ
433 1709 506 1782 τῶν
538 1710 669 1806 νεκρῶν
701 1702 901 1784 ἀναστάσει
933 1705 1109 1810 φαίνεται.
1163 1708 1253 1804 ὁμοῦ
1286 1704 1324 1785 δὲ

124 1822 237 1904 πάλιν
260 1829 370 1905 ἐκεῖνο
389 1824 672 1928 κατασκευάζων,
689 1826 776 1929 ὅπερ
795 1825 839 1925 ἦν
857 1825 948 1913 εἰκὸς
966 1830 1030 1909 οὑκ
1055 1832 1093 1910 ἐν
1116 1831 1232 1936 ὀλίγῳ
1256 1831 1319 1927 με’·

125 1982 199 2056 τριρ
218 1949 481 2050 καταπτοήσειν
494 1947 576 2033 τοὺς
594 1949 851 2053 ἀκροωμένους·
884 1951 938 2031 ότι
956 1949 1028 2055 γάρ
1047 1954 1105 2032 καὶ
1124 1950 1324 2053 ἀναστήσει

124 2069 207 2157 τοὺς
236 2070 390 2177 νεκροὺς,
419 2077 477 2153 καὶ
504 2072 595 2175 πρὸς
626 2073 746 2175 κρίσιν
775 2073 852 2180 ἀξει
884 2072 927 2153 τό
958 2075 1104 2176 ποίημα,
1129 2076 1325 2178 διαγορεύει

73 2215 110 2275 ¹5
126 2203 266 2302 σαφῶς,
283 2197 342 2276 ἵνα
368 2201 420 2304 τῷ
448 2201 657 2300 προσδοκᾶν
684 2197 780 2304 αὑτῷ
811 2196 1119 2298 παραστήσεσθαί
1148 2232 1245 2296 ποτε,
1265 2202 1358 2279 'calb

124 2316 188 2400 τὸν
206 2322 260 2425 ἐφ’
281 2319 445 2404 ἑκάστοις
469 2320 671 2400 ἀποδώσειν
696 2317 819 2422 λόγον,
839 2319 1062 2424 ὀκνηρότεραι
1086 2320 1151 2419 μίν
1174 2355 1252 2406 πως
1276 2328 1325 2406 είς

124 2442 190 2543 τὴν
218 2447 275 2524 ἐπὶ
304 2442 346 2523 τὸ
376 2445 511 2524 διώκειν
539 2440 647 2524 αὐτόν
674 2444 894 2546 εὑρίσκοιντο
922 2443 1072 2542 τόλμαν,
1096 2444 1256 2549 δέχοιντο
1286 2444 1325 2526 δὲ

122 2567 389 2671 προθυμότερον
417 2568 484 2667 ἤδη
509 2565 573 2647 τόν
600 2571 663 2667 τῆς
690 2568 925 2653 διδασκαλίας
954 2602 993 2647 τε
1022 2572 1080 2648 καὶ
1111 2567 1325 2674 ὑφηγῆσεως

127 2689 250 2793 λόγον.

73 2848 111 2888 20
180 2819 244 2898 Εἰς
271 2822 383 2895 ταῦτα
413 2813 479 2913 μὲν
501 2816 563 2894 οὖν
587 2818 606 2894 ὁ
630 2824 695 2895 τοὺ
720 2817 919 2920 κεφαλαίου
945 2815 1082 2900 σκοπὸς
1113 2818 1237 2919 ὁρᾶται
1266 2819 1326 2896 καὶ

123 2941 352 3044 συντείνεται·
383 2935 425 3018 τὸ
454 2937 491 3018 δὲ
518 2938 609 3042 πρὸς
635 2939 735 3046 λε’ξιν
756 2940 848 3039 ἡμᾶς
872 2941 1065 3040 ἀναγκαῖον
1083 2939 1325 3019 ἀπολευκάναι

124 3060 262 3142 λοιπόν.
293 3065 312 3142 ό
346 3062 412 3161 μὲν
440 3063 503 3142 οὑν
531 3059 656 3160 κοινός,
685 3066 733 3145 ὡς
766 3062 884 3160 ἔοικεν,
913 3062 983 3165 ἔχει
1017 3060 1138 3162 λόγος,
1166 3066 1214 3145 ὡς
1246 3063 1324 3169 ἥξει

123 3184 210 3265 ποτέ
238 3182 359 3287 καιρός
386 3188 467 3267 καθ’
489 3184 530 3267 δν
548 3191 746 3266 ἀκούσονται
768 3184 826 3278 τῆς
850 3193 915 3265 τοὺ
943 3188 1196 3268 διανιστῶντος
1214 3184 1353 3291 φωνῆςο

125 3319 151 3388 οἱ
182 3312 291 3418 νεκροί·
321 3317 481 3411 παρεῖναι
510 3308 547 3389 δὲ
577 3316 637 3388 καὶ
668 3311 714 3388 νὺν
739 3306 840 3388 οὐδὲν
867 3309 974 3408 ἦττον
1002 3306 1324 3407 ὑπολαμβάνουσιν

74 3455 111 3518 25
124 3430 285 3532 αὐτόν,ἢ
314 3435 361 3516 ὡς
380 3432 545 3534 Λαζάρου
572 3429 682 3536 τυχὸν
705 3435 768 3530 τῆς
795 3439 860 3510 τοῦ
886 3435 1053 3533 Σωτῆρος
1081 3430 1324 3530 ἀκουσομένου

125 3560 257 3661 φωνῆς,
288 3554 311 3658 ἢ
340 3559 397 3635 καὶ
431 3555 572 3659 νεκροὺς
604 3552 692 3635 εἶναι
726 3553 891 3656 λε’γοντες
924 3553 1006 3638 τοὺς
1039 3556 1138 3634 οὕτω
1171 3552 1230 3633 διὰ
1260 3559 1324 3653 τῆς

123 3679 279 3764 πίστεως
307 3685 355 3763 εἷς
380 3678 521 3758 αἰώνιον
539 3675 840 3776 ἀνακεκλημένους
859 3674 960 3778 ζωὴν,
980 3675 1014 3756 οἳ
1039 3676 1082 3775 δὴ
1105 3680 1162 3756 καὶ
1181 3675 1325 3761 πάντως

125 3809 173 3888 εἰς
196 3802 306 3903 αὐτὴν
327 3803 481 3902 ἔμελλον
502 3800 763 3900 ἀναβήσεσθαι,
783 3799 849 3897 τὴν
871 3807 935 3879 τοῦ
954 3803 1121 3901 Σωτῆρος
1148 3801 1320 3878 διδασκα-

125 3922 208 4002 λίαν
235 3917 532 4026 παραδεξάμενοι.
572 3923 630 3999 καὶ
660 3916 766 4020 σώζει
797 3917 862 4016 μὲν
891 3918 1001 4000 ὅντως
1033 3921 1096 4015 τῆς
1127 3918 1274 4018 θεωρίας
1304 3918 1324 3996 ό

74 4086 112 4141 30
125 4044 256 4147 τρόπος
279 4041 320 4124 τὸ
343 4047 380 4123 ἐν
398 4039 605 4141 πιθανότητι
628 4046 764 4145 σχῆμα,
783 4040 824 4121 τὸ
849 4038 887 4122 δὲ
912 4039 1054 4144 ἀκριβὲς
1072 4041 1113 4118 οὑ
1131 4038 1237 4118 πάνυ·
1269 4037 1324 4119 διδ

125 4167 169 4269 δὴ
198 4166 311 4249 πάλιν
340 4165 405 4261 τὴν
434 4173 507 4245 τῶν
534 4164 738 4264 λεγομένων
767 4163 1040 4263 ἀναμασώμενοι
1071 4161 1230 4261 δύναμιν,
1260 4161 1323 4242 τὸν

163 4387 186 4424 1.
205 4372 270 4439 ὁμοῦ
284 4369 383 4423 κάκεῖνο
396 4385 411 4421 a
423 4368 505 4421 invito
515 4365 595 4420 Cord.
668 4383 694 4435 9.
712 4365 780 4437 αὐτῷ
793 4365 868 4436 prius
877 4373 1045 4435 assumptum
1059 4381 1092 4417 ex
1101 4363 1134 4418 B.
1209 4381 1249 4430 ¹⁴·
1268 4364 1323 4419 δια·

125 4439 245 4510 γορεῦσει
260 4439 291 4493 Β.
388 4455 429 4492 20.
448 4435 493 4491 οὖν
505 4454 559 4490 om.
574 4436 606 4490 B.
619 4436 696 4490 hicne
709 4452 743 4488 an
752 4440 809 4489 τοι
909 4433 951 4488 26.
969 4434 1091 4504 λέγοντος
1104 4434 1136 4488 B.
1150 4434 1190 4487 καὶ
1202 4434 1323 4505 λέγοντες

126 4510 231 4581 conjicit
245 4510 270 4562 D
284 4527 339 4578 mg.
447 4508 489 4561 28.
509 4505 687 4574 ἀναβήσεσθαι
699 4506 809 4572 ἔμελλον
821 4506 926 4559 inverso
940 4504 1033 4558 ordine
1046 4503 1078 4558 B.

169 4609 239 4653 νου.
257 4610 279 4652 1.
697 4606 716 4648 ι
731 4610 753 4670 y
