3038 5018
248 277 314 342 516
393 330 396 337 .
466 279 478 338 ἀ
553 275 825 344 nomm
854 275 1143 342 ALEXANDR.
1274 316 1278 321 .
1342 269 1388 338 vi.
1401 284 1457 355 51.

248 440 464 549 προφήτης;
501 444 585 522 ἀλλ’
613 442 695 523 ἔστι
722 447 845 542 δῆλον,
874 446 922 527 ὡς
950 443 1091 544 ἐπείπερ
1118 437 1164 541 ἦν
1191 438 1234 520 τὸ
1261 436 1386 538 μάννα
1413 434 1457 514 τὸ

250 563 398 647 τυπικῦν
416 570 464 651 εἰς
488 564 606 646 εἰκόνα
630 571 806 670 Χριστοῦ,
825 573 889 646 τοῦ
914 563 1128 670 συνέχοντός
1153 598 1191 643 τε
1217 564 1275 643 καὶ
1302 566 1456 660 διακρα-

248 696 396 773 τοῦντος
419 694 468 773 εἰς
492 686 533 768 τό
559 686 646 770 εἰναι
674 687 721 768 τά
743 687 873 786 πάντα,
893 692 951 769 καὶ
969 687 1233 796 ἀποτρέφοντος
1250 684 1318 785 μέν
1336 680 1455 786 ἀγγέ-

250 822 347 909 λους,
378 812 638 916 ζωογονοῦντος
668 811 705 893 δὲ
734 812 781 893 τά
811 816 870 894 ε’πί
901 817 964 912 τῆς
996 818 1075 915 γῆς,
1106 812 1149 893 τό
1183 815 1231 896 ὡς
1262 813 1301 890 ἐν
1331 815 1457 893 σκιαῖς

249 934 540 1034 ῦποδηλούμενον
561 935 708 1037 ὀνόματι
733 942 784 1046 τῷ
808 941 871 1036 τῆς
897 939 1066 1036 ἀληθείας
1093 939 1114 1016 ό
1141 933 1333 1042 προφήτης
1357 934 1487 1012 ἀπε·5

123 1047 126 1051 ’
216 1056 361 1156 ᾶκάλει,
385 1065 437 1166 τῷ
463 1058 716 1160 μὴδύνασθαι
742 1058 825 1144 τοῦς
852 1059 975 1163 ἁγίους
1003 1058 1181 1164 ἀγγέλους
1208 1055 1457 1161 γεωδεστέρας

249 1183 431 1288 μετίσχειν
450 1188 597 1291 τροφῆς,
614 1184 765 1291 παχείας
784 1182 908 1287 ὥσπερ
926 1185 1071 1282 ἐννοίας,
1091 1189 1154 1283 τῆς
1179 1184 1236 1263 ε’πί
1257 1188 1311 1288 τῷ
1332 1181 1457 1286 μάννα

250 1308 355 1414 φημί,
384 1309 442 1387 καί
470 1308 537 1413 οὐχ
564 1306 709 1392 ἑκόντας
736 1307 895 1416 ἐξέλκων
921 1307 1003 1392 τοῦς
1031 1307 1285 1412 ἀκροωμένους,
1315 1307 1454 1384 ἀνακο-

249 1428 359 1532 μίζων
377 1430 420 1510 δέ
440 1466 517 1516 πως
543 1437 591 1516 εἰς
616 1431 730 1534 λόγον
746 1431 995 1532 πνευματικὸν,
1011 1429 1076 1511 τὸν
1094 1429 1148 1511 ἐπ’
1167 1432 1263 1537 αὐτῷ
1282 1427 1456 1530 δηλονότι
1489 1464 1499 1481 =

250 1560 302 1662 τῷ
320 1560 483 1663 Χριστῷ,
503 1553 542 1639 ός
561 1558 618 1634 καί
637 1557 754 1635 αὐτῶν
772 1555 879 1660 ἀρτος
897 1562 969 1636 τῶν
988 1557 1101 1656 ἁγίων
1120 1557 1220 1635 ε’στίν
1238 1550 1426 1656 ἀγγέλων.
1469 1581 1505 1622 10

307 1681 451 1759 Οὐκοῦν
469 1684 503 1758 οἰ
520 1676 584 1777 μὲν
603 1679 781 1787 φαγόντες
803 1679 845 1760 τό
867 1677 995 1780 μάννα,
1015 1684 1121 1787 φησί,
1140 1675 1453 1776 τετελευτήκασιν,

251 1804 299 1885 ὡς
318 1803 480 1901 οὐδεμιᾶς
499 1803 667 1903 δηλονότι
692 1802 780 1906 ζωῆς
805 1804 999 1903 μετουσίαν
1015 1805 1098 1907 παρ’
1119 1803 1229 1882 αῦτοῦ
1247 1797 1452 1908 δεξόμενοι·

251 1925 295 2005 οῦ
326 1923 399 2029 γάρ
430 1924 474 2025 ἦν
505 1925 617 2012 ὅντως
654 1927 836 2032 ζωοποιὸν,
869 1935 977 2026 λιμοῦ
1015 1926 1052 2007 δὲ
1087 1933 1233 2025 μᾶλλον
1265 1926 1456 2027 ἐπίκουρον

222 2059 435 2152 οσαρκικοῦ,
464 2054 522 2131 καί
550 2055 598 2136 ὡς
628 2054 666 2131 ε’ν
693 2050 795 2159 τύπιρ
824 2060 888 2132 τοῦ
917 2052 1162 2154 ἀληθεστέρου
1193 2048 1453 2154 παραληφθέν.

251 2178 285 2252 οἰ
312 2173 350 2253 δέ
377 2173 441 2254 τὸν
469 2175 579 2277 ἄρτον
606 2177 644 2255 ἐν
670 2175 806 2259 ἑαυτοῖς
834 2175 1093 2278 εἰσκομίζοντες
1122 2178 1185 2273 τῆς
1216 2171 1315 2275 ζωῆς,
1345 2172 1456 2275 γε’ρας
1467 2200 1504 2264 15

250 2296 376 2404 ἕξουσι
400 2295 467 2396 τὴν
484 2300 696 2398 ἀθανασίαν,
716 2304 855 2406 φθοράς
879 2332 917 2380 τε
941 2302 1000 2379 καί
1024 2305 1096 2379 τῶν
1114 2301 1153 2378 ἐκ
1179 2298 1310 2396 ταύτης
1334 2302 1456 2377 κακῶν

250 2428 438 2506 παντελῶς
463 2422 722 2525 ἀλογήσαντες,
744 2422 835 2526 πρὸς
863 2420 1045 2525 ἀμήρυτόν
1067 2457 1105 2503 τε
1133 2426 1192 2502 καί
1215 2419 1458 2520 ἀτελεύτητον

252 2545 336 2641 βίον
359 2553 423 2625 τοῦ
450 2544 541 2626 κατά
559 2545 724 2648 Χριστὸν
748 2546 994 2647 ἀναβήσονται
1019 2550 1142 2646 μῆκος.
1185 2548 1457 2644 διαλυμανεῖται

251 2667 290 2748 δέ
308 2676 381 2753 τοῖς
398 2674 479 2771 περὶ
497 2668 633 2750 τούτων
651 2670 752 2769 ήμῶν
771 2670 895 2773 λόγοις
918 2669 1019 2750 οὐδέν
1037 2669 1079 2749 τὸ
1098 2673 1156 2751 καί
1174 2669 1459 2772 ἀπογεύσασθαι

176 2866 178 2870 .
252 2797 324 2874 δεῖν
352 2791 508 2873 θανάτου
535 2805 709 2896 σαρκικοῦ
738 2794 797 2876 διὰ
824 2793 866 2874 τό
899 2800 945 2901 τῆ
978 2792 1088 2900 φύσει
1120 2794 1269 2897 πρέπον,
1298 2790 1385 2878 τοῦς
1420 2794 1508 2873 ε’ννο

250 2916 454 3023 μεταλήψει
474 2917 665 3020 γεγονότας
689 2928 752 2999 τοῦ
771 2924 949 3023 Χριστοῦ·
980 2919 1035 2997 ότι
1061 2916 1127 2997 κᾶν
1146 2924 1175 2997 εἰ
1199 2923 1251 3025 τῷ
1274 2919 1385 3025 κοίνιρ
1413 2917 1458 3017 δὴ

251 3039 366 3150 τούτῳ
384 3042 733 3143 περιολισθαίνοντες
751 3039 848 3123 τέλει
872 3041 1020 3123 πάθωσι
1044 3041 1086 3122 τὸ
1113 3041 1349 3144 ἀνθρώπινον,
1368 3043 1457 3121 ἀλλ’

86 3157 159 3209 Μ·
252 3166 300 3249 ὡς
319 3166 339 3246 ὁ
358 3164 507 3250 Παῦλός
526 3172 631 3273 φησι,
649 3166 739 3270 ζῦσι
757 3172 808 3275 τῷ
828 3171 911 3274 Θεῷ
931 3164 1052 3268 ζήσειν
1069 3164 1279 3265 μέλλοντες.

84 3223 136 3273 xiv.
149 3223 173 3274 8.

84 3322 151 3378 352
160 3322 199 3376 A.
224 3336 243 3376 ιι

201 3410 339 3487 51Ἐτὼ
365 3409 430 3491 εἰμι
457 3414 475 3481 ὁ
502 3412 601 3504 &proc
628 3415 646 3480 ὁ
673 3414 734 3504 ςῶν
760 3414 779 3484 ὸ
806 3416 844 3478 ὲκ
871 3418 927 3480 τοῦ
954 3414 1095 3504 οὐρανοῦ
1123 3415 1274 3494 καταβάς·
1315 3415 1378 3482 ἐάν
1407 3442 1458 3485 τις

386 3538 475 3631 φάτη
502 3540 539 3606 ἐκ
565 3545 622 3607 τοῦ
650 3540 751 3631 ἄρτου
778 3542 903 3622 τούτου,
930 3541 1017 3631 ζήσει
1044 3536 1090 3605 εἷο
1116 3541 1173 3608 τὸν
1201 3536 1316 3608 αἰῶνα.
1474 3557 1511 3621 25

84 3691 199 3808 {hilda
308 3713 331 3751 “
349 3704 407 3784 Τά
439 3703 529 3784 αῦτά
561 3704 680 3808 λέγειν
709 3709 791 3805 ὑμῖν
817 3708 896 3807 έμοί
926 3706 991 3806 μέν
1019 3706 1083 3785 οῦκ
1112 3702 1273 3808 ὀκνηρόν,
1302 3707 1390 3805 ὑμῖν
1418 3706 1460 3788 δέ

251 3838 274 3876 “
292 3828 490 3936 ἀσφαλές,”
506 3829 711 3910 ἐπιστέλλει
729 3833 826 3911 τισίν
844 3833 863 3911 ὁ
883 3829 1077 3914 θεσπέσιος
1095 3836 1255 3927 Παῦλος,
1274 3829 1460 3936 ἐξαύτῶν

251 3950 347 4054 οἶμαι
375 3957 434 4034 καί
461 3962 567 4034 τοῦτο
594 3960 666 4035 τῶν
690 3963 753 4034 τοῦ
778 3959 946 4057 Σωτῆρος
971 3954 1245 4052 πεπαιδευμείιος
1266 3951 1456 4058 ῥημάτων.

287 4158 313 4214 6.
331 4157 381 4231 τῷ]
396 4162 443 4212 τοῦ
457 4159 489 4214 Β.
583 4172 608 4230 7.
626 4158 688 4229 μετέ
707 4181 744 4214 ειν
758 4159 790 4216 Β.
889 4176 930 4214 10.
949 4159 1023 4215 ε’στίν
1034 4163 1085 4214 τῶν
1097 4159 1176 4231 ἁγίων
1188 4160 1294 4213 inverso
1307 4157 1405 4213 ordine
1418 4159 1459 4216 D.

254 4248 295 4285 11.
314 4231 344 4283 τὸ
356 4229 450 4300 μάννα]
464 4232 494 4284 τό
507 4231 577 4285 θεῖον
588 4233 668 4299 μάννα
683 4183 716 4284 Χ.
816 4247 857 4285 12.
876 4231 1015 4299 μετουσίας
1029 4231 1061 4284 Β.
1161 4247 1201 4295 14.
1220 4232 1267 4283 τοῦ
1278 4246 1333 4283 0111.
1348 4229 1458 4301 Migne.

253 4301 295 4356 16.
314 4323 342 4355 τε
355 4320 408 4355 0111.
423 4301 455 4355 Β.
584 4318 593 4354 1
618 4299 685 4371 .τε]
698 4324 723 4355 τι
738 4301 773 4356 Ι).
895 4317 936 4371 19.
955 4300 1153 4372 ἀπογεύσασθαι
1166 4301 1198 4354 Β.
1211 4300 1247 4354 ἀπ
1280 4299 1390 4355 εῦεσθαι
1403 4301 1459 4356 Ed.

252 4388 294 4426 20.
314 4375 528 4495 τῇιαυυτιιρῑοιο
541 4389 572 4426 ex
587 4316 658 4426 θλ).
763 4389 806 4426 21.
825 4375 898 4426 κατ’
912 4382 1081 4442 assumptum
1095 4390 1126 4425 ex
1142 4371 1213 4426 B.D.
1248 4322 1359 4425 ogmim
1372 4370 1460 4447 rm'mp

251 4442 282 4509 δὴ
295 4443 401 4496 inverso
413 4461 443 4496 or
463 4444 506 4497 ine
521 4443 552 4496 B.
634 4457 677 4514 25.
696 4446 742 4497 τοῦ
755 4443 834 4515 ἄρτου
846 4465 939 4499 τουτου
952 4442 1003 4498 hoc
1015 4442 1109 4498 ordine
1123 4442 1155 4496 B.
1169 4443 1230 4512 (D.)
1268 4442 1367 4496 Statim
1382 4442 1461 4512 ζήσει

252 4511 286 4567 Β.
301 4513 422 4583 (DLA)
435 4513 538 4582 ζήσεται
552 4512 604 4568 Ed.
