3038 5018
259 283 324 348 570
563 285 603 355 B.
625 286 837 354 OYRILLI
867 282 1157 352 ALEXANDR.
1355 280 1470 348 vi.68.

260 451 308 531 εἱς
335 451 470 552 ἀδρανῆ
498 451 672 539 πεσόντες
700 453 835 533 δειλίαν
862 458 896 533 οί
923 451 1205 551 κεκελευσμένοι,
1234 451 1295 530 καὶ
1328 446 1473 553 ῥώμαις

260 579 337 657 ταῖς
358 576 492 656 ἑαυτῶν
518 579 705 663 ἀναθέντες
731 577 773 658 τὸ
799 585 1008 682 κατορθοῦν,
1026 581 1085 658 καὶ
1109 581 1190 684 οῦχὶ
1213 584 1367 678 μᾶλλον
1389 582 1473 658 ταῖς

261 695 397 777 ἀνωθεν
436 701 647 805 ἐπικουρίαις
693 702 1019 806 ε’πιθαρσήσαντες,
1058 702 1272 786 καθίσαντες
1319 699 1473 780 ’έκλαιον

261 820 361 926 παρὰ
396 821 439 902 τὸ
464 819 571 926 ὅρος,
605 823 699 906 καθά
735 825 948 929 γέγραπται·
992 827 1050 906 ἐπὶ
1086 825 1224 910 τούτοις
1260 822 1413 907 εἰκότως
1450 824 1470 902 ὁ

262 947 454 1047 νομοθέτης
482 949 754 1056 ἐξεπικραίνετο,
781 953 838 1031 καὶ
866 950 1004 1050 ἠπείλει
1032 948 1161 1030 λοιπὸν
1187 946 1269 1030 οῦδέ
1298 949 1499 1027 ἀποίσειν5

261 1077 309 1153 εἱς
327 1069 393 1170 τῆν
410 1076 479 1174 γῆν
497 1078 561 1172 τῆς
579 1074 798 1176 ἐπαγγελίας
816 1074 953 1158 αὐτούς.
991 1074 1271 1178 καταδηχθέντες
1296 1071 1337 1152 δέ
1358 1070 1471 1170 μόλις

261 1199 325 1293 τῆς
352 1197 513 1296 ἀπειλῆς,
541 1200 599 1276 καὶ
627 1204 674 1282 είς
702 1195 931 1299 μετάγνωσιν
958 1199 1157 1300 ἐνεχθέντες
1187 1196 1251 1276 οῦκ
1281 1197 1467 1297 εὔκαιρον,

93 1337 211 1395 θεολ.
232 1319 465 1414 οάναβαίνειν
496 1320 708 1424 ἐπεχείρουν,
741 1324 780 1401 ἐκ
812 1326 995 1422 παρακοῆς
1033 1323 1206 1426 δευτέρας,
1238 1317 1341 1400 ὅπλα
1375 1314 1471 1400 κατὰ

262 1450 335 1523 τῶν
361 1445 587 1548 Ἀμοῤῥαίων
614 1444 855 1549 ἁρπάσαντες.
904 1444 1006 1524 ἀλλὰ
1037 1443 1257 1547 προηγόρευε
1290 1441 1392 1526 θεὸς
1422 1442 1471 1523 τὰ

261 1566 416 1666 ἐσόμενα
435 1568 493 1648 διὰ
509 1566 769 1653 ΜωυσέωςΛ
736 1604 810 1650 ειπε
830 1567 903 1672 γὰρ
921 1581 943 1616 “
959 1569 1171 1652 αῦτοῖςΟῦκ
1190 1566 1498 1667 ἀναβῆσεσθε,”ῑ
1484 1594 1515 1637 1·

263 1693 379 1861 φησὶ,
397 1704 418 1739 “
437 1696 495 1771 καὶ
528 1693 570 1771 οῦ
600 1691 651 1793 μῆ
683 1699 856 1773 πεσεῖσθε
888 1691 960 1793 πρὸ
991 1691 1191 1794 προσώπου
1222 1696 1297 1771 τῶν
1323 1691 1469 1794 ἐχθρῶν

263 1815 413 1912 “ῦμῶν,
432 1816 473 1894 οῦ
495 1812 567 1918 γάρ
589 1823 658 1912 εἰμι
676 1818 798 1915 μεθ’
782 1818 910 1915 υμῶν.”
948 1851 1113 1921 πανταχη
1096 1815 1177 1896 δέ
1203 1822 1401 1898 νοσοῦντες
1424 1811 1470 1893 τὸ

180 1988 186 2001 ·
263 1936 452 2039 δυσῆκοον,
476 1944 535 2019 καὶ
560 1939 875 2043 παραβιασάμενοι
901 1941 1137 2036 ἀνέβαινον’
1099 1974 1158 2025 ,εις
1183 1939 1226 2019 τῦ
1252 1936 1349 2040 ὅρος,
1372 1935 1470 2018 καθὰ

112 2133 117 2145 .
261 2059 469 2165 γέγραπται.
507 2066 593 2143 ἀλλ’
614 2065 636 2162 ῆ
654 2061 817 2160 κιβωτός,
837 2068 943 2171 φησὶ,
963 2072 1026 2143 τοῦ
1044 2069 1140 2143 Θεοῦ
1162 2063 1226 2143 οῦκ
1248 2061 1365 2159 ἀνέβη
1388 2061 1467 2158 μετ’

192 2169 197 2182 .
261 2187 390 2267 αὐτῶν·
429 2187 540 2287 ἔμεινε
568 2186 639 2291 γὰρ
668 2191 705 2266 ἐν
733 2194 779 2293 τῆ
807 2193 1038 2293 παρεμβολῇ.
1083 2189 1170 2294 ὁρᾷς
1198 2186 1252 2266 ότι
1277 2190 1378 2265 Θεοῦ
1407 2183 1471 2263 λέ-
1480 2217 1519 2263 .1

93 1563 169 1614 Dent.
184 1564 201 1613 i.

94 1643 134 1693 4²·

260 2343 388 2411 γοντος
408 2312 488 2390 Οῦκ
507 2314 577 2410 εἰμὶ
599 2313 680 2410 μεθ’
702 2314 810 2408 ὑμῶν,
829 2314 871 2390 οῦ
890 2310 1141 2406 συναναβαίνει
1160 2318 1233 2394 τοῖς
1251 2313 1472 2390 ἀπειθοῦσιν

226 2434 284 2532 δή
303 2433 465 2530 κιβωτὸς,
483 2432 571 2514 αῦτῦ
590 2442 721 2540 σαφῶς
739 2442 814 2518 τοῖς
832 2436 1104 2537 εῦμαθεστέροις
1121 2431 1404 2529 ἐπιδεικνύουσα,
1425 2433 1472 2512 τὸ

261 2555 365 2664 τάξιν
383 2557 519 2663 ἐπέχειν
536 2567 601 2639 τοῦ
626 2560 868 2661 καθηγεμόνος
888 2564 1008 2654 Θεοῦ;
1042 2559 1143 2638 ἀλλά
1167 2561 1225 2637 καὶ
1250 2557 1377 2664 κόκλιρ
1401 2561 1472 2656 τῆς

93 2675 148 2802 {2⁸
159 2674 192 2724 vi
261 2681 430 2835 Ιεριχοῦς
455 2682 585 2762 διὰ
537 2719 609 2763 των
634 2681 755 2785 ἱερέων
781 2683 1008 2785 ἐβαστάζετο,
1031 2717 1089 2762 και
1114 2681 1155 2762 τὸ
1181 2679 1329 2787 ὑψηλὸν
1354 2681 1473 2779 αὐτῆς

92 2806 131 2856 lb·
148 2819 187 2858 ²⁰·
261 2807 436 2885 κατέπεσε
461 2814 586 2910 τεῖχος,
610 2809 677 2910 οῦχ
702 2806 928 2891 ελεπόλεις’
910 2805 1145 2906 επιστῆσασα
1169 2840 1227 2884 και
1252 2800 1385 2904 κριοῦς,
1408 2802 1473 2883 διὰ
1486 2839 1518 2881 2·

262 2930 482 3032 σαλπίγγων
521 2930 558 3010 δὲ
594 2937 741 3029 μᾶλλον
778 2965 836 3009 και
873 2934 1008 3033 φωνῆς·
1056 2928 1144 3031 ὅπερ
1181 2926 1223 3008 ὃν
1255 2926 1452 3027 ἀληθές’
1430 2962 1473 3008 εν

261 3057 414 3161 Χριστῷ
441 3053 554 3135 πάλιν
582 3054 792 3156 εὑρήσομεν.
846 3052 951 3136 αὐτὸς
980 3050 1051 3156 γάρ
1078 3055 1179 3132 ἐστιν
1206 3055 1226 3132 ό
1254 3057 1329 3134 τοῖς
1360 3057 1473 3152 ἱεροῖς

262 3181 321 3259 καὶ
347 3181 460 3281 ἁγίοις
486 3177 662 3281 ἀνδράσιν
687 3177 936 3283 ἐποχούμενος,
960 3181 1018 3256 καὶ
1046 3184 1172 3258 πᾶσαν
1195 3184 1259 3256 τοῦ
1287 3175 1472 3270 διαβόλου

263 3304 522 3411 καταστρέφων
552 3301 670 3406 ἱσχῦν,
701 3304 767 3405 οὐχ
799 3301 936 3398 όπλοις,
966 3299 1067 3381 ἀλλὰ
1100 3302 1238 3405 κραυγῆ
1272 3302 1330 3379 καὶ
1364 3298 1470 3378 σάλ-

234 3455 382 3528 οπιγγι,
407 3428 602 3525 τουτέστιν,
630 3431 887 3510 ἀποστολικοῖς
912 3428 1032 3504 τεκαὶ
1058 3426 1299 3526 εῦαγγελικοῖς
1323 3422 1467 3525 κηρθγ·
1485 3465 1519 3510 τ·

262 3586 366 3649 μασι,
385 3554 443 3630 καὶ
462 3551 664 3630 συναινέσει
683 3556 728 3655 τῆ
747 3549 847 3652 παρὰ
869 3548 1005 3631 παντὸς
1030 3556 1093 3628 τοῦ
1119 3555 1221 3643 λαοῦ,
1239 3550 1277 3626 ἐν
1295 3545 1473 3648 ὀρθότητι

261 3675 417 3759 πίστεως
444 3674 507 3754 τὸν
535 3675 624 3753 ἴδιον
650 3677 915 3775 ὁμολογοῦντος
938 3673 1146 3769 Δεσπότην.
1186 3669 1207 3750 ῦ
1234 3672 1293 3749 καὶ
1321 3673 1361 3749 ἐν
1388 3678 1474 3757 ταῖς

262 3807 451 3901 μυστικαῖς
487 3798 714 3905 δοξολογίαις
751 3801 888 3899 ὁρῶμεν
926 3794 1258 3897 ἀποπληροόμενον,
1297 3827 1469 3897 προανα-

263 3924 457 4032 φωνοιίσης
482 3930 546 4002 τοῦ
571 3931 664 4001 λαοῦ
690 3919 899 4023 σάλπιγγος
927 3924 1111 4024 ἱερατικῆς,
1135 3917 1158 4018 ἢ
1184 3921 1242 3998 καὶ
1269 3920 1307 3997 ἐν
1330 3923 1377 4022 τῆ
1405 3927 1474 4001 τοῦ

262 4056 554 4150 λειτουργοῦντος
588 4053 717 4125 νοεῖται
748 4049 862 4150 φωνῆ,
888 4044 1008 4123 πίπτει
1037 4040 1073 4123 δέ
1102 4045 1196 4124 οὕτω
1224 4042 1282 4122 καὶ
1310 4045 1471 4147 συντρί·
1487 4076 1519 4135 3·

302 4269 313 4276 ·
347 4251 440 4305 Ἰωιθεν
452 4269 506 4305 om.
522 4250 553 4306 Β.
685 4268 710 4314 4.
729 4247 894 4316 ονομοθιτης
906 4265 960 4301 om
975 4245 1008 4300 Β.
1140 4248 1229 4316 τῆς
1240 4244 1350 4314 ἀπειλῆς
1364 4245 1401 4303 Β.
1416 4254 1475 4306 τοῖς

422 4320 445 4376 Ι1.
556 4337 596 4374 ιο,
615 4321 693 4373 εἰπὼν
707 4319 738 4372 Β.
848 4335 889 4389 13
909 4317 1067 4386 ὑπῆκοονΒ.
1179 4333 1220 4383 14.
1239 4319 1286 4370 τοῦ
1298 4321 1370 4372 θεοῦ
1383 4320 1475 4407 φησιν

434 4392 473 4447 ine
487 4390 519 4445 Β.
625 4392 665 4444 18.
684 4388 839 4443 καίοιῃ.Β.
949 4405 989 4458 19.
1008 4386 1165 4478 ἹεριχοῦΒ
1274 4402 1318 4441 20.
1340 4390 1473 4448 κατέπεσε

450 4460 516 4514 ’Βά
575 4458 722 4530 ἑλεπόλεις]
737 4458 874 4516 ὅπλοιςΒ.
983 4476 1026 4529 23.
1045 4479 1086 4513 και
1099 4459 1240 4528 priusom.
1254 4455 1363 4527 Migue.
1426 4467 1475 4519 m]

450 4531 563 4587 exBD.
670 4547 714 4600 30.
734 4527 775 4601 δὲ]
790 4552 817 4583 τε
832 4529 864 4583 Β.
