3038 5018
103 304 156 369 vii.
171 305 222 372 28.
400 308 458 373 IN
490 308 522 374 S.
547 308 567 371 J
574 307 802 373 OANNEM.
847 305 942 371 LIB.
958 305 1000 371 V.
1235 306 1298 369 65⁷

103 467 278 573 Χριστόν.
317 471 395 553 ἰστε
422 479 621 576 τοιγαροῦν,
642 472 697 553 ότι
727 469 820 576 ιιίιμί
846 467 956 552 ιίάιιτε
984 477 1043 551 καί
1070 464 1180 550 ιίάατι
1206 468 1300 550 πόθει

104 602 186 701 εἰμί,
205 593 388 677 τουτείττιν
408 597 557 677 δέδωκεν
576 599 659 696 ὑμῖν
676 597 699 697 ἡ
716 596 794 676 θεία
812 592 938 702 γραφὴ
961 597 1019 675 καὶ
1043 593 1086 674 τὸ
1111 593 1238 674 εἰδέναι
1256 627 1300 688 με

103 723 163 799 καί
180 717 291 800 πόθεν
308 722 389 820 εἰμί.
430 725 489 802 καί
511 722 576 801 οῦκ
600 720 739 823 ἐπείπερ
764 718 941 820 ἐγνώκατε
958 716 1079 824 τυχόν,
1098 717 1154 798 ότι
1172 716 1330 822 Νσζα-ο
1383 822 1386 835 Ι

103 850 203 945 ραῖος
226 842 248 944 ἢ
271 846 507 945 Βεθλεεμίτης
529 849 609 944 εἰμί,
629 847 688 924 καί
715 842 770 924 ότι
797 842 1010 945 γεγέννημαι
1035 841 1094 923 διὰ
1118 839 1298 944 γυναικός,

73 983 90 1043 5
105 965 164 1045 διά
181 976 288 1048 τοῦτο
305 967 376 1073 χρὴ
393 967 536 1053 πάντως
556 971 647 1065 ὑμᾶς
664 971 723 1048 καί
740 967 783 1046 τὸ
801 971 866 1067 τῆς
884 967 1055 1052 ἀπιστίας
1075 966 1303 1071 εἰσδεγεσθαι

106 1088 259 1190 νόσημα·
289 1094 374 1171 ἀλλ’
394 1094 433 1172 ἐκ
457 1099 530 1172 τῶν
553 1090 743 1195 εἰρημένων
765 1092 818 1172 ἐπ’
839 1093 926 1188 ἐμοὶ,
951 1094 1009 1170 καί
1037 1088 1096 1170 διά
1123 1088 1189 1190 τὴν
1212 1087 1304 1170 κατά

106 1211 227 1317 σάρκα
249 1214 426 1317 γέννησιν,
445 1214 518 1298 ἀπὸ
543 1217 680 1297 τούτων
702 1215 789 1297 ἰέναι
815 1222 961 1316 μᾶλλον
981 1218 1090 1320 ἐχρῆν
1112 1220 1161 1298 εἰς
1189 1213 1301 1294 κατά·

106 1345 225 1446 ληφιν
245 1347 318 1420 τῶν
340 1341 393 1421 ἐπ’
414 1344 490 1441 ἐμοὶ
515 1342 811 1444 μυστηρίων,καί
838 1342 903 1419 οῦκ
930 1345 979 1423 εἰς
1007 1338 1092 1435 μίαν
1113 1342 1304 1420 ἀποκλῖναι

106 1462 220 1564 μόνην
237 1465 426 1570 προφήτου
445 1461 579 1571 φωνὴν,
598 1463 637 1550 ῦς
656 1462 720 1563 τὴν
737 1467 776 1544 ἐκ
795 1469 891 1546 Θεοῦ
910 1466 967 1544 καί
989 1461 1134 1566 Πατρός
1152 1461 1306 1567 ἀῤῥητον

57 1623 94 1663 10
107 1589 320 1689 καταμηνύει
339 1591 519 1690 γέννησιν.

198 1830 256 1895 Καὶ
282 1832 334 1897 ἀπ’
365 1832 508 1910 ἐμαυτοῦ
532 1831 592 1897 οὐκ
616 1832 773 1912 ὲλιίλυθα,
799 1830 868 1896 ἀλλ’
899 1830 986 1898 ἔστιν
1013 1829 1169 1898 ἀλειθινὸο
1195 1828 1214 1898 ό

599 1958 733 2037 πέμψαι
759 1981 810 2034 με.

165 2120 239 2201 Διά
268 2129 406 2226 μακρᾶς
438 2122 615 2207 ἀπειθείας
646 2122 851 2227 ὑβρίζοντας
881 2120 1103 2221 ῦποπλήττει
1129 2118 1243 2199 πόλιν
1269 2120 1336 2198 ἐυι
1356 2134 1475 2192 uu.

110 2249 310 2349 ἀπολογίας
328 2246 502 2352 σχήματι.
543 2247 652 2353 τέχνη
674 2247 739 2343 μέν
757 2249 820 2327 οὖν
838 2249 880 2327 οῦ
905 2247 1030 2352 μετρίᾳ
1055 2241 1308 2351 συνεξυφῆνας

60 2392 97 2453 15
110 2371 174 2452 τόν
192 2370 316 2475 λόγον,
335 2377 514 2467 οἰκονομεῖ
533 2375 699 2477 πανταχῆ
718 2370 761 2450 τὸ
780 2369 830 2471 μὴ
849 2376 964 2452 δοκεῖν
981 2369 1194 2477 εὐαφόρμως
1218 2365 1310 2471 πρὸς

111 2496 282 2598 εὐλόγους
311 2494 423 2600 όρμάς
451 2499 638 2577 διανιστᾶν
665 2492 748 2579 τοῦς
776 2494 1031 2598 ἀκροωμένους,
1060 2489 1310 2574 κατασκιάσας

111 2619 155 2699 δέ
181 2654 259 2703 πως
289 2622 451 2726 ἀσαφείᾳ
482 2619 524 2699 τὸ
556 2619 748 2724 εἰρημένον,
778 2617 992 2699 ῦποκλέπτει
1023 2625 1089 2696 τοῦ
1122 2622 1237 2715 θυμοῦ
1267 2611 1310 2693 τό

111 2742 311 2838 πλέον,καί
337 2749 505 2845 παραιρεί
527 2741 570 2822 τὸ
597 2743 704 2845 δριμῦ
728 2751 793 2824 τοῦ
817 2741 1018 2843 κινήματος.
1058 2740 1097 2820 τί
1114 2741 1234 2819 τοίνυν
1252 2740 1310 2818 καί

112 2865 171 2944 διὰ
210 2873 326 2964 τοῦτο,
365 2869 490 2971 φησὶν,
528 2866 766 2973 ἐξηγουμένου
805 2865 986 2951 πολλάκις
1024 2867 1082 2945 καί
1120 2862 1311 2967 διαῤῥήδην

61 3019 99 3058 20
113 2988 396 3092 ἀνακεκραγότος
433 2988 663 3071 ἀπεστάλθαι
695 2990 795 3093 παρὰ
826 3000 890 3071 τοῦ
924 2997 1021 3071 Θεοῦ
1054 2991 1113 3070 καί
1147 2985 1309 3090 Πατρός,

113 3115 332 3193 ἀπιστοῦσιν
361 3114 422 3211 ἐτι,
451 3118 509 3194 καί
539 3114 683 3217 ἐπείπερ
716 3115 826 3194 αὐτοῦ
855 3112 898 3192 τὸ
928 3112 1020 3193 κατὰ
1049 3111 1171 3218 σόρκα
1200 3111 1310 3213 γινῶ·

113 3269 248 3318 σκουσι
271 3236 386 3340 γένος,
405 3239 469 3317 οῦκ
494 3235 587 3318 εἰναί
609 3247 726 3343 φασιν
747 3234 857 3317 αὐτὸν
875 3237 939 3318 τὸν
958 3235 1018 3316 διά
1043 3236 1153 3334 νόμου
1176 3243 1344 3338 mxc-b

114 3361 335 3466 κηρυγμένον
354 3365 412 3442 καί
431 3361 489 3442 διὰ
507 3369 580 3441 τῶν
598 3364 711 3465 ἁγίων
726 3368 926 3471 προφητῶν
939 3359 1310 3466 προκατηγγελμένον*

114 3488 225 3586 μόνον
254 3486 291 3567 δέ
325 3489 404 3592 οῦχί
434 3487 492 3567 καί
526 3487 780 3592 ὑπαντιάζουσι
813 3484 980 3589 λέγοντες
1009 3488 1251 3583 Ψευδομυθεῖς
1283 3479 1313 3563 εἰ

63 3635 101 3695 ²5
116 3611 229 3708 οὗτος,
248 3612 293 3718 ἐξ
308 3612 444 3692 οἰκείων
462 3610 500 3692 δέ
526 3613 739 3711 θελημάτων
758 3615 806 3696 ὡς
830 3611 923 3710 ἡμᾶς
946 3607 1152 3716 ἀφιγμένος,
1170 3604 1246 3687 εἶτα
1270 3606 1313 3688 τὸ

114 3743 179 3813 τοῦ
203 3733 349 3838 Πατρός
377 3735 490 3834 ὄνομα
517 3734 766 3834 πλαττόμενος
793 3738 857 3815 οῦκ
884 3738 1072 3841 έρυθριᾷς;
1108 3730 1310 3836 ἀποκρουό·

115 3893 218 3955 μενος
237 3868 428 3962 τοιγαροῦν
446 3862 504 3938 καί
523 3858 588 3957 τὴν
606 3861 664 3938 ἐπί
682 3859 799 3966 τούτῳ
824 3859 1072 3963 συκοφαντίαν
1090 3857 1217 3954 αὐτῶν,
1236 3863 1314 3941 ταῖς

116 3984 329 4085 ἀπολογίαις
362 3984 554 4084 ἀναμίσγει
584 3980 648 4063 τόν
678 3979 840 4087 ἔλεγχον,
871 3977 1096 4088 εῦφυέστατά
1126 4015 1164 4059 τε
1198 3981 1315 4087 φησίν

154 4212 178 4258 2,
191 4213 218 4266 3.
239 4194 314 4250 Haec
329 4195 464 4252 τουτέστιν
475 4195 584 4251 δέδυκεν
596 4196 655 4263 ὑμῖν
668 4193 740 4268 [ἡμῖν
754 4192 801 4268 3.]
815 4194 946 4264 ἦ-πόόεν
957 4195 1009 4263 εἰμί
1025 4203 1194 4251 temserunt
1209 4213 1241 4250 ex
1256 4195 1314 4252 Bm.

118 4285 143 4338 η.
161 4267 250 4336 φωνὴν
261 4265 398 4337 προφήτου
411 4267 516 4323 inverso
528 4266 659 4322 ordinea.
723 4266 1028 4337 κυίεειυαιρίυωοιι.
1166 4282 1208 4322 20.
1225 4265 1315 4321 ἀνακε-

117 4334 254 4427 κρργότος]
268 4337 347 4391 αὐτοῦ
358 4337 559 4462 ἀνοκικραῆότος
571 4355 595 4392 ιι.
760 4353 803 4393 21.
821 4339 863 4392 καί
875 4338 918 4425 διφ
930 4339 960 4392 τό
972 4339 1107 4408 γινώσκειν
1119 4337 1198 4391 αἰετοῦ
1210 4340 1240 4392 τὸ
1252 4339 1315 4392 κατὰ

117 4430 200 4477 σαρκο
212 4430 287 4479 γενος
299 4425 324 4462 υ.
413 4425 455 4479 23.
505 4407 1143 4480 οεοκσλδιὰ-προκστηγγελμινονιιειυυιριιιει
1158 4407 1191 4463 Β.
1227 4408 1316 4463 Verba

117 4478 215 4532 omittit
232 4487 259 4532 et
280 4479 369 4533 Holnt.
388 4479 430 4533 διὰ
454 4481 531 4548 νόμον
555 4480 597 4533 καί
621 4480 763 4549 προφητῶν
782 4478 968 4550 κεκηρυγμένον
985 4478 1091 4533 exhibet
1110 4478 1270 4534 abbrevians
1290 4497 1315 4534 ι.

118 4565 160 4620 25.
178 4551 207 4602 τὸ
220 4558 390 4621 assumptum
402 4567 434 4604 ex
448 4548 506 4605 Βκ.
516 4549 597 4605 habet
608 4555 635 4606 ot
647 4549 695 4604 Ht.
804 4565 847 4621 27·
866 4548 948 4622 τοῖπφ
962 4548 1021 4603 Bm.
1032 4553 1116 4622 κακῷ
1130 4548 1179 4605 Ηι.
1193 4549 1244 4606 Ed.

159 4649 230 4695 τοι.
247 4651 271 4696 1.
694 4651 750 4711 41>
