3038 5018
225 282 291 344 450
531 283 568 346 B.
592 281 802 347 CYRILLI
833 276 1120 344 ALEXANDR.
1316 269 1359 333 vi.
1374 281 1426 348 27.

226 444 399 547 παράπαν
417 446 698 553 διισχυρίζεσθαι
718 444 993 546 μελετήσαντες,
1013 442 1145 521 ὡσανεὶ
1164 439 1222 516 καὶ
1241 435 1315 514 κατ’
1337 431 1428 532 ἀλή-

228 574 326 649 θειαν
344 571 526 679 δυναμένῳ
554 573 653 651 τοῦθ’
676 570 764 671 ὅπερ
788 571 906 652 αὐτοῖς
932 563 1024 647 κατὰ
1048 572 1132 644 νοῦν
1151 565 1251 642 ἔστιν
1270 555 1428 665 έξανιίειν

227 699 357 777 καλῶς.
395 696 433 774 τί
457 694 530 798 γὰρ
558 694 654 778 ὅλως
682 697 739 774 ἐπὶ
767 693 882 800 τούτῳ
910 694 969 771 καὶ
997 688 1227 769 διατείνονται
1253 680 1380 782 μάτην,
1404 675 1428 777 ῆ

227 815 338 898 πόθεν
361 815 432 897 άπὸ
459 815 571 917 μάνης
599 823 662 917 τῆς
690 817 765 897 κατ’
787 817 878 897 ἰδίαν
904 813 1060 920 ὕπαρξιν
1084 807 1288 908 ἑτερότητος
1315 801 1428 883 διατέ-

227 975 361 1039 μνουσι
388 949 452 1021 τοῦ
476 939 622 1045 Πατρὸς
650 941 714 1022 τὸν
732 939 845 1035 Υίόν;
876 936 1017 1042 οὐγὰρ
1045 934 1160 1036 δήπου
1188 930 1230 1012 τὸ
1259 928 1463 1031 ὑπάρχειν5

229 1063 338 1144 αὐτὸν
356 1063 627 1163 ἱδιοσυστάτως,
645 1067 703 1145 καὶ
722 1068 785 1163 τῆς
803 1072 868 1143 τοῦ
893 1061 1057 1144 τεκόντος
1081 1059 1207 1139 οὐσίας
1233 1051 1430 1154 ἀλλότριον

230 1188 431 1294 ἀποφαίνει.
473 1189 554 1268 ἔστι
577 1188 642 1289 μέν
659 1187 732 1292 γὰρ
756 1190 795 1267 ἐκ
819 1186 965 1288 Πατρὸς
993 1181 1298 1284 ὁμολογουμένως,
1317 1178 1366 1258 ὡς
1390 1174 1430 1253 ἐκ

196 1314 295 1410 ᾶτῆς
322 1312 449 1396 οὐσίας
476 1314 595 1410 αὐτοῦ,
624 1313 703 1393 ἔστι
731 1312 769 1392 δέ
797 1312 842 1391 αὖ
872 1309 986 1391 πάλιν
1014 1311 1051 1388 έν
1081 1305 1200 1408 Πατρὶ
1232 1299 1291 1382 διὰ
1321 1297 1364 1379 τὸ
1393 1298 1432 1376 έν

231 1435 328 1542 αὐτῷ
359 1432 452 1514 κατὰ
482 1435 597 1542 φύσιν
627 1434 812 1541 ὑπάρχειν·
851 1438 911 1514 καὶ
938 1435 1048 1512 αὐτοῦ
1077 1428 1248 1531 λέγοντος
1280 1420 1433 1526 ἀκούσῃ,

231 1557 318 1639 ποτὲ
337 1560 402 1657 μέν
421 1570 442 1607 “
456 1558 556 1662 Ἐγὼ
580 1562 618 1640 ἐκ
643 1568 707 1640 τοῦ
728 1557 873 1662 Πατρὸς
899 1558 1056 1666 ἐξῆλθον
1074 1558 1132 1634 καὶ
1154 1552 1259 1651 ἤκω·”
1289 1544 1376 1630 ποτὲ
1394 1544 1435 1625 δὲ
1453 1574 1492 1614 10

233 1683 278 1761 αὖ
314 1681 426 1762 πάλιν
460 1694 481 1732 “
498 1684 598 1785 Ἐγὼ
634 1686 672 1763 ε’ν
703 1691 755 1791 τῷ
788 1687 906 1786 Πατρὶ
939 1684 997 1762 καὶ
1030 1682 1050 1759 ὁ
1083 1675 1212 1779 Πατῆρ
1248 1675 1286 1753 ἐν
1318 1671 1433 1770 ε’μοί.”

232 1805 458 1911 ἀναχωρήσει
485 1807 550 1906 μὲν
578 1806 649 1911 γάρ
677 1809 741 1887 οὐκ
769 1813 816 1890 είς
847 1805 1005 1905 ἰδιότητα
1037 1806 1225 1884 παντελῶς
1256 1797 1314 1878 καὶ
1346 1796 1435 1875 ὁλο-

232 1927 374 2031 τρὸπως
411 1931 688 2035 κεχωρισμένην,
721 1930 779 2010 διὰ
816 1930 858 2011 τὸ
890 1933 928 2010 ἐν
959 1935 1025 2035 μιᾷ
1056 1925 1195 2025 θεότητι
1227 1921 1294 2022 τῆν
1325 1920 1437 2020 ἁγίαν

233 2059 394 2134 νοεῖσθαι
412 2052 564 2157 Τριάδα,
583 2056 669 2134 ἀλλ’
689 2053 739 2134 ὧν
756 2058 794 2134 ἐν
814 2057 933 2155 Πατρὶ
952 2051 1043 2133 κατὰ
1062 2050 1186 2151 λόγον,
1204 2046 1283 2146 ήτοι
1301 2043 1437 2148 σχέσιν

232 2176 451 2258 ἀδιάστατον
469 2177 535 2277 τῆν
553 2181 600 2262 ὡς
619 2180 657 2258 ἐν
675 2178 936 2278 ὁμοουσιότητι,
955 2179 1013 2257 καὶ
1032 2175 1076 2283 ἐξ
1092 2175 1200 2254 αὐτοῦ
1219 2166 1437 2269 νοηθήσεται
1454 2195 1492 2254 15

204 2298 325 2381 οκατά
352 2299 509 2404 πρόοδον
536 2301 747 2407 ἀποῤῥήτως
773 2300 840 2402 τῆν
866 2299 1093 2408 ε’κφαντικῆν,
1121 2298 1199 2398 ήτοι
1226 2293 1292 2394 τῆν
1319 2293 1368 2376 ὡς
1397 2292 1437 2369 έν

234 2423 504 2527 άπαυγάσματι.
543 2431 622 2530 φῶς
649 2424 720 2530 γάρ
747 2428 848 2506 ἐστιν
874 2426 913 2505 ἐκ
941 2423 1072 2529 φωτός.
1111 2423 1236 2501 οὐκοῦν
1257 2420 1295 2499 ἐν
1316 2418 1438 2518 Πατρὶ

234 2551 292 2629 καὶ
317 2551 356 2628 ἐκ
380 2558 445 2629 τοῦ
472 2547 629 2653 Πατρὸς,
648 2547 876 2634 άδιαστάτως
903 2582 941 2629 τε
970 2547 1045 2645 ἅμα
1070 2551 1128 2626 καὶ
1154 2539 1437 2649 κεχωρισμένως,

235 2676 283 2757 ὦς
307 2669 373 2769 μέν
394 2671 580 2777 χαρακτήρ
605 2671 827 2779 ἐνυπάρχων,
854 2670 957 2752 εἰκὼν
978 2670 1017 2752 δέ
1043 2674 1091 2754 ὡς
1117 2667 1207 2771 πρὸς
1234 2663 1440 2770 ἀρχέτυπον

234 2799 272 2877 ἐν
291 2796 363 2902 ἰδίᾳ
387 2795 575 2895 νοούμενον
602 2796 765 2905 ὑπάρξει.
804 2794 1031 2897 ποιησόμεθα
1059 2793 1098 2875 δὲ
1125 2794 1192 2897 οὐχ
1219 2793 1346 2872 ἁπλῶς
1373 2786 1440 2868 τὸν
1457 2823 1499 2864 20

234 2922 293 3001 ε’πὶ
320 2919 435 3028 τούτῳ
463 2919 588 3024 λόγον,
616 2923 701 3000 ἀλλ’
728 2923 767 3000 ἐκ
793 2922 1082 3023 παραδείγματος
1111 2925 1256 3017 νομικοῦ
1282 2913 1442 3011 βεβαιώ-

236 3077 351 3141 σομεν
381 3044 609 3151 πανταχόθεν
640 3052 714 3130 τοῖς
751 3044 968 3154 ἑτεροδάξοις
999 3043 1066 3144 τῆν
1099 3045 1137 3123 ἐκ
1170 3044 1234 3141 τῆς
1269 3036 1443 3138 ἀληθείας

237 3164 502 3272 ε’πιτειχίζοντες
531 3167 690 3269 δύναμιν.

296 3293 440 3371 Οὐκοῦν
457 3293 751 3396 προσκομίζεινὸ
777 3291 885 3391 νόμος
909 3299 982 3377 τοῖς
1007 3291 1051 3400 ἐξ
1072 3289 1226 3394 Ἰσραήλ
1251 3285 1445 3394 διετάξατο

72 3426 187 3553 ἕχὲ
211 3412 375 3515 νλιίτρον
393 3419 457 3513 τῆς
476 3417 603 3500 οίκείας
629 3417 784 3496 ἕκαστον
802 3420 975 3522 κεφαλῆς,
993 3427 1015 3464 “
1027 3417 1069 3496 τὸ
1094 3416 1208 3517 ἥμισυ
1231 3420 1294 3494 τοῦ
1319 3412 1446 3515 διδρά-
1461 3445 1501 3507 ²5

73 3585 132 3619 m.
146 3542 183 3634 ἐκ
240 3546 262 3583 “
279 3538 409 3642 χμου.”
448 3540 486 3617 ἐν
504 3538 541 3618 δὲ
565 3541 616 3620 ἑνὶ
640 3544 794 3644 στατῆρι
819 3537 863 3621 τὸ
889 3542 1085 3646 δίδραχμον
1103 3537 1157 3640 ἦν.
1196 3536 1379 3618 ἀλλὰκαὶ
1404 3540 1447 3617 ἐν

240 3661 355 3768 τούτῳ
386 3659 499 3741 πάλιν
530 3661 637 3747 αὐτὸς
669 3664 755 3763 ἡμῖν
786 3665 1065 3771 ε’σκιαγραφεῖτο
1096 3661 1268 3766 Χριστὸς,
1299 3662 1320 3741 ὃ
1353 3659 1447 3764 ὑπὲρ

239 3781 397 3882 πάντων,
422 3787 471 3868 ὡς
497 3784 596 3887 παρὰ
623 3786 779 3884 πάντων,
803 3787 938 3892 λύτρον
961 3786 1088 3868 ἑαυτὸν
1114 3784 1364 3890 προσαγαγὼν
1391 3787 1449 3894 τῷ

240 3912 324 4015 Θεῷ
340 3910 400 3987 καὶ
418 3913 548 4010 Πατρὶ,
567 3913 626 3990 καὶ
645 3910 832 4010 νοούμενος
854 3910 931 4011 μέν,
950 3915 998 3996 ὡς
1023 3912 1061 3992 ἐν
1079 3917 1145 4031 μιῆ
1169 3914 1323 4015 δραχμῆ,
1342 3907 1449 4010 πλῆν

240 4034 304 4129 τῆς
320 4031 440 4133 ἑτέρας
459 4033 502 4112 οὐ
519 4034 800 4138 κεχωρισμένως,
817 4034 875 4115 διὰ
894 4035 935 4116 τὸ
954 4038 1002 4120 ὡς
1025 4037 1064 4116 έν
1083 4034 1277 4134 νομίσματι
1301 4039 1354 4142 τῷ
1378 4035 1446 4132 ἑνὶ,
1463 4063 1502 4119 30

241 4152 402 4256 καθάπερ
420 4156 488 4256 ήδη
506 4155 774 4259 προειρήκαμεν,
792 4157 856 4241 τὰς
876 4158 940 4239 δύο
967 4164 1106 4240 κεῖσθαι
1131 4157 1304 4264 δραχμάς.
1350 4161 1450 4239 οὕτω

278 4457 304 4511 3.
323 4443 364 4496 ε’πὶ
376 4443 458 4515 τούτῳ
471 4454 532 4513 post
543 4445 625 4512 μάτην
636 4455 710 4499 trans
730 4485 737 4499 .
752 4445 785 4501 B.
892 4464 932 4502 το.
951 4448 1014 4502 ποτέ
1027 4448 1053 4502 δι’
1067 4445 1099 4502 οὗ
1112 4465 1166 4502 om.
1181 4447 1214 4502 B.
1320 4465 1363 4503 12.
1382 4472 1452 4506 παν·

242 4513 304 4576 τελῆ
319 4511 350 4565 Β.
462 4531 502 4584 19.
522 4515 696 4586 ἆρχαιότυπον
739 4556 745 4570 .
854 4533 898 4587 30.
917 4519 951 4574 ὣς
963 4527 1132 4589 assumptum
1144 4536 1176 4574 ex
1191 4518 1223 4572 Β.
