3038 5018
247 294 313 362 342
554 299 592 364 B.
617 299 828 365 CYRILLI
859 298 1149 365 ALEXANDR.
1354 323 1384 365 v.
1400 319 1453 386 23.

247 467 526 569 σκιαγραφεῖται
551 462 589 545 δέ
614 471 760 562 μᾶλλον
781 465 803 564 ἡ
828 465 904 543 θεία
930 463 1048 569 φύσις,
1068 465 1106 544 ἐν
1129 466 1235 572 αύτῷ,
1260 469 1315 544 καὶ
1342 468 1389 548 ὡς
1416 467 1456 543 ἐν

249 593 354 696 ψιλῷ
381 590 544 694 φαίνεται
569 588 683 696 τύπῳ.

307 709 398 792 Εἶτα
421 720 499 798 πῶς
523 715 587 793 ούκ
615 713 779 815 ἄντικρυς
805 709 963 795 άπάσαις
988 711 1201 817 φανήσεσθε
1229 720 1306 795 ταῖς
1334 712 1456 813 ἁγίαις

80 854 205 970 ηοωξθ
249 844 489 933 πολεμοῦντες
511 844 679 942 γραφαῖς,
698 837 756 915 ἵνα
781 833 825 935 δὴ
851 839 908 916 καὶ
935 837 1077 920 δικαίως
1097 837 1274 936 ἀκούσητε
1294 848 1316 883 “
1332 842 1454 935 Σκλη-

81 937 183 1050 51¹f'vu'
250 970 272 1008 “
289 960 508 1066 ροτράχηλοι
533 965 592 1041 καῖ
617 963 848 1063 ἀπερίτμητοι
873 960 1034 1063 καρδίαις
1060 964 1118 1040 καὶ
1142 967 1215 1045 τοῖς
1234 964 1336 1059 ὠσὶν,
1355 963 1491 1059 ῦμεῖς5

248 1095 271 1133 “
289 1087 342 1164 ἀεὶ
374 1091 426 1193 τῷ
456 1083 639 1184 Πνεῦματι
670 1091 721 1193 τῷ
746 1085 861 1192 Ἀγίιρ
895 1084 1131 1183 ἀντιπίπτετε,
1160 1088 1208 1169 ὡς
1241 1090 1274 1164 οῖ
1303 1086 1455 1187 πατέρες

248 1219 270 1254 “
290 1210 389 1306 ὑμῶν
407 1212 466 1288 καὶ
491 1208 623 1308 ῦμεῖς.”
661 1206 750 1290 πύτε
772 1208 843 1311 γὰρ
868 1210 910 1288 οῦ
930 1205 1026 1288 Θεὸν
1044 1206 1216 1308 ἀληθινὸν
1236 1207 1455 1311 ὀνομάζουσι

246 1330 309 1411 τὸν
335 1331 435 1431 Υῖὸν,
464 1331 487 1434 ἢ
519 1334 608 1413 πότε
640 1338 704 1432 τῆς
734 1340 798 1413 τοῦ
829 1331 995 1417 τεκόντος
1025 1332 1152 1414 ούσίας
1179 1331 1249 1412 έω
1278 1332 1456 1438 φέρουσιν

81 1477 195 1531 232A.
218 1454 379 1554 οαύτόν;
412 1459 466 1541 τίς
491 1456 528 1537 δέ
556 1460 576 1538 ὀ
600 1455 790 1557 τολμήσας
813 1463 922 1536 εἰπεῖν
941 1460 990 1541 ὡς
1009 1457 1088 1536 οὔτε
1108 1456 1219 1562 φύσει
1238 1454 1456 1558 δημιουργὸς

246 1580 326 1658 οὔτε
355 1580 532 1674 βασιλεῦς
560 1583 639 1661 οὔτε
667 1580 926 1683 παντοκράτωρ
952 1577 1244 1681 ἦπροσκυνητὸς
1271 1583 1398 1678 ἐστιυ;
1433 1583 1512 1660 ὁιο

246 1701 313 1802 μέν
335 1703 407 1807 γὰρ
433 1704 625 1788 θεσπέσιος
652 1702 826 1812 μελῳδὸς,
842 1707 890 1787 ὡς
916 1702 1008 1807 πρὸς
1035 1701 1144 1782 αῦτόν
1165 1738 1236 1784 που
1264 1706 1358 1809 φησὶ
1387 1705 1457 1784 τὸν

79 1852 121 1901 Pa.
133 1851 194 1902 xliv.
249 1832 440 1930 Μονογενῆ
456 1839 477 1877 “
490 1831 538 1910 ‘O
556 1827 682 1932 θρόνος
701 1863 772 1909 σου
791 1829 810 1907 ὁ
826 1828 918 1912 Θεὸς
937 1834 986 1912 είς
1004 1825 1067 1908 τὸν
1081 1833 1192 1906 αἰῶνα
1210 1836 1274 1908 τοῦ
1292 1831 1453 1915 αἱῶνος.”

78 1927 150 2032 stru
248 1955 383 2047 Θωμᾶς
409 1950 446 2032 δέ
470 1953 583 2033 πάλιν
602 1953 731 2050 ὁμοίως
750 1955 770 2033 ὁ
789 1953 1066 2057 νουνεχέστατος
1089 1950 1258 2051 μαθητὴς,
1278 1954 1336 2031 καὶ
1355 1952 1455 2034 Θεὸν

78 2064 121 2098 '¹'
139 2049 178 2100 ’ἃ
246 2077 336 2175 ὁμοῦ
354 2081 413 2157 καὶ
434 2077 568 2180 Κύριον
588 2081 774 2157 ἀποκαλεῖ.
813 2073 1070 2178 παντοκράτωρ
1089 2074 1128 2155 δέ
1147 2077 1205 2154 καὶ
1225 2076 1453 2180 δημιουργὸς,

246 2199 305 2280 διά
328 2201 451 2302 πάσης
478 2203 582 2305 άγίου
607 2208 767 2281 καλεῖται
785 2204 923 2306 φωνῆς,
943 2203 1003 2279 καὶ
1024 2202 1072 2282 ὡς
1099 2198 1162 2279 οῦκ
1187 2199 1341 2279 ἐπακτὸν
1358 2201 1454 2306 ἔχων
1470 2235 1510 2297 ¹5

246 2327 329 2404 καθ’
357 2326 446 2419 ῦμοῖς
470 2324 511 2405 τὸ
535 2325 687 2432 ἀξίωμα,
705 2325 790 2403 ἀλλ’
809 2328 856 2408 ὡς
881 2331 986 2403 τοῦτο
1010 2323 1102 2403 κατὰ
1127 2322 1242 2430 φύσιν
1261 2322 1449 2429 ὑπάρχων,

212 2446 337 2550 οάπερ
355 2444 442 2528 εῖναι
466 2448 619 2552 λέγεται,
635 2445 693 2527 διά
718 2483 757 2528 τε
781 2457 887 2530 τοῦτο
914 2455 1166 2551 προσκυνεῖται
1195 2446 1295 2549 παρά
1316 2482 1355 2527 τε
1377 2455 1455 2528 τῶν

247 2573 361 2672 ἁγίων
388 2571 557 2675 ἀγγέλων
585 2576 642 2652 καὶ
674 2571 765 2677 πρὸς
797 2573 907 2673 ἡμῶν,
937 2573 1054 2664 καίτοι,
1082 2575 1205 2670 μηδενὶ
1235 2580 1454 2673 προσκυνεῖν

246 2693 354 2802 ἑτέρῳ
371 2700 434 2795 τῆς
453 2697 550 2779 θείας
567 2695 749 2798 λεγούσης
770 2701 897 2802 χρῆναι
915 2700 1070 2802 γραφῆς,
1088 2693 1188 2796 πλὴν
1206 2696 1305 2804 μόνῳ
1328 2698 1453 2804 Κυρίῳ

245 2823 297 2925 τῷ
317 2824 411 2926 Θεῷ.
1468 2856 1510 2896 20

303 2948 347 3022 Εῖ
380 2943 446 3044 μέν
476 2945 538 3023 οῦν
569 2945 757 3046 ἐπίκτητον
789 2945 886 3052 αύτῷ
926 2945 984 3022 καὶ
1021 2939 1127 3023 δοτὸν
1162 2941 1371 3047 ἐνυπάρχειν
1408 2940 1453 3024 τὸ

245 3064 438 3169 θεοπρεπὲς
465 3068 607 3174 ἀξίωμα
636 3067 930 3165 πεπιστεύκασιν,
959 3064 1034 3146 εἶτα
1066 3073 1118 3173 τῷ
1151 3068 1299 3175 τοιούτῳ
1331 3101 1453 3170 προσ-

76 3213 114 3289 σι.
127 3213 199 3262 Rom.
246 3198 361 3269 κυνεῖν
389 3192 522 3272 οίονται
553 3197 636 3291 δεῖν,
664 3193 829 3273 ἴστωσαν
858 3189 958 3294 παρά
986 3188 1050 3270 τὸν
1080 3190 1231 3291 κτίστην
1260 3196 1305 3294 τῇ
1335 3193 1455 3271 κτίσει

75 3293 92 3328 ¹'
105 3291 145 3341 '⁵'
246 3314 492 3416 λατρεύοντες,
517 3314 735 3422 πρόσφατόν
760 3350 799 3396 τε
827 3318 885 3395 καὶ
913 3314 991 3394 νέον
1017 3317 1152 3397 ἑαυτοῖς
1181 3313 1455 3420 ζωγραφοῦντες

215 3434 338 3534 θθεὸν,
357 3438 448 3541 ἤπερ
466 3437 577 3523 ὅντως
596 3438 660 3519 τὸν
678 3438 769 3520 κατὰ
789 3439 904 3546 φύσιν
922 3438 1229 3540 ἐπιγινώσκοντες.
1269 3444 1298 3519 εί
1325 3438 1363 3519 δέ
1387 3444 1453 3539 τῆς
1471 3470 1510 3531 25

245 3568 309 3640 τοῦ
340 3566 436 3642 Θεοῦ
468 3565 527 3642 καὶ
561 3563 707 3667 Πατρὸς
739 3563 864 3647 οὐσίας
897 3562 967 3669 ἔξω
1005 3568 1146 3642 κεῖσθαι
1183 3562 1349 3664 λέγοντες
1386 3562 1455 3643 τὸν

245 3681 344 3781 Υῖὸν,
364 3688 422 3766 καῖ
441 3685 531 3766 Υίὸν
554 3686 663 3767 αὐτὸν
685 3691 743 3767 καῖ
765 3686 859 3766 Θεὸν
886 3687 1130 3789 ὁμολογοῦσιν
1156 3686 1327 3791 ὑπάρχειν
1351 3690 1449 3787 ἀλη-

244 3807 344 3889 θινὸν
366 3813 424 3889 καὶ
452 3811 611 3905 βασιλέα
633 3814 691 3890 καὶ
715 3810 835 3913 κύριον
858 3813 916 3889 καῖ
943 3807 1159 3911 δημιουργὸν
1184 3813 1242 3890 καὶ
1266 3812 1454 3897 οῦσιωδεῦς

244 3935 282 4013 ἐν
300 3937 414 4043 ἐαυτῷ
436 3933 483 4014 τὰ
505 3942 569 4015 τοῦ
588 3934 734 4038 Πατρὸς
758 3932 851 4040 ἔχειν
872 3934 944 4013 ἴδια
972 3939 1030 4013 καὶ
1058 3934 1233 4040 ἐξαίρετα·
1263 3936 1452 4031 βλεπέτω-

243 4091 317 4136 σαν
345 4059 427 4138 ὅποι
449 4058 537 4139 ποτέ
559 4058 672 4140 πάλιν
699 4061 817 4142 αῦτοῖς
841 4055 884 4138 τὸ
908 4064 981 4136 τιῦν
1008 4061 1093 4163 τῇδε
1120 4061 1321 4138 δοκούντων
1350 4062 1450 4140 ἀπο·
1470 4089 1511 4147 3ο

283 4277 305 4314 1.
325 4262 512 4331 σκιά-γράφεται
526 4261 559 4315 Β.
704 4278 735 4384 fi
753 4258 1070 4331 φανήσεσθε-γραφαῖς]
1085 4261 1212 4329 φανίσθοι
1224 4263 1278 4317 τοῖς
1291 4261 1372 4318 θείαις
1383 4285 1453 4335 γρα-

242 4332 306 4400 φαῖς
320 4330 352 4385 Β.
496 4346 520 4401 7.
540 4330 585 4385 οῦν
597 4349 646 4401 pro
658 4331 689 4384 ού
730 4372 736 4385 .
887 4347 927 4400 13.
948 4328 1042 4400 Κύριον
1055 4341 1081 4385 et
1094 4333 1161 4386 θεὸν
1174 4333 1242 4386 inter
1256 4351 1285 4386 se
1297 4342 1400 4404 transp.
1415 4335 1452 4391 Β.

246 4416 286 4470 ¹7·
306 4397 368 4454 εἶναι
381 4403 444 4473 ὅπερ
458 4403 563 4456 inverso
575 4402 669 4456 ordine
684 4401 714 4455 B.
818 4418 860 4471 ²3·
891 4404 921 4470 τῇ
936 4403 1026 4470 κτίστῃ
1035 4404 1069 4468 (ἓ)
1082 4405 1152 4473 παρὰ
1164 4405 1209 4458 τὸν
1221 4404 1328 4470 κτίστην
1341 4404 1454 4461 inverso

242 4471 334 4524 ordine
350 4471 381 4525 Β,
532 4487 574 4542 25.
594 4473 805 4544 ἐπιγινώσκοντες
820 4472 851 4527 Β.
863 4475 1033 4542 γινώσκοντες
1048 4472 1097 4527 Ed.
1233 4490 1276 4544 27.
1296 4476 1357 4529 Υῖὸν
1369 4477 1454 4533 αὐτὸν

241 4540 283 4595 καὶ
296 4540 375 4612 Θεὸν]
389 4543 454 4596 Θεὸν
466 4544 543 4598 αῦτὸν
557 4544 589 4598 Β.
711 4560 753 4615 29.
773 4545 800 4598 ἐν
812 4544 880 4615 αὐτῷ
895 4542 927 4597 Β.
