3038 5018
69 299 178 368 vi.68.
237 302 295 369 IN
325 305 358 370 S.
382 302 641 371 JOANNEM.
687 305 783 371 LIB.
806 305 867 371 IV.
914 305 1015 371 CAP.
1040 304 1101 369 IV.
1206 302 1270 367 578

69 465 178 546 αύτόν
210 478 232 515 “
249 472 322 549 Καὶ
355 465 478 571 θήσεις
510 469 553 551 τδ
584 469 844 576 θυσιαστήριον
875 469 918 550 τὸ
950 477 1111 576 χρυσοῦν
1143 473 1192 551 εἰς
1229 462 1271 545 τὸ
1319 466 1442 599 &gd-¹¹·

70 599 91 636 “
110 597 241 690 θυμιᾶν
258 594 417 674 ε’ναντίον
434 596 499 693 τῆς
517 603 683 693 κιβωτοῦ,
697 599 755 676 καὶ
774 592 955 697 ἐπιθήσεις
972 591 1144 692 κάλυμμα
1163 625 1271 671 κατα-

70 723 91 760 “
111 713 343 815 πετάσματος
361 718 418 797 ε’πλ
438 716 504 818 τήν
522 716 635 822 θύραν
654 722 717 818 τῆς
739 723 876 819 σκηνῆς
899 727 963 799 τοῦ
987 717 1191 821 μαρτυρίου,
1213 717 1272 795 καὶ

70 849 92 884 “
111 839 152 918 τὸ
176 838 438 943 θυσιαστήριον
455 847 528 920 τῶν
546 840 797 945 καρπωμάτων
815 840 938 942 θήσεις
955 839 1055 945 παρὰ
1076 839 1141 941 τὴν
1159 838 1272 944 θύραν

36 975 55 1036 5
70 972 92 1008 “
110 966 174 1061 τῆς
192 969 330 1064 σκηνῆς
345 971 409 1045 τοῦ
427 966 633 1068 μαρτυρίου,
653 968 712 1044 καὶ
731 963 938 1070 περιθήσεις
959 962 1025 1064 τῆν
1043 961 1193 1064 σκηνὴν,
1212 964 1271 1042 καὶ

31 1157 34 1165 .
70 1095 91 1132 “
110 1084 229 1167 πάντα
261 1085 307 1169 τὰ
336 1090 374 1169 ἐν
404 1090 495 1193 αὐτῇ
528 1086 691 1194 ἁγιάσεις
723 1089 880 1196 κύκλῳ.”
922 1088 1150 1193 ἐπιτηρητέον
1179 1085 1267 1191 γὰρ,

70 1209 167 1297 ῦτως
200 1216 258 1292 καὶ
291 1211 334 1291 δι’
366 1215 503 1319 ἀμφοῖν
534 1213 618 1313 ἡμῖν
646 1221 723 1293 τοῖν
752 1212 1026 1318 θυσιαστηρίοιν
1056 1215 1076 1292 ὁ
1108 1210 1271 1315 Χριστὸς

71 1335 353 1443 καταγράφεται.
389 1338 605 1436 άπατεθῆναι
623 1335 694 1441 γὰρ
717 1334 933 1443 ,διατεταχὸς
950 1334 992 1416 τὸ
1011 1334 1302 1438 θυσιαστήριονι
1325 1351 1388 1407 891
1400 1350 1440 1406 A·

70 1455 112 1539 τῦ
135 1469 306 1564 χρυσοῦν,
331 1463 369 1540 ἐν
393 1457 424 1568 ᾧ
451 1458 493 1540 τὸ
521 1462 682 1560 θυμίαμα
709 1460 894 1551 κατέναντι
921 1464 985 1559 τῆς
1013 1466 1178 1557 κιβωτοῦ,
1201 1492 1268 1537 κα·

19 1610 57 1653 10
71 1581 244 1681 λύμματα
262 1584 299 1664 δὲ
318 1583 377 1665 διὰ
394 1584 511 1683 με’σου
528 1592 607 1671 ταῖς
624 1590 690 1685 τῆς
706 1588 845 1686 σκηνῆς
865 1583 1124 1688 περιτείνεσθαι
1147 1582 1272 1686 θύραις

71 1705 190 1804 εἰπὼν,
208 1711 257 1792 ὡς
283 1705 330 1788 ἂν
352 1706 403 1809 μὴ
429 1707 477 1789 τὰ
503 1708 606 1788 ε’ίιδον
630 1710 755 1817 ὁρῷτο,
776 1712 834 1788 καὶ
858 1706 901 1788 τὸ
926 1714 999 1788 τῶν
1022 1703 1272 1811 καρπωμάτιυν

72 1829 330 1934 θυσιαστήριον
358 1830 458 1935 παρὰ
487 1831 552 1918 τὰς
586 1833 696 1942 θύρας
727 1837 791 1931 τῆς
818 1837 956 1933 σκηνῆς
984 1839 1049 1911 τοῦ
1076 1831 1271 1934 μαρτυρίου

70 1960 211 2034 κεῖσθαι
229 1954 374 2053 κελεύει,
393 1958 456 2036 οὐκ
475 1954 729 2066 ἀουμφανέςῆ
753 1952 1004 2036 διαλανθάνον·
1032 1953 1104 2062 ἔξω
1129 1951 1202 2056 γὰρ
1226 1950 1271 2052 ἦν

33 2166 39 2180 ⁰
71 2086 135 2158 τοῦ
160 2080 492 2179 καταπετάσματος.
522 2079 589 2188 δρα
605 2080 723 2160 τοίνυν
742 2077 860 2176 αὐτὸν,
880 2077 938 2159 διὰ
962 2078 1028 2176 μὲν
1046 2086 1111 2157 τοῦ
1136 2082 1265 2157 θυσια-

21 2223 57 2284 ¹⁵
71 2202 221 2305 στηρίου
245 2211 309 2282 τοῦ
334 2203 554 2303 θυμιάματος
578 2208 628 2290 είς
655 2202 775 2305 ῦσμῆν
794 2203 938 2287 εῦωδίας
960 2201 1201 2298 ἀναβαίνοντα
1219 2207 1306 2308 τῲο

72 2330 156 2433 θεῷ
182 2327 241 2405 καὶ
272 2326 402 2431 Πατρί·
440 2337 547 2409 τοῦτο
574 2326 646 2431 γῦρ
674 2329 852 2427 ῦπυδηλοῖ
874 2326 916 2408 τὸ
944 2327 1116 2426 θυμίαμα·
1151 2322 1270 2405 διὰδὲ

70 2457 135 2529 τοῦ
163 2450 424 2555 θυσιαστηρίου
450 2459 522 2532 τῶν
545 2449 805 2555 καρπωμάτων,
828 2454 878 2538 ὡς
901 2457 998 2552 θῦμα
1023 2453 1081 2530 καὶ
1108 2447 1272 2558 σφάγιον

72 2572 160 2678 ύπέρ
187 2575 288 2675 ῆμῶν
314 2575 601 2679 προσαγόμενον.
650 2575 841 2679 ἐκρύπτετο
869 2575 906 2656 δὲ
934 2573 993 2655 διὰ
1018 2582 1084 2656 τοῦ
1109 2607 1267 2656 καταπε-

72 2697 257 2797 τάσματος
285 2697 327 2778 τδ
351 2707 511 2803 χρυσοῦν
533 2696 805 2803 θυσιαστήριον·
837 2697 1057 2803 κεκρυμμένη
1084 2695 1156 2801 γὰρ
1181 2695 1225 2797 ήν
1248 2732 1271 2796 η

18 2852 59 2893 20
72 2820 163 2929 δόξα
181 2826 359 2925 Χριστοῦ·
390 2821 544 2928 ἐμφανὲς
568 2820 607 2902 δὲ
630 2819 673 2903 τῦ
699 2821 883 2926 ἕτεροντὸ
906 2829 979 2901 τῶν
1005 2818 1270 2926 καρπωμάτων,

71 2946 109 3025 ἐν
126 2943 156 3053 ᾧ
174 2944 220 3026 τὰ
237 2943 395 3054 σφάγια·
434 2942 588 3053 φανερὸς
607 2945 678 3048 γὰρ
697 2947 718 3026 ὁ
736 2952 903 3049 Χριστοῦ
921 2944 1075 3029 θάνατος
1095 2947 1154 3024 καὶ
1176 2951 1272 3024 πᾶσι

72 3071 260 3172 γνώριμος.
297 3077 407 3151 κεῖται
434 3068 547 3175 γεμῆν
574 3072 637 3149 οὐκ
665 3070 888 3172 ἁδιακρίτως·
918 3067 960 3148 τὸ
988 3066 1151 3169 μὲνγὰρ
1179 3068 1269 3149 ἀπέ·
1321 3164 1326 3172 Ι

73 3228 173 3274 ναντι
190 3199 255 3292 τῆς
272 3201 439 3295 κιβωτοῦ,
457 3191 498 3272 τὸ
523 3191 561 3273 δὲ
586 3190 685 3296 παρὰ
710 3191 775 3276 τὰς
801 3191 912 3294 θύρας
936 3196 1000 3290 τῆς
1025 3195 1173 3291 σκηνῆς.
1212 3195 1272 3271 καὶ

71 3316 114 3398 τὸ
131 3316 197 3417 μὲν
214 3319 383 3398 ἀπέναντι
399 3320 463 3417 τῆς
489 3323 643 3412 κιβωτοῦ
667 3313 709 3396 τῦ
733 3322 894 3420 χρυσοῦν
914 3321 1053 3396 κεῖσθαι
1071 3315 1302 3415 θυσιαστή-ο

19 3472 57 3533 ι5
71 3476 160 3543 ριον,
187 3444 292 3522 οἱονεὶ
321 3439 363 3522 τὸ
390 3444 429 3523 ἰν
455 3439 540 3546 ὄψει
567 3448 632 3520 τοῦ
660 3445 756 3520 θεοῦ
784 3442 843 3518 καὶ
872 3437 1029 3542 Πατρῦς,
1057 3436 1273 3538 θαυμαστήν

72 3563 159 3646 εἶναι
184 3562 250 3664 τῆν
268 3565 380 3672 δόξαν
402 3573 467 3647 τοῦ
489 3570 580 3645 Υίοῦ
606 3564 650 3645 δι’
670 3563 877 3666 αἰνίγματος
903 3564 1090 3664 ὑποδηλοῖ,
1113 3561 1206 3642 κατὰ
1231 3561 1273 3643 τό

73 3700 95 3737 “
114 3690 240 3773 Οὐδεὶς
266 3689 435 3791 γινώσκει
459 3689 513 3775 τίς
538 3690 639 3769 ε’στιν
657 3689 678 3768 ὁ
696 3687 784 3771 Υἱὸς
802 3692 832 3768 εί
854 3683 904 3786 μή
928 3687 948 3766 ὁ
969 3685 1134 3788 Πατήρ.”
1173 3683 1215 3765 τὸ
1235 3685 1273 3765 δὲ
1317 3697 1420 3814 {2¹2

72 3809 163 3914 πρὸς
180 3813 302 3897 αῦταῖς
320 3819 459 3895 κεῖσθαι
473 3819 554 3897 ,ταῖς
572 3811 695 3916 θύραις
712 3815 778 3912 τῆς
801 3814 939 3911 σκηνῆς
963 3808 1005 3890 τὸ
1031 3816 1103 3891 τῶν
1121 3843 1269 3913 καρπω-
1336 3799 1342 3814 ’
1390 3801 1397 3815 ’

71 3933 196 4034 μάτων
220 3935 489 4038 θυσιαστήριον,
511 3934 777 4041 τύπον-ἐπέχον
801 3944 865 4015 τοῦ
894 3933 1049 4014 θανάτου
1077 3935 1186 4013 αύτοῦ
1214 3934 1274 4012 καὶ

18 4091 58 4149 30
72 4062 136 4159 τῆς
162 4056 250 4162 ῦπέρ
274 4057 419 4142 πάντων
436 4062 596 4166 σφαγῆς,
615 4060 781 4160 σημαίνει
806 4056 917 4139 πάλιν
936 4054 986 4155 μή
1009 4056 1135 4160 ἑτέρως
1161 4055 1270 4136 δύνα·

109 4255 134 4292 2.
153 4219 266 4320 θνμιαγῆα
279 4236 313 4290 Β.
455 4250 516 4308 3-5.
534 4237 575 4291 καλ
587 4237 617 4291 τδ
630 4234 992 4307 θυσιαστήριον-μαρτυρίαν
1004 4243 1143 4304 assumpta
1155 4251 1188 4288 ex
1201 4233 1273 4289 B.D.

73 4341 100 4395 9.
119 4306 270 4392 καλύμματα
283 4323 311 4377 δὲ
325 4323 358 4378 Β.
371 4324 489 4392 καλυμμύ
500 4346 529 4379 τε
542 4323 593 4378 Ed.
795 4340 834 4376 12.
854 4323 900 4377 τας
912 4320 992 4391 θύρας
1005 4322 1038 4376 Β.
1050 4323 1106 4377 ταῖς
1118 4319 1208 4391 θύραις
1221 4320 1272 4376 Ed.

78 4412 118 4482 τη.
137 4395 264 4449 λανθάνον
277 4393 310 4448 Β.
412 4395 453 4449 16.
472 4395 500 4448 δδ
514 4393 547 4449 Β.
558 4416 587 4448 τε
600 4394 651 4449 Ed.
763 4394 803 4447 18.
821 4396 1019 4516 πρασοχίμινος
1032 4392 1066 4446 Β.
1166 4408 1209 4463 23.
1227 4391 1274 4448 τδς

74 4464 422 4592 ήηρρἏΒτῗνοριιρρτὲὲταῐς
434 4463 523 4534 θύραις
536 4465 571 4520 D.
586 4464 636 4519 Ed.
758 4479 800 4531 24.
818 4485 899 4518 κειται
937 4503 944 4519 .
1059 4476 1102 4534 27.
1117 4463 1160 4588 ,τίς
1173 4463 1274 4518 ε’στινδ
