3038 5018
87 298 249 389 v.36,37.
296 302 352 367 IN
383 303 699 369 S.JOANNEM.
745 302 841 368 LIB.
864 301 932 373 111.
976 302 1126 370 CARI.
1223 303 1287 368 373

87 461 160 566 γάρ
177 463 301 569 λόγοις
318 465 369 547 ἔτι
387 469 447 548 καὶ
461 475 539 553 ταῖς
560 468 605 575 ἐξ
619 467 820 574 ἀνθρώπων
836 464 980 575 ψήφοις
997 467 1289 569 ἐπισεμνθνομαι,

88 584 166 669 οὐδὲ
182 586 247 674 τάς
265 591 304 671 ἐκ
320 589 491 695 ῥημάτων
507 597 631 698 ψιλῶν
649 591 844 694 συλλέγειν
862 591 916 674 ἐπ’
936 595 1077 701 ἐμαυτῷ
1094 592 1289 697 μαρτυρίας

89 709 258 812 οἰήσομαι
294 718 377 813 δεῖν,
409 714 703 825 ἀξιολογωτέρας
740 711 779 796 δέ
817 717 875 798 καί
911 714 1009 799 πολὺ
1044 718 1183 821 μείζοσι
1213 721 1289 797 τῶν

89 836 281 939 εἰρημένων
310 839 494 948 ἐπιτρίψω
524 837 570 920 τά
600 842 674 920 κατ’
708 838 876 941 ἐμαυτὸν,
912 845 971 922 καὶ
1002 842 1047 948 ἐξ
1081 841 1190 941 αὐτῆς
1218 839 1318 942 ἤδηι
1339 861 1459 927 ΝΑ.

57 963 381 1066 5κοταλαμπριίνω
405 966 469 1062 τῆς
495 966 533 1044 ἐν
559 964 676 1067 ἔργοις
702 961 989 1067 μεγαλειότητος,
1007 964 1062 1046 ότι
1081 963 1175 1050 Θεδς
1196 963 1290 1045 κατά

92 1084 207 1192 φύσιν
235 1086 317 1184 εἰμί,
342 1089 402 1168 καὶ
430 1089 470 1167 ἐκ
499 1093 595 1168 Θεοῦ
623 1086 768 1194 πέφηνα
794 1086 951 1192 Πατρός,
978 1091 1089 1169 ἀδικῶ
1122 1086 1160 1168 δέ
1189 1087 1291 1169 οὐδὲν

91 1207 176 1295 τοὺς
199 1205 314 1311 ε’μοθς,
338 1212 394 1317 ἐφ’
423 1210 513 1316 όπερ
537 1209 583 1293 ἀν
608 1210 798 1312 βούλωμαι
826 1211 1125 1319 μεταῤῥυθμίζων,
1151 1211 1291 1314 νόμους,

92 1337 152 1414 καὶ
187 1335 226 1415 ἐκ
262 1338 326 1435 τῆς
356 1334 450 1417 κατὰ
480 1334 524 1418 τὸ
554 1336 706 1441 γράμμα
737 1338 941 1443 παχύτητος
972 1344 1022 1421 εἰς
1051 1335 1292 1436 πνευματικὴν

93 1459 244 1562 θεωρίαν
271 1467 548 1567 μεταστοιχειῶν
577 1459 624 1542 τά
652 1467 726 1545 τοῖς
753 1460 995 1567 ἀρχαιοτέροις
1024 1463 1294 1565 αἰνιγματωδῶς

44 1622 83 1663 10
94 1583 268 1686 εἰρημένα.
309 1587 523 1667 κατανοείτω
553 1584 590 1667 δέ
617 1584 731 1667 πάλιν
756 1587 776 1666 ὁ
802 1584 1019 1692 φιλομαθὴς,
1047 1585 1103 1667 ότι
1130 1585 1295 1689 λέγωνὸ

96 1705 225 1811 Σωτὴρ
252 1706 310 1788 διά
337 1716 409 1789 τῶν
437 1709 546 1820 ἐργων
574 1709 876 1815 ἐπιμαριόρεσθαι
907 1716 1027 1795 καλῶς
1055 1714 1105 1796 εἰς
1133 1708 1177 1791 τὸ
1206 1705 1294 1790 εἰναι

96 1829 188 1912 κατὰ
217 1832 332 1938 φύσιν
360 1835 462 1934 Θεὸς,
490 1833 688 1916 ἐκδιδάσκει
719 1841 862 1941 σαφῶς,
889 1837 938 1918 ῶς
970 1835 1035 1915 οὐκ
1062 1832 1107 1915 ἀν
1138 1834 1190 1936 εἰη
1222 1839 1329 1914 τῶνο

97 1957 333 2062 ἐνδεχομείιων
356 1959 646 2062 ἀπαραλλάκτως
673 1957 884 2065 ἐνυπάρχειν
910 1959 979 2039 τινί
1006 1956 1072 2059 τὴν
1097 1963 1180 2067 Θεῷ
1205 1959 1292 2060 πρέ·

97 2115 241 2161 πουσαν
272 2082 449 2185 ἐνέργειάν
479 2117 518 2163 τε
550 2086 609 2164 καί
641 2083 800 2183 δύναμιν,
833 2089 862 2163 εἰ
893 2080 944 2182 μὴ
976 2086 1034 2162 καί
1067 2081 1173 2168 αὐτὸς
1204 2078 1297 2161 κατὰ

49 2235 85 2296 ¹5
99 2204 213 2311 φύσιν
245 2204 398 2312 ὖποίρχοι
427 2206 530 2290 Θεός.
568 2210 780 2312 μαρτυρεῖται
811 2203 884 2311 γάρ
915 2202 974 2286 διά
1003 2211 1077 2286 τῶν
1106 2206 1224 2315 ἐργων,
1254 2206 1296 2286 οὐ

99 2331 181 2410 καθ’
202 2329 321 2433 ἕτερον
339 2326 436 2430 οἶμαι
459 2327 604 2434 τρόπον,
622 2325 723 2408 ἀλλά
748 2326 839 2410 κατά
863 2335 990 2409 τοῦτον
1011 2328 1131 2410 αὐτόν.
1171 2331 1200 2408 εἰ
1224 2325 1297 2430 γάρ

99 2460 172 2534 τῶν
189 2464 254 2535 τοῦ
278 2452 519 2558 γεννήσαντος
543 2453 658 2559 ἐργων
682 2454 808 2558 ὁρᾶται
832 2452 1030 2554 τελειωτὴς,
1050 2457 1107 2534 καί
1134 2451 1226 2555 ἀπερ
1251 2448 1297 2531 ἀν

100 2578 219 2686 ἐκείνερ
243 2581 302 2657 καί
322 2577 421 2687 μόνη)
439 2578 602 2684 φαίνοιτο
623 2578 910 2682 πρεπωδέστερα,
929 2587 1042 2660 ταῦτα
1060 2578 1118 2658 καί
1135 2574 1240 2661 αὐτὸς
1258 2576 1303 2683 ἐξ

102 2704 229 2788 οἰκείας
264 2703 391 2808 ἰσχύος
419 2706 636 2807 ἀποπληροῖ·
666 2708 744 2786 πῶς
774 2702 838 2783 οὐκ
869 2698 915 2782 ἀν
944 2702 1082 2805 γένοιτο
1110 2701 1222 2783 παντί
1248 2735 1301 2808 τιρ

49 2826 232 2934 20σαφὲς,
270 2826 324 2908 ότι
361 2825 427 2927 τὴν
461 2826 571 2927 αὐτὴν
602 2825 720 2934 ἐκείνῳ
758 2824 873 2933 φύσιν
910 2827 1206 2931 ἀπεκληρώσατο,
1243 2827 1330 2904 καίο

103 2957 177 3036 τοῖς
210 2959 274 3033 τοῦ
301 2951 465 3036 τεκόντος
494 2949 661 3051 ἰδιῶμασι
690 2947 914 3048 διαλόμπων,
942 2953 989 3034 ὡς
1020 2950 1063 3056 ἐξ
1091 2951 1210 3047 αι’ποῦ,
1235 2947 1301 3046 τὴν

103 3074 190 3175 ’ίσην
215 3078 311 3184 αὐτῷ
334 3076 483 3177 δύναμίν
507 3109 546 3156 τε
574 3079 632 3155 καί
660 3074 837 3178 ἐνέργειαν
855 3073 949 3177 ἔχει,
978 3071 1162 3177 εἰληφέναι
1188 3067 1303 3172 γεμὴν

104 3201 188 3305 παρ’
218 3202 327 3282 αὐτοῦ
358 3200 405 3283 τίι
436 3200 523 3310 ἔργα
555 3201 682 3306 φησὶν,
711 3197 735 3298 ἢ
769 3196 829 3278 διὰ
860 3194 903 3277 τά
935 3201 999 3297 τῆς
1030 3194 1304 3299 ἀνθρωπότητος

105 3329 234 3437 σχῆμα
256 3330 314 3407 καὶ
333 3325 399 3428 τὴν
416 3334 479 3408 τοῦ
506 3323 637 3406 δούλου
660 3321 817 3430 μορφὴν,
835 3320 1081 3424 ταπεινότερόν
1109 3354 1186 3405 πως
1213 3321 1305 3426 ἤπερ

52 3480 92 3541 ²5
107 3451 215 3555 ε’χρῆν
247 3455 305 3533 καί
334 3460 440 3533 τοῦτο
470 3456 597 3533 λαλῶν
624 3452 863 3547 οἰκονομικῶς,
886 3445 910 3547 ἢ
937 3445 1003 3547 τὴν
1032 3453 1096 3526 τοῦ
1119 3449 1216 3524 Θεοῦ
1247 3450 1306 3524 καὶ

109 3574 253 3679 Πατρός
290 3576 448 3657 εὐδοκίαν
479 3609 516 3656 τε
552 3577 610 3653 καὶ
642 3571 862 3669 συναίνεσιν,
893 3569 959 3670 τὴν
988 3569 1044 3675 ἐφ’
1079 3566 1199 3650 ἀπασι
1233 3573 1307 3652 τοῖς

107 3699 322 3806 παραδόξως
358 3695 648 3798 ἐπιτελουμένοις,
685 3703 737 3804 τῷ
774 3699 839 3795 τῆς
875 3693 1009 3778 δόσεως
1029 3691 1306 3792 ’ἀποσεμνύνων

109 3819 266 3922 ὀνόματι.
298 3825 391 3903 οὕτω
424 3821 495 3926 γὰρ
523 3826 580 3903 καὶ
613 3820 843 3901 ἀπεστάλθαι
875 3816 1132 3923 διισχυρίζεται,
1165 3814 1228 3897 ἀτε
1262 3814 1341 3916 δῆθ

110 3952 168 4030 καί
187 3948 347 4032 κενώσας
362 3945 496 4044 ἑαυτὸν,
510 3944 602 4026 καθά
616 3946 825 4049 γέγραπται,
841 3947 904 4042 τῆς
922 3940 1084 4047 ἀκράτως
1097 3941 1307 4044 πρεπούσης
1353 3961 1419 4012 Phil·
1430 3962 1458 4011 ii·

54 4110 95 4169 30
110 4072 213 4181 ἀξίας
231 4077 283 4180 τῷ
302 4076 384 4180 Θεῷ
407 4070 467 4150 διὰ
489 4068 555 4169 τὴν
573 4075 622 4153 εἰς
646 4070 738 4170 ἡμᾶς
763 4063 962 4170 ἀγοίπησιν·
992 4065 1207 4147 ἐταπείνωσε
1235 4061 1307 4167 γάρ
1354 4039 1377 4093 ⁷'

111 4196 246 4296 ἑαυτὸν,
273 4198 330 4277 καί
358 4194 423 4295 τὴν
452 4203 516 4275 τοῦ
542 4198 821 4275 τεταπεινῶσθαι
849 4191 1151 4292 σμικροπρέπειαν
1179 4188 1244 4267 οὐκ
1271 4189 1309 4267 ἐν

151 4492 192 4540 ¹4·
212 4472 252 4526 καὶ
265 4472 310 4525 alt,
324 4479 493 4541 assumptum
506 4487 538 4524 ex
553 4468 585 4523 Β.
677 4479 719 4534 25.
739 4466 784 4520 τοῦ
797 4463 830 4520 Β.
843 4463 870 4517 ἐκ
886 4461 938 4517 Εθ.
1027 4476 1070 4530 ²9·
1089 4460 1142 4515 τοῖς
1154 4474 1202 4530 pro
1214 4460 1259 4528 τῆς
1271 4456 1309 4513 Ι).

113 4563 158 4619 31.
176 4542 359 4600 ταπεινοῦσθαι
371 4540 405 4595 Β.
