3038 5018
234 307 298 369 ιιι
536 306 575 369 Β.
600 304 807 370 cmm
838 304 1123 370 ALEXANDR.
1336 315 1434 383 v.17.

234 470 398 573 πατέρων
411 471 602 554 εὐπειθείας
621 467 903 572 καταδικάζουσι,
915 467 981 568 τὴν
999 473 1038 549 ἐκ
1055 475 1128 549 τῶν
1141 466 1436 571 ἀῤῥωστημάτων

235 588 402 695 ε’πήρειαν
431 599 531 672 νικᾶν
561 595 598 672 έν
629 590 809 701 σαββάτῳ
839 591 905 692 τήν
935 593 1049 699 φύσιν
1077 594 1142 672 οῦκ
1172 591 1432 694 ἐπιτρέποντες,

236 713 326 794 ὅσον
348 721 396 799 είς
423 714 466 796 τὸ
493 720 621 820 χρῆναι
644 717 786 796 διώκειν
810 716 1017 817 ἐπείγεσθαι
1041 714 1105 796 τὸν
1121 714 1266 815 Ἰησοῦν
1290 715 1431 817 εῦεργε·

236 847 366 918 τοῦντα
385 837 535 919 κατὰτὸ
554 837 757 933 σάββατον.

338 1081 381 1146 ‘0
408 1082 521 1170 Πατήρ
548 1106 609 1159 μου
636 1086 702 1149 ἓωο
729 1085 802 1172 ἄρτι
829 1085 1004 1174 ἐργάζεται,
1032 1084 1122 1158 κάτὼ
1146 1081 1330 1170 ἐργάζομαι.
1451 1099 1468 1158 5

207 1204 224 1248 e

293 1255 508 1359 Διαλέγεται
540 1256 606 1353 μὲν
639 1262 686 1341 ὡς
719 1261 756 1339 έν
787 1257 968 1366 σαββάτῳ
1000 1254 1172 1360 Χριστός.
1224 1264 1330 1335 τοῦτο
1364 1252 1436 1356 γὰρ

236 1378 374 1480 ἀνάγκη
393 1377 538 1466 τό”Εως
562 1383 634 1487 άρτι
658 1387 802 1482 δηλοῦν,
820 1383 878 1462 ἵνα
903 1382 967 1461 τὸν
983 1382 1090 1487 ἑαυτῇ
1114 1380 1297 1483 πρέποντα
1322 1378 1437 1479 λόγον

235 1502 258 1600 ἡ
286 1509 350 1582 τοῦ
377 1502 603 1606 θεωρήματος
631 1505 774 1610 δέχηται
804 1507 960 1606 δύναμις.
1004 1503 1234 1588 ἀπαιδεύτους
1263 1501 1301 1582 δέ
1330 1501 1437 1585 ὄντας

237 1623 319 1708 τοῦς
337 1627 537 1724 Ἰουδαίους,
556 1630 614 1708 καὶ
638 1631 692 1714 τίς
715 1630 781 1728 μέν
803 1632 884 1709 ε’στι
910 1627 1001 1710 κατά
1027 1626 1141 1735 φύσιν
1164 1630 1228 1706 οῦκ
1253 1626 1388 1710 εἰδότας
1416 1628 1436 1705 ὁ

239 1746 459 1850 Μονογενὴς,
478 1749 577 1859 μόνιρ
595 1750 633 1832 δέ
651 1753 878 1836 ἀνατιθέντας
897 1754 949 1861 τῷ
967 1758 1050 1859 Θεῷ
1069 1755 1126 1831 καὶ
1147 1752 1266 1856 Πατρὶ
1289 1757 1353 1830 τοῦ
1377 1748 1438 1829 διά
1454 1780 1493 1822 10

240 1873 430 1957 Μωυσέως
447 1873 557 1973 νόμου
576 1873 639 1955 τὸν
657 1874 821 1980 ὁρισμὸν,
841 1878 936 1983 αῦτηῦ
955 1912 993 1957 τε
1015 1880 1143 1980 χρῆναι
1166 1876 1224 1954 καὶ
1247 1874 1438 1954 πείθεσθαι

237 1993 336 2103 μάυιρ
378 1998 723 2098 διαβεβαιουμένους,
762 1999 962 2081 ἀναπείθειν
997 2005 1159 2101 πειρᾶται
1197 2002 1340 2104 σαφῶς,
1381 1995 1438 2076 ὅτι

71 2139 179 2196 218A·
208 2118 356 2203 νπάυτα
388 2126 440 2229 τῷ
470 2126 588 2225 Πατρὶ
620 2122 885 2228 συνεργάζεται,
915 2125 972 2203 καὶ
1005 2122 1071 2222 τὴν
1100 2130 1164 2201 τοῦ
1195 2120 1438 2222 γεννήσαντος

239 2244 353 2347 φύσιν
385 2245 476 2350 έχων
508 2249 545 2324 ἐν
576 2247 700 2352 ἑαυτῷ,
728 2245 786 2325 διὰ
818 2246 860 2325 τὸ
893 2245 943 2346 μὴ
976 2244 1094 2348 ἕτερόν
1125 2278 1159 2324 τι
1191 2245 1275 2346 παρ’
1305 2246 1438 2322 ἐκεῖνον

240 2368 421 2473 ὑπάρχειν,
455 2368 545 2448 ὅσον
576 2369 659 2469 ἧκεν
691 2375 740 2453 είς
774 2368 839 2467 τὴν
870 2373 933 2468 τῆς
972 2370 1095 2452 οὐσίας
1127 2364 1336 2464 ταυτότητα,
1368 2367 1438 2470 οῦχ
1456 2401 1494 2459 15

238 2492 357 2594 ἕτερόν
375 2527 409 2570 τι
428 2491 603 2597 φρονήσει
621 2493 707 2573 ποτέ
725 2492 825 2596 παρά
843 2491 884 2573 τὸ
903 2498 954 2601 τῷ
974 2492 1134 2599 φάσαντι
1152 2495 1290 2571 δοκοῦν.
1330 2493 1379 2573 ὡς
1399 2488 1438 2569 δέ

239 2619 303 2714 τῆς
328 2617 436 2714 αὐτῆς
462 2613 632 2721 ῦπάρχων
655 2615 779 2701 οὐσίας
803 2625 915 2696 ταῦτα
942 2620 1000 2696 καὶ
1025 2616 1271 2712 βουλεύσεται,
1291 2621 1440 2712 μᾶλλον

240 2738 278 2818 δὲ
303 2737 408 2824 αὐτὸς
433 2736 642 2844 ῦπάρχωνή
667 2739 768 2842 ζῶσα
792 2739 910 2839 βουλὴ
937 2745 994 2820 καὶ
1020 2741 1165 2841 δύναμις
1190 2746 1254 2818 τοῦ
1275 2736 1437 2841 Πατρῦς,

238 2865 374 2967 εὐεργεῖ
389 2861 434 2943 τά
451 2864 570 2944 πάντα
588 2865 626 2943 έν
642 2870 735 2944 πᾶσι
753 2861 842 2962 μετά
864 2863 1018 2967 Πατρός.

287 2985 368 3067 Ἵνα
391 2988 509 3067 τοίνυν
526 2984 590 3067 τὸν
612 2992 742 3067 εἰκαῖον
763 2992 836 3066 τιῦν
852 2986 1034 3067 Ἰουδαίων
1052 2985 1321 3089 ἀποκροῦσηται
1345 3018 1436 3086 γογ-
1455 3018 1495 3057 20

237 3108 392 3213 γυσμδυ,
416 3112 474 3190 καὶ
502 3110 704 3216 δυσωπήση
732 3109 922 3194 διώκοντας
948 3111 1003 3216 ἐφ’
1027 3108 1077 3194 οἷς
1104 3109 1331 3215 χαλεπαίνειν
1354 3108 1437 3188 ἐδό-

205 3243 335 3332 ῑικουν,
355 3237 486 3314 ὡσανεὶ
506 3236 568 3333 τῆς
589 3241 670 3336 περὶ
689 3232 731 3313 τὸ
750 3232 942 3326 σάββατον
961 3230 1293 3343 καταφρονηθείσης
1315 3234 1436 3330 τιμῆς,

238 3359 283 3439 Ὁ
314 3362 427 3463 Πατήρ
455 3394 518 3461 μου
549 3361 664 3463 φησὶν
694 3355 754 3443 ἕως
785 3356 859 3465 άρτι
888 3357 1067 3466 ἐργάζεται
1100 3353 1202 3458 κάγάι
1233 3354 1436 3464 ἐργάζομαι.

239 3480 350 3582 μόνον
387 3479 459 3584 γάρ
495 3482 573 3585 οῦχὶ
609 3481 769 3561 τοιοῦτόν
805 3515 840 3559 τι
877 3482 1155 3581 κατασημαίνειν
1187 3478 1357 3575 βούλεται
1393 3484 1440 3558 Εἰ

239 3605 418 3689 πιστεύεις
443 3605 619 3706 ἀνθρωπε,
642 3604 789 3704 νεῦματί
810 3638 848 3683 τε
874 3608 932 3684 καὶ
956 3603 1132 3704 βουλήσει
1156 3611 1221 3684 τοῦ
1248 3600 1293 3683 τά
1319 3600 1440 3682 πάντα
1456 3636 1494 3697 25

240 3727 498 3837 συμπήξαντός
523 3762 560 3807 τε
587 3732 644 3808 καὶ
669 3727 935 3833 τεχνησαμένου
954 3735 1050 3809 Θεοῦ
1075 3726 1141 3827 τήν
1159 3727 1277 3806 κτίσιν
1295 3730 1437 3805 διοικεῖ·

240 3861 328 3934 σθαι
346 3858 404 3933 καὶ
430 3850 521 3932 κατά
542 3851 584 3932 τὸ
607 3851 810 3951 σάββατον,
829 3856 877 3936 ὡς
900 3854 1061 3957 ἀνίσχειν
1078 3850 1144 3948 μέν
1162 3850 1276 3950 ἥλιον,
1295 3851 1438 3952 ὀμβρο-

239 3978 364 4062 τόκους
392 4011 429 4056 τε
458 3977 587 4075 ὁμοίως
613 3976 777 4056 ἀνίεσθαι
800 3975 930 4079 πηγὰς,
954 3979 1013 4055 καὶ
1039 3973 1195 4078 καρποῦς
1220 3972 1286 4073 μὲν
1307 3976 1346 4053 ἐκ
1371 3976 1443 4074 γῆς

240 4102 454 4206 ἀνατρέχειν,
474 4103 515 4180 οῦ
540 4098 838 4201 παραιτουμένους
864 4099 928 4199 τήν
947 4100 1061 4207 αὔξην
1078 4097 1137 4178 διά
1160 4096 1203 4178 τὸ
1228 4098 1440 4193 σάββατον,

277 4344 302 4401 7.
321 4330 348 4384 έν
359 4329 422 4397 αὐτῇ
438 4329 470 4382 Β.
559 4347 585 4398 9.
604 4327 662 4383 ίστι
674 4346 728 4382 om.
742 4327 775 4383 Β.
867 4345 908 4382 11.
928 4325 967 4382 καὶ
981 4345 1034 4381 om.
1049 4326 1081 4380 Β.
1174 4342 1215 4392 14.
1232 4323 1292 4395 παρ’
1306 4324 1404 4378 ε’κεῖνόν
1416 4347 1443 4378 τι

239 4400 344 4453 inverso
356 4399 447 4453 ordine
462 4399 493 4453 B.
607 4415 618 4452 ι
622 4414 647 4480 5.
666 4398 725 4466 ἧκεν
738 4408 906 4468 assumptum
920 4416 950 4452 ex
964 4399 995 4451 Β.
1113 4411 1154 4468 17.
1172 4392 1264 4465 ταῦτα]
1279 4393 1396 4466 conjicit
1409 4397 1444 4448 τὰ

240 4470 303 4523 αὐτὰ
317 4470 343 4523 D
357 4468 649 4536 mg.ra1'›r‹⁸1beneed1t
663 4470 765 4538 Migne.
812 4469 963 4532 βουλεύεται
978 4469 1010 4523 Β.
1161 4483 1204 4537 23.
1217 4466 1287 4536 κάγὼ
1300 4465 1444 4538 ἐργάζομαι

240 4551 378 4608 assumpta
390 4557 421 4592 ex
437 4539 467 4591 Β.
543 4539 583 4592 26.
603 4540 788 4610 τεχνισιιμένου
801 4540 837 4593 Ι).
