3038 5018
99 269 169 345 ia:
288 274 346 342 IN
376 276 690 345 &JOAN'NEM
735 276 832 344 LIB.
855 276 884 343 1.
927 275 1032 352 cAP.
1056 275 1118 342 IV.
1259 278 1300 341 55

98 433 152 537 μή
179 433 282 530 ὄντος
309 436 419 537 τινός,
440 441 482 522 οῦ
509 438 624 543 λόγος
649 441 773 537 ἐστίνς
811 438 913 522 ἀλλά
939 447 1046 521 τοῦτο
1073 439 1222 522 ἀτοπον·
1260 439 1304 519 οὐ

99 556 173 665 γὰρ
199 560 303 643 ἔσται
328 561 417 644 ποτὲ
446 571 512 646 τοῦ
539 561 591 666 μή
618 561 706 646 εἶναι
733 563 873 665 δεκτική
898 564 920 665 ἡ
946 563 1023 653 θεία
1045 567 1104 645 καὶ
1127 561 1304 666 ἀκήρατος

99 683 224 790 φάσις,
256 683 338 767 οῦδὲ
371 686 621 795 μεταχωρήσει
656 688 744 770 ποτὲ
779 693 828 773 εἰς
857 687 980 791 Λόγον
1011 688 1032 768 6
1066 684 1204 790 Πατήρ,
1235 682 1303 767 κάν

99 807 291 909 όμοοόσιος
320 809 463 919 ῦπάρχη
492 809 616 921 Λόγιρ·
660 818 760 912 μενεῖ
787 810 825 892 δὲ
855 809 995 915 Πατὴρ,
1023 809 1066 892 οῦ
1095 813 1154 898 καὶ
1181 807 1304 914 Λόγος

65 932 201 1012 ὅέστὶν
219 932 240 1013 6
256 931 357 1018 Υἱός.
1314 938 1338 1005 (l

154 1085 258 1136 κακο.
297 1061 342 1139 El
369 1062 504 1162 τροπῆς
525 1058 671 1159 ἀπάσης
693 1059 752 1138 καὶ
774 1057 1007 1143 ἀλλοιώσεως
1034 1060 1098 1159 τῆς
1122 1056 1214 1138 κατὰ
1238 1056 1303 1139 τ’όν

97 1180 166 1280 τής
182 1180 309 1266 οὐσίας
326 1178 441 1284 λόγον
458 1183 480 1282 ἡ
498 1181 576 1264 θεία
594 1181 706 1289 φόσις
724 1182 948 1265 ἀνεπίδεκτος
971 1178 1058 1262 εἶναι
1081 1170 1298 1263 πιστεύεται·
1349 1180 1353 1188 ’

99 1307 179 1391 πῶς
203 1301 269 1384 τόν
294 1308 421 1386 οἰκεῖον
448 1304 574 1409 ὥσπερ
601 1307 705 1413 ἀφεὶς
732 1302 854 1403 τόπον,
873 1310 922 1390 είς
949 1303 992 1385 τό
1019 1301 1106 1385 εἶναι
1134 1302 1253 1407 Λόγος
1280 1305 1302 1384 6

101 1424 232 1529 Πατήρ
260 1429 526 1530 μεταστήσεται
537 1462 549 1527 3
591 1433 726 1534 τροπῆς
754 1427 826 1533 γάρ
853 1428 958 1509 ἔσται
988 1425 1155 1526 δεκτικός,
1184 1431 1233 1513 ῶς
1260 1427 1306 1534 ἐξ

46 1583 86 1626 10
100 1547 258 1653 ἀνάγκης
289 1558 395 1637 τοῦτο
425 1550 562 1652 παθῶν,
593 1554 614 1635 6
642 1551 748 1639 αὑτός
775 1550 814 1634 δὲ
841 1552 906 1633 οῦκ
933 1551 1036 1633 ἔσται
1064 1549 1114 1652 μή
1141 1550 1303 1654 τηρήσας

99 1671 190 1776 ὅπερ
206 1670 253 1774 ἦν
269 1674 315 1782 ἐξ
329 1675 455 1779 ἀρχῆς.
492 1681 522 1755 εί
540 1674 701 1757 δὲταῦτα
719 1676 868 1758 ἀτοπον·
904 1676 946 1758 τό
968 1674 1040 1780 γάρ
1063 1678 1302 1756 ἀλλοιοῦσθαι

98 1799 165 1896 τής
191 1797 288 1881 θείας
315 1796 461 1903 φόσεως
486 1806 673 1885 παντελῶς
700 1799 908 1906 ἀλλότριον·
948 1802 1012 1881 οὐκ
1040 1800 1111 1903 ἀρα
1138 1800 1209 1907 ἕξει
1236 1796 1303 1899 τήν

98 1916 309 2019 μεταβολήν
332 1916 399 2018 τὴν
425 1925 473 2005 εἰς
492 1921 615 2025 Λόγον
640 1924 661 2005 6
688 1921 827 2026 Πατὴρ,
846 1925 931 2004 ἀλλ’
953 1923 1056 2004 ἔσται
1082 1920 1212 2026 Πατήρ
1239 1923 1332 2020 ἀεζθ

99 2039 143 2124 τό
161 2041 338 2148 ἄτρεπτον
355 2042 448 2148 ἔχων
465 2047 524 2125 καὶ
541 2047 790 2129 ἀναλλοίωτον
807 2050 856 2132 ῶς
875 2044 978 2131 Θεός.

50 2307 88 2369 τ5
370 2285 472 2353 ’Λλλο
494 2289 534 2358 ῶς
554 2290 587 2355 ἐκ
609 2294 661 2355 τοῦ
684 2290 784 2370 αὐτοῦ,
807 2296 1029 2375 διηγηματικῶς.

103 2475 109 2483 “
156 2449 253 2532 Θεόν
270 2449 443 2551 ἀληθινόν
460 2452 498 2531 ἐκ
517 2456 613 2533 Θεοῦ
633 2451 779 2556 Πατρός
797 2455 970 2553 ἀληθινοῦ
993 2449 1179 2560 πεφηνότα
1203 2455 1296 2531 δεικ·

100 2573 195 2655 νόων
223 2573 349 2655 ἔαυτόν
378 2576 399 2655 6
430 2574 639 2678 Μονογενής
671 2584 736 2656 τοῦ
768 2580 864 2656 Θεοῦ
893 2574 1012 2678 Λόγος
1044 2609 1084 2655 τε
1116 2577 1174 2655 καὶ
1201 2573 1300 2675 Υἱός,

101 2706 123 2746 “
140 2695 280 2795 Πάντα,
300 2701 428 2805 φησὶν,
445 2696 517 2779 όσα
542 2699 613 2805 ἔχει
637 2700 658 2778 6
679 2697 807 2803 Πατήρ
831 2698 899 2799 ἐμά
923 2701 1053 2779 ἐστιν·”
1089 2702 1173 2779 ἀλλ’
1194 2701 1300 2779 εἶκαὶ
1344 2714 1416 2794 Ῑιῷι

98 2819 247 2902 πάντων
277 2823 357 2902 ἐστὶ
390 2826 463 2901 τῶν
494 2823 644 2903 ἐνόντων
670 2826 723 2931 τῷ
753 2825 872 2926 Πατρὶ
907 2828 1070 2929 φυσικῶς
1101 2819 1300 2922 ἰδιωμάτων
1344 2797 1396 2832 m
1410 2791 1448 2843 ¹⁵⁸

48 2977 86 3018 20
99 2943 323 3048 κληρονόμος
341 2946 362 3025 6
379 2942 477 3041 Υἱός,
497 2948 545 3030 ῶς
563 2948 606 3053 ἐξ
623 2947 731 3029 αὐτοῦ
748 2944 839 3025 κατὰ
856 2946 970 3052 φύσιν
988 2946 1169 3050 ὑπάρχων·
1199 2947 1301 3027 ἀλλά

99 3101 143 3171 γε
171 3065 214 3149 τό
242 3064 328 3148 εἶναι
359 3066 490 3170 Πατήρ
517 3069 584 3173 οὐχ
612 3069 682 3177 ἕξει
709 3068 809 3150 ποτέ·
845 3071 903 3148 καὶ
931 3077 1037 3149 τοῦτο
1063 3067 1136 3172 γὰρ
1163 3068 1202 3148 ἓν
1227 3075 1330 3150 τῶνα
1373 3089 1467 3150 οιΑ.

100 3191 314 3294 προσόντων
331 3196 383 3299 τῷ
406 3189 603 3294 γεννήτορι·
637 3199 737 3291 μενεῖ
758 3192 795 3272 δὲ
821 3189 947 3275 όΥίός
972 3189 1111 3275 οὐδενός
1137 3194 1298 3272 ἀποστε·

99 3313 271 3418 ’ροόμενος
301 3319 375 3395 τῶν
402 3313 555 3395 ε’νόντων
582 3319 634 3423 τῷ
667 3317 797 3419 Πατρὶ,
824 3313 892 3395 κάν
920 3313 971 3416 μή
1004 3319 1125 3416 νοῆται
1156 3313 1298 3418 Πατήρ,

99 3436 220 3519 πάντα
242 3434 280 3516 δὲ
303 3437 395 3543 ἔχων
414 3438 452 3517 ἐν
469 3439 584 3548 ἑαυτῷ
607 3439 750 3524 τελείως
774 3437 820 3520 τό
843 3443 907 3538 τῆς
932 3446 996 3521 τοῦ
1013 3438 1158 3543 Πατρός
1176 3439 1301 3525 οὐσίας

48 3581 87 3644 25
102 3560 173 3642 ’ίδια
202 3561 262 3641 καὶ
287 3561 460 3668 ἐξαίρετα.
508 3559 572 3642 τόν
597 3561 705 3644 αὐτόν
728 3561 771 3659 δὴ
800 3571 926 3644 τοῦτον
950 3571 1140 3666 τοιγαροῦν
1164 3565 1222 3642 καὶ
1250 3577 1302 3671 τῷ

102 3683 291 3792 προσώπῳ
307 3693 372 3765 τοῦ
390 3684 535 3788 Πατρός
554 3684 824 3792 ἐφαρμόσαντες
843 3683 965 3787 λόγον,
983 3686 1103 3766 πάντα
1127 3684 1191 3786 μὲν
1209 3687 1302 3791 ἔχειν

101 3806 213 3888 ἀὐτόν
229 3806 277 3887 τό
300 3815 364 3888 τοῦ
385 3812 476 3888 Υίοῦ
501 3814 619 3915 φαμεν
644 3815 817 3916 φυσικῶς,
836 3808 886 3909 μή
909 3807 981 3910 μὴν
1004 3809 1183 3891 δύνασθαί
1203 3844 1301 3907 ποτε,

103 3935 163 4013 καὶ
192 3936 239 4015 εἰς
267 3930 411 4032 νίότητα
439 3935 498 4012 καὶ
525 3938 574 4018 είς
601 3932 642 4014 τό
670 3929 757 4013 εἶναι
786 3934 905 4035 Λόγος
932 3941 1158 4039 μεταχωρεῖν,
1187 3937 1235 4016 ῶς
1263 3932 1301 4013 δὲ

139 4158 247 4283 {nod
260 4159 324 4217 είςλ
374 4159 452 4215 vhoc
464 4159 558 4215 ordine
571 4160 604 4215 B.
694 4174 720 4232 7.
738 4160 830 4218 οὖσίας
842 4161 875 4216 Β.
888 4132 1036 4216 οὖσιόσιως
1048 4159 1100 4215 Ed.
1189 4160 1215 4214 8.
1232 4158 1300 4251 πῶς]

101 4228 175 4284 τί.
275 4243 316 4297 15.
335 4227 431 4353 “6⁰⁰
445 4229 491 4356 Βέ
505 4240 673 4355 οςοιιιοριιισι
686 4248 719 4284 ex
734 4231 800 4286 ΒΕ.
899 4244 940 4302 17.
958 4231 1035 4285 αὐτὸν
1048 4229 1080 4285 Β.
1181 4231 1222 4285 18.
1240 4230 1294 4285 ἀλλ

101 4301 126 4354 εἷ
137 4300 181 4354 καὶ
194 4299 227 4355 B.
239 4299 309 4354 ἀλλὰ
321 4301 362 4354 καὶ
398 4301 453 4355 ecci
490 4302 558 4372 pigr.
569 4300 593 4355 E
614 4341 620 4356 .
633 4301 655 4354 εἰ
667 4301 696 4355 δὲ
710 4301 805 4355 Οοαοι.
817 4300 938 4356 Meliten.
946 4300 1097 4356 Archidiac.
1109 4300 1166 4374 ejus
1178 4299 1211 4354 de
1225 4301 1302 4356 Proc.

103 4370 153 4441 Sp.
167 4369 218 4426 SS.
233 4369 309 4425 Orat.
321 4371 349 4424 ii.
434 4386 477 4426 20.
496 4373 510 4425 6
522 4372 576 4428 υίὸς
588 4372 622 4429 ὣς
634 4371 748 4426 Veccus.
763 4372 857 4427 Const.
872 4371 958 4428 Melit„
971 4371 1006 4430 ὣς
1017 4373 1071 4428 υίὸς
1082 4373 1123 4426 καὶ
1136 4371 1208 4427 1).Ε.
1221 4374 1236 4425 6
1248 4372 1302 4427 υίὸς

100 4439 210 4497 mand.
335 4455 378 4512 27.
395 4441 483 4512 φαμὲν
493 4443 526 4497 τὰ
536 4445 584 4498 τοῦ
594 4443 657 4498 nov
668 4442 776 4498 inverso
787 4440 879 4497 ordine
892 4441 926 4498 Β.
1051 4442 1095 4499 28.
1110 4440 1225 4514 νεολαία]
1238 4440 1254 4510 ἢ
1268 4440 1301 4496 Β.

101 4514 184 4584 λόγος
197 4509 304 4567 Β.Ι).Ε.
315 4513 398 4583 λόγον
410 4510 462 4568 Ed.
