3038 5018
112 294 158 361 vi.
174 312 224 383 15.
277 296 331 363 IN
364 299 679 366 S.JOANNEM.
725 300 820 365 LIB.
845 301 912 367 111.
957 301 1059 367 cAP.
1083 301 1142 367 IV.
1249 303 1314 368 423

113 462 166 562 μὴ
190 467 407 568 προσίεσθαι
434 469 559 568 καλὸν,
578 470 621 549 ἵν’
641 475 690 554 εἰς
717 470 851 569 ἐκείνην
876 472 1098 565 ἀναβαίνωσι
1126 468 1191 569 τὴν
1215 467 1315 571 παρά

115 591 226 669 Θεοῦ·
254 590 410 695 ἀπρεπές
431 592 503 697 γάρ
526 593 637 678 ὅντως
663 594 705 673 τὸ
733 597 771 673 ἐν
794 594 931 678 τούτοις
958 593 1165 699 διαλάμψαι
1184 597 1314 699 φιλεῖν,

113 710 197 796 τοῦς
215 713 252 793 οἵ
266 747 308 817 γε
323 712 415 819 πρὸς
432 718 529 797 θείαν
542 718 741 820 ἐπείγονται
759 715 874 823 χάριν,
887 721 945 797 καὶ
964 717 1077 825 δόξαν
1090 721 1231 823 διφῶσι
1248 716 1315 816 τὴν

116 837 269 916 αιίύνιον.

80 984 101 1047 5
174 963 419 1064 Παραιτητέον
440 973 631 1067 τοιγαροῦν
653 963 718 1064 τὴν
741 966 940 1116 ἐπεροφίας
965 960 1135 1116 ἀδελφὴν
1152 967 1210 1044 καὶ
1236 965 1311 1066 γεί-

116 1114 205 1163 τονα
229 1084 456 1192 φιλοδοξίαν,
479 1123 537 1168 και
562 1089 604 1167 ού
628 1086 725 1168 πολῦ
750 1091 801 1194 τῷ
825 1119 943 1194 μετριρ
967 1095 1039 1167 τῶν
1064 1089 1195 1189 ἐκείνης
1208 1086 1348 1240 ὅρωνδ

117 1209 457 1314 ἀπεοχοινισμένην
507 1214 566 1293 καὶ
592 1210 635 1292 τὸ
663 1212 729 1311 μέν
754 1209 969 1320 ἐπιφανές’
951 1247 989 1291 εν
1016 1218 1102 1318 τιμῇ
1132 1211 1223 1291 κατὰ
1252 1211 1317 1292 τὸν

116 1329 280 1434 παρόντα
303 1335 436 1433 βίον,
414 1371 463 1422 ως
487 1340 631 1416 ἀδικοῦν
652 1335 908 1441 ἀποφύγωμεν,
928 1334 1086 1439 ζητῶμεν
1108 1335 1145 1416 δέ
1170 1342 1317 1434 μᾶλλον

117 1452 160 1534 τὸ
179 1458 218 1536 ἐν
234 1461 449 1541 ταπεινώσει
466 1460 613 1560 σεμνὸν,
631 1469 929 1564 παραχωροῦντες
951 1459 1140 1561 ἀλλήλοις,
1158 1459 1316 1564 καθάπερ

60 1609 104 1653 ιο
117 1577 210 1678 ἡμᾶς
236 1586 294 1662 καὶ
320 1585 341 1663 5
365 1583 538 1734 μακάριος
559 1590 707 1667 Παῦλος
725 1585 895 1664 ἐνουθέτει
915 1582 1032 1686 λέγων
1051 1589 1202 1664 “Τοῦτο
1220 1589 1315 1688 φρο·
1361 1588 1465 1720 {25¹¹-

118 1705 261 1785 “νείτω
286 1708 438 1792 ἕκαστος
461 1711 499 1787 ἐν
517 1710 600 1806 ὑμῖν
618 1709 736 1791 αὐτοῖς
761 1704 781 1786 5
807 1710 865 1785 καὶ
890 1709 928 1785 ἐν
946 1711 1100 1815 Χριστῷ
1121 1708 1258 1808 Ἰησοῦ,
1279 1704 1318 1791 ἀς

119 1837 141 1874 “
159 1830 197 1906 ἐν
214 1837 340 1937 μορφῇ
360 1838 456 1912 Θεοῦ
478 1829 649 1935 ὑπάρχων
668 1833 736 1934 ούχ
759 1829 953 1934 ἁρπαγμὸν
973 1828 1139 1932 ἡγήσατο
1163 1827 1264 1911 τὸ
1231 1866 1319 1911 ειναι

118 1960 142 1998 “
160 1951 225 2032 ἴσα
249 1959 346 2062 Θεῷ,
366 1957 452 2034 ἀλλ’
471 1953 596 2035 ἑαυτὸν
622 1956 774 2035 ἐκένωσε
798 1952 945 2060 μορφὴν
967 1953 1100 2034 δούλου
1125 1953 1263 2053 λαβὼν,
1280 1956 1319 2034 ἐν

120 2083 143 2121 “
158 2075 354 2177 ὁμοιώματι
376 2078 576 2182 ἀνθρώπων
598 2077 796 2180 γενόμενος,
819 2081 877 2157 καὶ
905 2076 1067 2182 σχήματι
1095 2079 1243 2181 εὑρεθεὶς
1271 2083 1319 2164 ὡς

65 2219 104 2281 15
119 2207 144 2245 “
160 2196 348 2303 ἅνθρωπος
379 2202 616 2283 ἐταπείνωσεν
643 2200 780 2299 ἑαυτὸν,
809 2199 996 2304 γενόμενος
1028 2199 1183 2301 ὑπήκοος
1214 2202 1348 2306 μέχριο

119 2332 143 2369 “
159 2321 325 2423 θανάτου,
356 2326 511 2406 θανάτου
547 2324 585 2406 δέ
623 2334 795 2428 σταυροῦ·
840 2325 894 2406 διὸ
932 2329 990 2405 καὶ
1027 2327 1047 2405 5
1081 2323 1175 2410 Θεὸς
1211 2325 1320 2404 αὑτὸν

119 2447 379 2557 “ύπερύφωσε
407 2455 466 2530 καὶ
493 2453 688 2555 ἐχαρίσατο
716 2453 812 2559 αὐτῷ
840 2451 882 2530 τὸ
911 2449 1025 2551 ὄνομα
1056 2446 1098 2530 τὸ
1129 2447 1217 2551 ὑπέρ
1245 2456 1319 2529 πῶν

119 2580 143 2619 “
159 2571 286 2672 ὄνομα.
288 2572 309 2603 ”
347 2576 434 2682 ὁρᾷς
460 2574 556 2658 ὅπως
580 2574 603 2674 ἡ
628 2576 790 2659 ἑκούσιος
816 2576 1031 2660 ταπείνωσις
1057 2570 1227 2678 λαμπρὸν
1247 2573 1320 2678 ἕχει

118 2692 162 2775 τῦ
179 2695 295 2794 τέλος,
313 2731 371 2779 και
361 2696 475 2802 ῥίζα
498 2705 652 2779 πολλῶν
670 2699 754 2798 ἡμῖν
772 2701 920 2801 ἀγαθῶν
935 2698 977 2779 τὸ
999 2698 1142 2801 μέτριον
1160 2696 1317 2804 ἀναφαί-

63 2848 106 2889 20
119 2852 217 2899 νεται
245 2820 437 2924 φρύνημα;
467 2825 505 2903 ἐν
522 2829 648 2928 μορφη
672 2823 739 2921 μέν
761 2822 832 2924 γὰρ
858 2823 1028 2926 ὑπάρχων
1049 2830 1114 2902 τοῦ
1140 2825 1236 2901 Θεοῦ
1262 2825 1321 2901 καὶ

121 2945 267 3047 Πατρὸς
292 2947 544 3026 τεταπείνωκεν
565 2943 691 3025 ἑαυτὸν
712 2947 732 3024 5
757 2944 968 3047 Μονογενὴς
996 2945 1184 3046 ἅνθρωπος
1213 2942 1316 3045 γενό-

118 3101 225 3166 μενος
250 3070 292 3149 δι’
313 3069 418 3168 ἡμᾶς,
439 3067 524 3148 ἀλλ’
546 3074 576 3148 εί
604 3071 662 3148 καὶ
690 3067 849 3173 πέφηνεν
873 3072 912 3149 ἐν
935 3074 1025 3175 τῷδε
1051 3074 1104 3175 τῷ
1131 3067 1202 3174 βίιρ
1230 3064 1355 3165 μετάἀ

119 3189 267 3294 σαρκὸς,
300 3194 384 3273 ἀλλ’
415 3194 478 3272 οῦκ
510 3191 622 3291 ἐμεινε
653 3188 831 3275 ταπεινάς·
877 3192 1061 3295 ἀνατρέχει
1092 3188 1164 3294 γάρ
1197 3196 1244 3273 εἰς
1277 3187 1321 3270 τῦ

120 3316 270 3419 ἀρχαῖον
287 3316 429 3423 ἀξίωμα
454 3319 511 3396 καὶ
538 3322 586 3400 εἰς
612 3315 725 3422 δόξαν
741 3313 808 3414 τὴν
826 3317 1017 3415 θεοπρεπῆ,
1036 3316 1094 3393 καὶ
1119 3318 1150 3394 εί
1174 3312 1322 3415 γέγονεν

64 3462 106 3523 ²5
122 3435 320 3542 ἅνθρωπος.
349 3439 412 3519 τὸν
434 3439 542 3519 αύτὸν
567 3439 611 3539 δὴ
634 3447 763 3519 τοῦτον
786 3437 917 3539 νοήσαι
940 3471 994 3521 τις
1021 3433 1237 3540 τρόπονκαὶ
1263 3436 1321 3544 ἐφ’

121 3560 232 3661 ἡμῶν.
285 3563 371 3643 ὅταν
408 3562 480 3667 γάρ
516 3559 661 3647 ἐαντοῦς
695 3568 769 3644 τῶν
806 3558 976 3643 διακένων
1011 3559 1220 3666 ῦφωμάτων
1257 3567 1323 3640 τοῦ

121 3686 300 3788 παρόντος
324 3688 407 3780 βίον
430 3684 719 3788 κατακομίζωμεν
738 3690 796 3768 καὶ
822 3686 981 3791 ζητῶμεν
997 3683 1045 3765 τά
1063 3683 1223 3783 ταπεινά,
1241 3683 1323 3764 τάτε

121 3805 167 3908 δὴ
185 3808 329 3894 πάντως
347 3814 405 3890 καὶ
424 3806 489 3909 τὴν
509 3810 644 3892 ἀνωθεν
662 3808 960 3908 ἀντικομιούμεθα
983 3806 1105 3914 δόξαν,
1125 3812 1183 3887 καὶ
1208 3813 1255 3891 είς
1279 3805 1322 3886 τὸ

122 3929 209 4012 εἶναι
229 3937 300 4013 θεοὶ
326 3932 420 4013 κατὰ
442 3933 547 4038 χάριν
566 3933 836 4035 ἀναθησόμεθα,
856 3931 938 4013 καθ’
958 3930 1151 4031 ὁμοιότητα
1168 3928 1318 4029 λαμβά-

66 4084 110 4144 30
123 4074 243 4142 νοντες
270 4052 336 4156 τὴν
363 4060 413 4142 ῶς
439 4058 530 4160 πρὸς
558 4055 621 4138 τὸν
648 4061 794 4158 ἀληθῶς
823 4060 881 4136 καὶ
910 4053 1002 4136 κατά
1029 4053 1146 4161 φύσιν
1164 4053 1255 4135 Υίὸν
1279 4052 1353 4136 τὸο

160 4337 186 4377 2.
203 4320 282 4377 ὅντως
293 4338 347 4376 om
361 4320 394 4375 Β.
483 4337 509 4390 3.
527 4320 588 4374 ἀπα
586 4318 760 4392 γονταιΑαδ.
774 4335 877 4373 οοιτοιι
889 4336 922 4373 ex
935 4317 972 4373 D.
1058 4332 1084 4385 5.
1102 4313 1321 4441 τηνῦπεροψίίκι]

122 4391 317 4474 ῦπεροψίανΒ.
413 4390 439 4445 6.
457 4389 572 4446 πολῦΒ.
584 4393 677 4464 πολλφ
690 4388 741 4444 Ed.
839 4389 865 4444 8.
884 4386 1106 4514 ἀποφύχοχενΒ.
1099 4385 1240 4458 .φεύγωμι
1241 4410 1256 4441 r

123 4476 168 4586 ἐγ.
171 4465 217 4589 Βτὸ
229 4463 305 4534 ρήαι
311 4460 583 4604 ργαχιρρξρτᾝρνξᾶ
596 4532 629 4586 Β
642 4530 679 4589 ὠ
691 4461 847 4586 ἐρίγιορφγ
790 4457 862 4532 ρφῇ]
879 4466 908 4525 ÷
924 4462 992 4514 θεοῦ
1085 4457 1137 4530 γὰρ
1149 4467 1320 4536 ςιιαιαριαια
