3038 5018
178 285 302 349 4312
428 352 433 363 ⁸
541 287 580 350 B.
605 285 815 351 CYRILLI
846 284 1134 350 ALEXANDR.
1276 284 1439 365 v.16,17.

238 446 465 552 ἀπαγγέλλει
492 448 720 552 προσελθὼν,
748 450 795 530 ’ότι
824 453 945 544 Ἰησοῦς
976 452 1059 529 ἐστιν
1084 451 1103 528 ὁ
1131 455 1337 549 περιπατεῖν
1365 449 1441 527 ε’πι-

274 572 285 599 Ι
387 578 395 601 2
554 573 564 599 Ι
657 578 665 602 2
720 574 730 602 9
757 585 764 604 e
861 578 869 600 θ
991 575 1032 601 ’Ν
1081 579 1089 598 (
1130 572 1149 590 Ν
1249 580 1264 597 Α
1360 570 1369 599 λ
1401 568 1417 604 ⁹

238 575 352 681 ταξος
377 609 415 654 εν
433 582 626 683 σαββάτῳ,
645 586 721 655 αλλ
751 615 765 656 ο
792 611 938 668 ποιητάς
959 609 1055 654 αοτον
1073 611 1160 677 νγιη.
1201 607 1307 652 τουτο
1332 575 1369 650 δε
1395 606 1442 670 ην

240 696 360 800 ἕτερόν
387 733 422 777 τι
451 706 636 783 ποιοῦντος
669 697 779 796 οὐδέν,
808 697 892 777 ἀλλ’
923 696 946 798 ἢ
978 694 1090 796 μόνον
1121 696 1185 777 τὸν
1215 695 1337 798 ἰατρὸν
1365 729 1437 794 ση-

240 823 439 919 μαίνοντος.
845 835 848 841 ’

192 1042 228 1098 16
244 1035 301 1102 Καί
332 1036 385 1103 διὰ
422 1041 514 1104 τοῦτο
549 1037 685 1105 ἐδίωκον
717 1038 747 1105 οί
773 1037 928 1106 Ἰουδαῖοι
963 1039 1019 1106 τὸν
1047 1039 1185 1118 Ἰησοῦν,
1219 1036 1271 1101 καί
1307 1036 1478 1124 ἐςιίτουνὸ

190 1183 226 1244 17
292 1163 390 1228 αὐτὸν
409 1160 609 1246 ἀποκτεῖναι,
628 1169 677 1234 ὅτι
702 1172 804 1231 ταῦτα
829 1166 933 1233 ἐποίει
957 1167 993 1231 ὲν
1012 1168 1177 1248 σαββάτῳ.
1211 1165 1229 1230 ὁ
1256 1162 1292 1227 δὲ
1311 1162 1441 1226 Ἰιιοοῦι

290 1289 489 1378 ἀπεκρίνατο
516 1287 637 1357 αὐτοῖς.

210 1479 229 1522 0
297 1453 381 1557 Οὐχ
404 1453 526 1553 ἁπλῆν
545 1455 564 1532 ὁ
590 1451 701 1556 λόγος
725 1454 796 1559 ἔχει
820 1457 858 1534 έν
876 1453 1015 1538 τούτοις
1038 1458 1102 1553 τῆς
1118 1454 1300 1533 ’Ῑουδαίων
1317 1484 1438 1553 παρα·

242 1576 338 1661 νοίας
363 1578 429 1675 τὴν
454 1576 641 1684 ἐξήγησιν.
682 1579 723 1657 οὐ
751 1579 823 1681 γάρ
851 1579 905 1659 ὅτι
933 1579 1102 1658 διώκουσι
1129 1575 1250 1676 μόνον,
1273 1576 1358 1654 ἀλλ’
1383 1577 1442 1653 ε’πί

240 1700 316 1779 τίσι
348 1707 455 1779 τοῦτο
486 1702 574 1802 δρᾶν
609 1702 673 1780 οὐκ
705 1704 947 1807 αἰσχύνονται,
981 1699 1237 1799 κατασημαίνει
1273 1697 1387 1779 πάλιν
1420 1700 1503 1776 ὁιο

243 1823 518 1925 Ειίαγγελιστὴς
550 1825 845 1931 ἐμφαντικῶτατα
877 1828 994 1928 λέγων
1016 1824 1098 1906 ’Ότι
1133 1826 1243 1903 ταῦτα
1275 1824 1376 1903 ἐποίει
1410 1824 1442 1902 ἐν

242 1949 433 2055 σαββάτῳ.
485 1947 653 2028 διώκουσι
690 1947 761 2053 γάρ
798 1951 944 2050 ἀμαθῶς
980 1983 1019 2028 τε
1057 1952 1114 2029 καί
1151 1952 1352 2043 δυσσεβῶς,
1391 1949 1442 2030 ῶς

242 2073 475 2174 ἀγαθοεργεῖν
499 2075 537 2151 ε’ν
562 2072 744 2180 σαββάτῳ
772 2082 836 2153 τοῦ
866 2072 975 2173 νόμον
1003 2071 1272 2168 διακωλύοντας,
1299 2074 1347 2154 ῶς
1375 2073 1442 2150 οὐκ

241 2194 325 2303 ε’ξδν
343 2198 454 2276 ε’λεεῖν
476 2230 513 2275 τε
537 2200 596 2277 καὶ
622 2199 870 2300 κατοικτείρειν
891 2195 974 2283 τοὺς
999 2196 1207 2296 κάμνοντας,
1227 2197 1274 2278 ῶς
1301 2192 1436 2273 ἄποδά·

243 2326 384 2399 σασθαι
410 2319 489 2399 δέον
510 2318 575 2400 τόν
599 2325 664 2420 τῆς
688 2321 830 2423 ἀγάπης
856 2322 1004 2422 θεσμὸν,
1022 2322 1085 2400 τὸν
1108 2325 1170 2419 τῆς
1197 2319 1442 2424 φιλαδελφίας
1461 2352 1499 2411 15

209 2443 396 2541 ιΙέπαινον,
424 2443 491 2543 τὴν
517 2449 581 2544 τῆς
608 2443 824 2548 ἡμερότητος
851 2445 967 2552 χάριν·
1012 2449 1071 2526 καί
1098 2445 1137 2524 τί
1160 2443 1231 2548 γάρ
1261 2447 1339 2548 οὐχί
1368 2450 1443 2523 τῶν

241 2569 389 2669 ἀγαθῶν
419 2571 628 2648 ἀποπτῦσαι
663 2569 754 2648 κατὰ
768 2566 969 2654 ’ποικίλους
996 2569 1062 2669 μέν
1089 2570 1164 2674 ε”χοι
1192 2604 1244 2653 τις
1271 2567 1317 2648 ἂν
1344 2571 1438 2648 ἀπο·

243 2691 355 2798 δεῖξαι
373 2690 538 2794 τρόπους,
557 2695 621 2772 οὐκ
640 2690 776 2778 εἰδότας
793 2696 985 2780 Ἰουδαίους
1003 2691 1067 2775 τὸν
1085 2696 1165 2796 περὶ
1187 2693 1229 2772 τὸ
1248 2693 1443 2788 σάββατον

242 2825 307 2895 τοῦ
330 2817 520 2916 νομοθέτου
545 2815 696 2916 σκοπὸν,
715 2816 935 2918 εἰκαιοτάτην
953 2853 991 2898 τε
1019 2819 1101 2897 λίαν
1119 2819 1171 2899 ἐπ’
1193 2819 1288 2925 αὐτῷ
1313 2850 1439 2898 ποιου-

241 2941 367 3040 μένους
385 2938 451 3040 τὴν
470 2939 681 3045 ἐπιτήρησιν
691 2975 702 3039 ;
732 2945 789 3020 καί
809 2940 881 3043 γάρ
900 2945 948 3026 ῶς
965 2940 1071 3025 αὐτὸς
1090 2942 1159 3048 ἔφη
1178 2977 1249 3022 που
1268 2939 1442 3041 Χριστὸς,
1459 2979 1500 3020 20

243 3065 395 3150 ἕκαστος
419 3067 536 3146 αὐτῶν
562 3064 626 3145 τὸν
647 3065 735 3146 ’ίδιον
755 3073 846 3161 βοῦν
865 3065 943 3165 ἤτοι
968 3065 1010 3145 τὸ
1035 3066 1222 3169 πρόβατον
1241 3064 1443 3167 ἀπαγαγὼν

242 3190 399 3295 ποτίζει,
415 3192 473 3270 καί
500 3200 522 3236 “
536 3188 730 3292 περιτομὴν
758 3189 936 3287 λαμβάνει
969 3190 1156 3291 ἅνθρωπος
1187 3192 1226 3269 ἐν
1260 3189 1442 3297 σαββάτῳ

244 3325 265 3360 “
283 3317 341 3394 ἵνα
359 3312 408 3412 μὴ
429 3315 561 3417 λυθῇὸ
586 3311 694 3410 νόμος
715 3314 932 3410 Μωυσέως,”
953 3311 1028 3393 εἰτα
1053 3320 1217 3416 χολῶσιν
1235 3323 1257 3360 “
1272 3313 1327 3393 ὅτι
1354 3312 1444 3393 ὅλον

244 3436 312 3483 ιε’
505 3440 813 3465 ‘⁰⁹¹’
975 3435 1144 3464 ‘’'*
1286 3437 1420 3463 *Μ

284 3443 474 3539 ανθρωπον
497 3472 579 3540 υγιη
607 3472 774 3538 εποιησεν
796 3474 833 3517 εν
855 3446 1046 3546 σαββατῳ,
1091 3441 1149 3516 δια
1175 3447 1322 3536 πολλην
1344 3443 1444 3537 ηθων

213 3561 465 3663 θδυστροπίαν
483 3595 521 3641 τε
548 3563 637 3658 ὁμοῦ
664 3568 721 3641 καί
748 3562 992 3659 ἀπαιδευσίαν,
1011 3559 1090 3640 οὐδὲ
1116 3567 1188 3640 τῶν
1211 3558 1356 3660 ἀλόγων
1378 3563 1444 3641 τὸν
1460 3594 1499 3655 ²5

243 3686 319 3765 κατ’
346 3682 463 3764 εἰκόνα
491 3682 556 3785 τὴν
582 3685 680 3764 θειάν
704 3683 879 3787 γεγονότα
906 3682 1176 3787 προτάττοντες,
1201 3686 1287 3763 ἀλλ’
1313 3684 1444 3792 ἐξεῖναι

242 3807 309 3908 μέν
335 3808 521 3914 πρόβατον
549 3811 659 3887 ε’λεεῖν
687 3806 837 3908 οἰόμενοι
866 3811 938 3889 δεῖν
966 3811 1003 3887 ε’ν
1031 3808 1221 3916 σαββάτῳ,
1248 3812 1305 3887 καί
1333 3818 1445 3908 λιμοῦ

243 3936 302 4013 καὶ
321 3933 432 4040 δίψης
449 3932 696 4013 ἀπαλλάττειν
715 3931 952 4036 ἀνεγκλήτως,
971 3934 1208 4035 παρανομίαις
1232 3931 1270 4012 δέ
1289 3936 1347 4013 καί
1365 3941 1444 4017 ταῖς

282 4182 306 4220 1.
325 4165 447 4234 ἐπιτάξας
459 4163 498 4237 ε’ν]
513 4165 695 4235 ἀντιταξάμενος
708 4166 741 4220 B.
855 4182 881 4235 5.
900 4169 924 4221 οἰ
936 4167 1055 4223 Ἰουδαῖοι
1067 4170 1112 4222 τδν
1124 4167 1226 4236 Ἰησοῦν
1238 4167 1289 4222 hoe
1301 4167 1396 4222 ordine
1409 4167 1445 4224 B.

244 4235 270 4290 6.
290 4238 417 4308 σαββάτῳ
432 4237 463 4292 B.
476 4239 621 4300 σαββάτοις
634 4237 684 4292 Ed.
720 4237 885 4306 Ambiguum
900 4239 936 4292 D.
1073 4241 1099 4293 8.
1119 4240 1146 4293 ἐν
1157 4239 1257 4294 τούτοις
1269 4240 1323 4309 ἔχει
1336 4240 1447 4293 inverso

244 4307 337 4360 ordine
351 4307 386 4360 D.
521 4322 562 4378 15.
580 4309 625 4361 τὸν
638 4309 683 4363 alt.
696 4318 757 4379 post
769 4310 948 4379 φιλαδελφίας
959 4319 993 4364 tr.
1008 4308 1039 4363 Β.
1169 4327 1209 4379 17.
1228 4307 1288 4380 μέν]
1306 4317 1334 4372 -ί-
1350 4308 1396 4363 οὖν
1410 4310 1446 4365 Β.

243 4376 369 4444 ἐπιδείξαι
382 4395 404 4430 ο.
419 4377 503 4431 invito
517 4377 598 4432 Οοιιί.
762 4396 803 4449 19.
822 4402 849 4433 τε
862 4378 934 4451 λίαν]
948 4380 1049 4434 τελείαν
1063 4379 1095 4435 Β.
1110 4380 1212 4449 Migne.
1259 4381 1354 4433 Statim
1368 4381 1397 4433 ἐν
1410 4381 1447 4436 Β.

243 4446 397 4516 ποιουμένου
411 4447 443 4502 Β.
575 4465 617 4503 21.
636 4447 731 4520 αἰτῶν]
745 4451 835 4503 ἑαυτὸν
850 4450 881 4503 Β.
1020 4468 1062 4518 24.
1081 4453 1205 4518 πεποίηντο
1222 4450 1252 4504 Β.
1266 4451 1356 4505 invitis
1371 4451 1448 4508 Catt.

314 4516 506 4588 προστάττοντες]
521 4519 548 4574 ἕν
560 4518 611 4592 ἴσῳ
623 4521 756 4575 τάττοντες
769 4520 838 4574 Catt.
