3038 5018
72 293 228 380 iii.9,1o.
274 295 332 358 IN
363 295 396 358 S.
421 294 676 359 JOANNEM.
724 294 818 358 LIB.
843 295 890 357 ΙΙ.
936 295 1089 358 CARI.
1208 297 1268 356 221

73 467 138 537 τοῦ
171 460 370 563 μυστηρίου
402 458 465 538 τόν
496 458 620 557 τόπον,
650 463 708 540 καί
739 461 836 566 φησί
865 466 910 540 Τό
940 463 1075 565 πνεῦμα
1104 461 1202 538 τουτί
1230 455 1272 536 τό

73 580 268 683 ἐγκόσμιόν
287 617 326 662 τε
344 588 402 663 καί
421 583 575 687 ἐναέριον
592 591 756 686 περιπνεῖ
774 584 838 683 μίν
857 583 948 685 όλην
965 581 1032 683 τὴν
1050 579 1270 682 οίκουμέιογν,

75 711 132 786 καί
166 707 316 810 ὅποιπερ
352 706 396 787 ἀν
428 708 605 805 βούληται
634 706 839 812 διαδραμὸν,
872 705 995 815 κτύπῳ
1025 704 1124 815 μόνῳ
1156 704 1273 809 παρόν

75 832 297 930 σημαίνεται,
326 835 384 911 καί
417 831 644 912 διαλανθάνει
676 830 740 932 μίν
768 830 832 912 τὸν
862 829 1031 912 ἁπάντων
1061 829 1270 935 ὀφθαλμόν,

42 959 198 1059 εαῦραις
225 956 263 1035 δέ
289 963 364 1040 τοῖς
388 956 539 1054 σώμασι
564 955 798 1040 λεπτοτάταις
820 964 1082 1055 πρυσυμιλοῦν,
1100 953 1273 1054 αἴσθησίν

75 1115 156 1160 τινα
173 1085 237 1180 τῆς
254 1079 404 1178 ἐνούσης
423 1082 518 1187 αὐτῷ
540 1084 697 1186 φυσικῆς
722 1081 896 1183 ἐνεργείας
921 1081 1069 1180 ἐνίησιν·
1101 1081 1194 1159 οὕτω
1211 1112 1273 1177 μοι

77 1204 156 1300 νόει,
181 1209 286 1310 φησί,
310 1208 368 1284 καὶ
397 1203 462 1304 τὴν
490 1202 548 1284 διά
573 1207 767 1309 Πνεόματις
796 1203 1045 1304 ἀναγένυησιν,
1071 1206 1110 1282 ἐκ
1137 1209 1308 1305 μικρῶνό

77 1327 376 1429 παραδειγμάτων
395 1330 454 1407 ἐπί
476 1326 523 1407 τά
545 1327 649 1430 μείζω
675 1325 1015 1432 χειραγωγούμενος,
1038 1330 1095 1405 καί
1114 1327 1273 1429 καθάπερ

75 1454 114 1529 ἐν
131 1450 237 1531 είκόνι
255 1457 307 1558 τῷ
324 1451 555 1553 παροισθέντι
573 1452 673 1558 λόγῳ
691 1450 737 1529 τά
756 1451 843 1556 ῦπέρ
861 1442 1037 1550 αἴσθησιν
1055 1455 1194 1532 ἐννοῶν.

23 1764 62 1802 ιο
126 1735 302 1823 Ἀπεκρίθη
333 1734 515 1811 Νικόδημος
543 1735 596 1800 καί
623 1729 712 1800 εἶπεν
740 1737 830 1820 αὐτῷ
855 1736 931 1800 Πῶι
959 1734 1093 1800 δύναται
1119 1737 1218 1799 ταῦτα
1286 1759 1305 1815 9

257 1861 402 1934 Γενέσθαι
414 1891 423 1941 ;
462 1859 621 1948 ἀπεκρίθη
644 1860 772 1927 Ἰησοῦς
800 1861 853 1926 καί
880 1855 970 1926 εἶπεν
997 1860 1094 1944 αὐτῷ.
1289 1889 1326 1930 ιο

134 2055 252 2137 Οῦδέν
277 2060 297 2136 ό
324 2057 461 2161 μακρός
485 2057 657 2162 ῶφίλησε
683 2056 793 2160 λόγος
820 2057 884 2137 τόν
907 2060 948 2137 οῦ
974 2066 1122 2136 νοοῦντα
1148 2058 1270 2154 μηδέν.

78 2178 200 2286 σοφόν
218 2182 281 2261 οῦν
299 2181 369 2284 ἀρα
395 2179 437 2261 τῦ
466 2185 504 2260 ἐν
520 2186 644 2288 βίβλῳ
662 2189 860 2284 παροιμιῶν
879 2180 1061 2284 είρημένον
1080 2194 1101 2228 “
1118 2187 1180 2263 Είς
1199 2176 1274 2259 ῶτα
1318 2175 1367 2307 ξπ
1380 2190 1439 2226 m.

78 2316 100 2351 “
118 2303 337 2384 ἀκουόντων”
358 2307 474 2385 λάλει·
503 2308 561 2384 καί
583 2314 689 2386 τοῦτο
713 2306 772 2386 διά
793 2306 916 2408 πείρας
935 2304 1065 2405 ἀληθές
1086 2300 1126 2383 όν
1144 2303 1303 2411 ἐδειξενι

25 2431 98 2518 ι5ό
132 2427 270 2531 Σωτὴρ,
300 2431 414 2510 τόπον
445 2429 529 2530 ἡμῖν
558 2427 684 2509 ἑαυτόν
714 2432 781 2509 κάν
809 2430 923 2538 τούτῳ
954 2427 1083 2512 διδούς.
1136 2427 1206 2535 ἔξω
1237 2428 1274 2509 δέ

77 2552 221 2636 πάντως
243 2557 307 2652 τῆς
331 2556 387 2633 ἐπὶ
410 2558 463 2659 τῷ
484 2551 534 2653 μὴ
559 2551 735 2632 δύνασθαι
759 2554 893 2632 πείθειν
910 2555 1023 2636 αίτίας
1049 2551 1275 2632 δ’διδοίσκων

78 2677 243 2772 κείσεται,
277 2674 392 2778 λέγων
423 2675 488 2774 μέν
519 2674 624 2759 αῦτός
662 2673 753 2779 όίπερ
792 2676 835 2755 ἀν
866 2676 958 2782 ἔχειν
989 2676 1104 2776 οἴηται
1136 2683 1271 2772 καλῶς,
1334 2674 1344 2687 “
1405 2733 1407 2737 >

78 2800 233 2907 ὠφελῶν
251 2799 289 2879 δέ
307 2799 417 2900 μηδέν
435 2798 492 2879 διὰ
510 2797 552 2879 τό
571 2806 643 2879 τῶν
661 2799 894 2904 ἀκροωμένων
913 2800 1107 2901 δυσμαθές.
1149 2799 1274 2884 ἄλλως

78 2957 116 3003 τε
145 2927 202 3002 καὶ
232 2923 290 3002 διὰ
317 2922 444 3003 τούτου
469 2920 707 3024 μανθάνομεν,
731 2934 752 2971 “
771 2923 826 3003 ότι
854 2923 1023 3026 πώρωσις
1051 2921 1123 3003 ἀπὸ
1147 2921 1274 3026 με’ρους
1320 2921 1438 3049 ἕξω

23 3088 65 3128 οο
80 3057 102 3095 “
120 3049 265 3150 γέγονεν
284 3053 334 3155 τῷ
350 3045 541 3150 Ἰσραήλ.”
579 3050 669 3152 ἀκοῇ
687 3046 758 3150 γὰρ
777 3048 974 3145 ἀκούοντες,
994 3049 1035 3126 οῦ
1054 3054 1233 3128 συνιᾶσιν.
1321 3069 1445 3133 Emo-

1288 3221 1307 3260 ο
1327 3207 1389 3261 140
1402 3205 1444 3259 Δ.

128 3342 173 3406 Σὺ
201 3335 232 3407 εἶ
257 3344 275 3408 ό
302 3340 499 3408 διδάσκαλοι
526 3347 582 3408 τοῦ
605 3343 750 3431 Ἰσραήλ,
778 3342 831 3407 καί
857 3345 956 3409 ταῦτα
982 3343 1020 3407 οὐ
1049 3340 1234 3423 τινὼσκειι;

134 3539 207 3646 Ἐξ
231 3537 308 3622 ἐνὸς
341 3536 500 3623 ἅπαντας
531 3539 671 3644 ε’λίγχει
703 3540 724 3617 ὁ
753 3538 926 3643 Χριστὸς,
955 3538 1102 3638 ὀνόματι
1134 3536 1200 3636 μέν
1226 3549 1278 3643 τῷ

80 3665 325 3769 διδασκαλικῷ
362 3662 685 3765 τεριηνθισμένους,
721 3667 780 3742 καὶ
817 3664 1050 3761 νομομαθείας
1091 3661 1280 3766 ὑπόληψιν

80 3787 345 3895 ἠμφιεσμένους
370 3785 519 3888 γυμνὴν,
542 3788 773 3870 ἀπαιδευσίας
798 3785 836 3866 δέ
865 3784 1053 3866 ἀνάπλεων
1076 3793 1277 3890 φοροῦντας

21 3942 65 4000 4σ5
79 3910 143 3991 τόν
162 3920 257 4009 νοῦν,
276 3915 335 3990 καί
358 3911 517 3989 συνιίναι
542 3908 753 4007 δυναμένους
777 3909 879 3990 οῦδέν
898 3916 969 3988 τῶν
988 3909 1128 4012 ὅσαπερ
1150 3905 1278 3991 αῦτοῦς

77 4036 148 4139 οὐχ
166 4034 262 4117 όπως
280 4036 389 4139 ἐχρῆν
407 4032 669 4140 ἐξεπίστασθαι
689 4032 807 4131 μόνον,
827 4034 911 4113 ἀλλ’
932 4034 1000 4134 ἤδη
1024 4031 1200 4111 δυ’νασθαι
1219 4031 1278 4110 καί

118 4272 142 4309 2.
160 4256 207 4322 τὴν
218 4262 386 4322 assumptum
399 4270 431 4307 ex
445 4253 517 4308 B.D.
707 4268 732 4322 5.
752 4250 875 4321 αἴσθησίν
885 4276 942 4307 τινα
953 4257 999 4323 τῆς
1011 4252 1117 4321 ἐνούσης
1128 4250 1210 4323 αὐτῷ]
1223 4253 1278 4307 τοῖς

81 4322 467 4415 ἐνοῦῳινσῦτῷαίσθησίντινα
482 4324 513 4376 Β.
544 4395 555 4410 .
591 4395 597 4414 ,
636 4321 950 4414 7·J⁷'e¹‘³‘f²]³“³,f31⁹3·
1072 4340 1112 4377 12.
1130 4323 1162 4413 ρῦ
1174 4339 1228 4410 οιη.
1243 4321 1276 4376 Β.

83 4408 124 4484 15.
144 4396 234 4449 εαυτόν
245 4411 299 4448 om.
314 4394 346 4449 B.
468 4393 508 4448 16.
527 4417 571 4463 της
583 4395 625 4450 επὶ
637 4393 687 4466 τῳ]
701 4416 740 4450 τις
752 4416 792 4448 ιπι
805 4394 935 4519 τουτῳὶΒ.
1061 4411 1103 4465 19.
1121 4394 1173 4447 από
1184 4413 1278 4462 μιροντ

78 4489 185 4539 γεγονεν
196 4465 248 4519 hoc
260 4463 353 4518 ordine
368 4464 399 4517 B.
559 4482 602 4520 το.
621 4468 816 4537 §antummum
829 4482 862 4519 ex
1069 4478 1112 4536 τε.
1131 4465 1230 4521 συνίναι
1243 4462 1277 4518 B.

81 4539 123 4592 26.
144 4534 331 4606 ίξεπίστασθαι
345 4534 377 4590 Β,
391 4535 547 4590 ἐπίστασθαι
561 4535 612 4591 Ed.
