3038 5018
99 293 152 359 vii.
165 311 217 380 52.
293 296 352 361 IN
383 296 693 361 S.JOANNEM.
739 296 834 362 LIB.
850 296 893 362 V.
938 297 1110 364 cAP.11.
1236 297 1299 361 709

98 462 177 563 ρίας
205 465 280 542 κατ’
304 462 429 542 ούδένα
456 462 701 566 ἐπενεγκόντες
728 463 876 567 τρόπον.
924 466 1047 543 ἐκεῖνοι
1075 463 1140 560 μέν
1167 460 1213 541 τά
1241 458 1300 541 διά

99 589 265 687 Χριστοῦ
282 583 458 679 λαβόντες
477 586 653 687 θαύματα,
673 592 730 667 καὶ
749 585 991 689 συλλέγοντες
1012 585 1081 686 ήδη
1104 620 1182 670 πως
1208 583 1300 664 κατά

98 707 220 814 βραχὺ
237 709 304 810 τῆν
322 710 374 790 ἐπ’
395 711 491 818 αάτφ
508 710 645 806 πίστιν,
661 708 749 790 ποτέ
765 709 832 808 μέν
850 710 1013 814 ἔφασκον
1031 719 1054 756 “
1068 711 1117 788 Ὀ
1135 707 1300 811 Χριστὸς
1344 711 1449 838 2331·

101 841 123 878 “
141 830 228 911 όταν
246 830 348 938 ἐ’λθη,
366 831 417 933 μή
445 867 479 913 τι
506 835 658 915 πλείονα
685 841 817 933 σημεῖα
846 832 918 939 ἔχει
945 837 1095 932 ποιῆσαι
1123 829 1174 912 ῶν
1197 833 1300 917 οὗτος

68 963 122 1025 5“
141 957 309 1056 ἐποίησεν
321 958 352 1051 ;”
386 954 474 1037 ποτέ
501 956 538 1037 δέ
565 956 678 1038 πάλιν
704 961 768 1056 τῆς
800 958 911 1041 ούτως
938 957 1047 1060 ὀρθῆς
1073 953 1300 1063 ἐξελκόμενοι

100 1078 255 1180 γνώμης,
293 1079 366 1161 ἀπὸ
403 1078 514 1180 μόνης
551 1078 787 1186 ἐσφάλλοντο
823 1084 887 1179 τῆς
924 1078 1088 1184 Ναζαρὲτ
1126 1077 1218 1182 πρὸς
1253 1085 1330 1183 τῇς
1346 1108 1386 1160 τι.
1398 1119 1440 1171 41.

101 1205 310 1284 Γαλιλαίων
339 1202 507 1306 κειμένης,
536 1206 574 1283 ἐν
601 1201 624 1310 ᾖ
656 1203 894 1310 ἐντεθράφθαι
923 1203 986 1284 τὸν
1011 1203 1146 1308 Κύρων
1172 1203 1196 1302 ἡ
1223 1204 1300 1283 θεία

100 1326 294 1430 διαγορεύει
319 1327 457 1433 γραφή·
493 1328 657 1434 ἐφασκόν
674 1362 713 1408 τε
738 1325 797 1407 διά
821 1337 928 1407 τοῦτο
947 1339 967 1376 “
984 1326 1051 1426 Μὴ
1075 1324 1148 1428 γάρ
1172 1327 1211 1405 ἐκ
1237 1329 1300 1424 τῆς
1345 1333 1439 1462 2:⁴¹2

101 1459 124 1496 “
143 1451 342 1535 Γαλιλαίας
361 1452 381 1530 ὁ
400 1449 564 1555 Χριστός
582 1451 742 1556 ἔρχεται,
775 1452 855 1556 οῦχὶ
880 1451 903 1550 ἡ
927 1448 1052 1557 γραφὴ
1074 1446 1171 1530 εἶπεν
1189 1447 1245 1529 ότι
1262 1451 1301 1530 ἐκ

50 1593 88 1635 10
102 1582 124 1619 “
141 1571 349 1676 σπέρματος
368 1579 502 1656 Δαυεὶδ
528 1578 586 1654 καὶ
612 1574 684 1656 ἀπὸ
710 1573 887 1673 Βηθλεέμ,
905 1578 969 1674 τῆς
995 1572 1115 1675 κῶμης
1140 1572 1232 1652 όπον
1255 1570 1301 1673 ἦν

101 1707 123 1743 “
141 1700 286 1794 Δαυεὶδ,
309 1699 328 1777 ό
354 1696 519 1801 Χριστός
546 1697 683 1802 ἔρχεται
697 1698 731 1794 ;”
764 1702 796 1777 οἱ
825 1697 863 1777 δέ
889 1694 1012 1778 πλατύ
1039 1703 1217 1800 γελῶντες
1243 1699 1301 1777 ἐπὶ

100 1827 178 1903 ταῖς
212 1828 285 1901 τῶν
322 1820 446 1920 δήμων
482 1823 739 1920 ἀπαιδευσίαις,
776 1821 974 1925 ἐπαράτους
1013 1820 1051 1902 δέ
1094 1820 1153 1902 διά
1195 1829 1302 1903 τοῦτο
1347 1848 1440 1915 lb.49.

101 1952 293 2029 καλοῦντες
321 1942 460 2043 αύτούς,
484 1949 548 2044 τῆς
575 1945 716 2025 ἐκείνων
743 1947 889 2047 ἀγνοίας
916 1947 980 2026 οῦκ
1008 1943 1105 2045 ἦσαν
1132 1948 1171 2026 ἐν
1198 1948 1297 2045 ἀμεί-

102 2100 216 2147 νοσιν.
272 2066 349 2150 ἰδοῦ
380 2069 452 2172 γάρ
485 2072 542 2149 καὶ
580 2070 684 2148 αῦτοί
718 2078 836 2176 φασιν
865 2069 1043 2180 Ἐρεύνησιι
1077 2076 1137 2149 καὶ
1173 2070 1223 2149 ἵε
1253 2071 1301 2150 ’ότι

52 2211 89 2273 15
103 2193 268 2297 προφήτης
293 2194 333 2275 ἐκ
357 2192 414 2287 τῆς
438 2195 639 2279 Γαλιλαίας
664 2198 722 2273 ιῦιι
747 2193 936 2303 ἐγήγερται.
1314 2193 1337 2259 d

159 2315 266 2396 Εἴποι
283 2315 318 2397 δ’
338 2317 383 2397 ἀν
398 2351 453 2401 τις
476 2313 567 2420 πρὸς
594 2312 722 2401 αῦτοῦς
746 2317 804 2396 ἐπὶ
822 2317 961 2401 τούτοις
979 2313 1140 2417 εὐλόγως
1158 2348 1300 2414 κεκινη-

102 2435 207 2533 μένος
232 2436 285 2520 Ὦ
317 2440 360 2521 τὸ
393 2448 493 2520 νικάν
525 2443 563 2520 ἐν
594 2441 810 2547 ἀπαιδευσίᾳ
840 2449 1136 2545 παραχωροῦντες
1168 2440 1300 2537 ούδενὶ,

103 2560 265 2645 ἀτευκτοι
294 2567 352 2644 καὶ
381 2567 548 2667 σκληροὶ,
577 2571 649 2645 ποῦ
679 2568 743 2664 τῆς
776 2563 942 2665 ῦμετέρας
971 2562 1107 2667 ὀφρύος
1136 2563 1305 2669 καύχημα

104 2689 239 2791 σοφίας
257 2687 355 2792 ἴχνος
373 2689 411 2767 ἐν
431 2689 533 2787 ύμῖν,
564 2695 636 2769 ποῦ
655 2687 693 2767 δέ
713 2693 787 2772 τοῖς
806 2686 1087 2786 νομομοθέσινὴ
1111 2687 1304 2790 πρέπουσα

51 2845 90 2885 ιο
103 2809 274 2905 σύνεσις;
306 2812 347 2890 οῦ
372 2810 444 2913 γάρ
468 2809 654 2913 ἐνδοιάζειν
676 2813 784 2915 ἐχρῆν
807 2812 865 2890 ἐπὶ
889 2816 941 2918 τῷ
967 2815 1108 2914 Σωτῆρι
1133 2815 1301 2916 Χριστῷ,

104 2935 382 3015 καταπείθεσθαι
407 2934 444 3014 δέ
468 2941 614 3032 μᾶλλον
632 2934 732 3014 ούδέν
752 2934 848 3017 όλως
872 2935 1131 3033 ἀναδυομένους
1148 2939 1201 3042 τῷ
1219 2940 1304 3042 Θεῶ

103 3060 162 3136 καὶ
183 3061 302 3162 Πατρὶ
326 3059 471 3159 λέγοντι
495 3061 575 3163 περὶ
600 3059 710 3137 αὐτοῦ
734 3054 825 3160 πρὸς
850 3056 914 3137 τὸν
931 3055 1036 3160 ἀγιον
1053 3059 1228 3155 Μωυσέα,
1247 3057 1303 3139 ότι

104 3191 127 3227 “
147 3182 349 3289 Προφήτην
385 3183 503 3266 αὐτοῖς
547 3181 745 3281 ἀναστήσω
787 3184 826 3261 ἐκ
869 3187 941 3260 τῶν
978 3185 1149 3286 ἀδελφῶν
1185 3183 1303 3262 αὐτῶν
1346 3182 1468 3300 ἓξὲἱῇχ

104 3314 126 3351 “
144 3302 269 3409 ῶσπερ
296 3307 376 3386 σε.”
418 3304 461 3385 τό
494 3305 535 3385 δέ
561 3308 628 3385 Ἐκ
661 3311 734 3385 τῶν
761 3306 931 3412 ἀδελφῶν
958 3307 1085 3402 αὐτῶν,
1113 3311 1191 3389 πῶς
1222 3306 1332 3409 ούχὶο

53 3448 90 3508 ²5
104 3427 246 3513 πάντως
285 3426 372 3508 εἶναι
412 3433 504 3535 χρῆν
540 3433 579 3509 ἐκ
621 3435 694 3509 τῶν
729 3426 912 3509 Ἰουδαίων
946 3432 1005 3509 καὶ
1040 3429 1085 3536 ἐξ
1117 3427 1299 3532 Ἰσραήλ,

105 3551 277 3632 ἀλλωστε
307 3559 380 3632 τῶν
406 3552 472 3652 μέν
499 3551 651 3655 θύραθεν
679 3553 721 3631 οῦ
750 3550 925 3652 δεήσεσθε
955 3552 1175 3657 κατηγόρων,
1204 3554 1304 3632 αὐτοὶ

105 3675 143 3754 δέ
173 3674 216 3755 δι’
247 3679 381 3757 ἑαυτῶν
409 3680 662 3759 ἀσυνετοῦντες
694 3674 1020 3782 ἐξελεγχθήσεσθε.
1071 3675 1303 3760 διδάσκοντος

144 3920 168 3958 1.
187 3902 246 3975 μέν]
263 3911 292 3969 †
306 3905 357 3976 γδρ
369 3924 384 3960 e
397 3904 455 3960 cat.
469 3903 541 3959 Aub.
624 3920 649 3958 2.
668 3906 785 3973 Χριστοῦ
798 3903 830 3957 Β.
846 3902 935 3958 Holst.
948 3905 1064 3973 Χριστόν
1076 3903 1129 3960 Ed.
1214 3922 1240 3976 3.
1257 3903 1304 3974 τήν

106 3991 161 4028 om.
175 3973 278 4044 Migne.
371 3976 396 4030 6.
417 3977 533 4065 Ναζαρέτ
545 3992 569 4029 a.
582 3974 701 4043 Ναζαρὲθ
713 3973 765 4030 Ed.
812 3977 844 4042 τῇ
859 3973 917 4027 Ba.
930 3975 977 4042 τὴν
992 3975 1039 4029 Ht.
1055 3974 1107 4031 Ed.
1191 3988 1215 4046 7.
1234 3975 1303 4030 ἐντε·

107 4045 223 4116 τράφθαι
235 4045 359 4100 emendat
372 4047 470 4118 Heyse.
482 4045 638 4116 ετετράφθαι
651 4046 684 4099 Β.
696 4044 840 4116 τετράφθω
852 4061 876 4098 ι.
891 4044 940 4098 Ht.
954 4044 1005 4099 Ed.
1151 4061 1192 4100 11.
1212 4044 1254 4116 δέ]
1270 4051 1301 4110 4

108 4115 232 4186 ἀρχοντες
244 4134 268 4170 ιι.
386 4133 426 4186 13.
446 4119 583 4172 καλοῦντες
593 4115 717 4170 emendat
730 4115 829 4186 Heyse.
841 4116 980 4170 καλοῦντος
993 4114 1026 4170 Β.
1038 4117 1181 4171 λαλοῦντος
1194 4115 1243 4170 Ht.
1255 4118 1304 4170 λα·

108 4187 215 4242 λοῦντες
228 4185 279 4240 Ed.
293 4187 438 4241 clausulam
451 4204 505 4242 om.
518 4204 542 4240 a.
682 4202 722 4251 ¹4·
740 4184 825 4257 αὐτοῦ
840 4186 908 4270 αὐτῇ
922 4185 1024 4256 Migno.
1075 4185 1170 4240 Statim
1182 4188 1267 4268 φασιν
1278 4204 1304 4241 α.

110 4256 212 4328 Migne.
225 4260 309 4328 φησιν
320 4256 392 4311 Aub.
628 4269 667 4323 15.
685 4254 821 4328 προφήτης
834 4255 1234 4326 ἔκιηςγολιλαίαςὶτοαοτδιυε
1247 4256 1304 4313 Ba.

113 4328 154 4380 18.
172 4329 287 4382 ὅτευκτοι
301 4327 334 4382 Β.
349 4327 397 4383 Ηι.
409 4327 511 4382 ἄτακτοι
524 4325 575 4381 Ed.
586 4327 707 4381 ἀπευκτοι
719 4327 831 4400 conjecit
845 4326 942 4398 Ηογςο.
987 4327 1095 4381 Desunt
1111 4327 1191 4382 verba
1208 4328 1236 4381 in
1254 4327 1304 4381 Ni·

110 4398 172 4451 keta
184 4398 361 4453 abbreviante.
449 4415 488 4468 19.
507 4396 519 4452 ί
537 4397 592 4468 νος]
608 4405 637 4463 -Ι-
652 4419 677 4451 τι
689 4416 713 4453 a.
795 4414 837 4452 22.
853 4395 947 4468 αὐτοῦ]
961 4396 1052 4452 τούτου
1064 4415 1088 4451 a.
1172 4414 1214 4463 24.
1233 4399 1263 4452 τδ
1276 4395 1305 4452 δι’

109 4466 154 4521 Ἐκ
170 4475 220 4524 τῶν
234 4469 358 4540 ἀδελφῶν
371 4487 386 4524 e
403 4468 461 4524 cat.
474 4421 557 4523 εάἰάἰς
568 4468 641 4523 Aub.
655 4467 720 4524 ὅπου
738 4469 767 4523 δέ
785 4470 830 4522 τὸν
845 4468 873 4522 ἐκ
890 4469 1002 4524 τῦνῶδε
1016 4467 1073 4541 [όδε
1086 4466 1169 4541 Cod.]
1183 4469 1306 4541 ἀδελφῶν

111 4538 144 4595 Β.
251 4555 293 4611 25.
312 4540 363 4612 χρῆ
374 4558 400 4597 a.
445 4538 553 4612 Ἰσραήλ
568 4538 601 4594 Β.
612 4538 783 4610 Ἰερουσαλήμ
795 4539 844 4595 Ηῑ.
859 4537 910 4595 Ed.
