3038 5018
250 300 315 365 572
553 300 593 364 B.
616 298 825 365 CYRILLI
854 298 1143 365 ALEXANDR.
1352 295 1466 363 vi.⁶8.

250 463 379 567 με’ρους
396 472 469 544 τῶν
486 465 529 572 ἐξ
544 465 697 570 Ἰσραὴλ
724 465 954 566 σημαίνηται.
995 465 1171 570 ὠφείλετο
1196 463 1266 563 μὲν
1286 461 1365 565 γὰρ
1392 469 1467 546 τοῖς

153 622 160 636 ·
189 586 204 635 ’·
251 588 297 696 ἐξ
311 586 463 691 Ἰσραὴλ
483 592 502 669 ὁ
522 587 696 694 Χριστὸς,
715 593 763 674 ὡς
784 590 978 693 ίερωτέροις
991 599 1014 637 “
1026 587 1084 669 διδ
1101 586 1186 673 τούς
1203 586 1393 689 πατέρας”
1409 588 1467 665 καὶ

251 708 316 793 τόν
339 712 459 810 νόμον,
479 716 564 792 ἀλλ’
585 718 878 817 ἐπεισδραμοῦσα
900 713 1037 817 τρόπον
1055 710 1145 811 τινά,
1165 712 1283 792 καίτοι
1308 708 1375 790 διὰ
1400 707 1468 808 τὴν

250 835 396 936 πλάνην
414 838 551 940 άνίερος
576 840 671 918 οὖσα
696 845 770 918 τῶν
794 843 1007 940 ἀλλογενῶν
1031 838 1053 937 ἡ
1078 835 1233 936 πληθύς,
1253 835 1377 942 ἔφαγε
1402 831 1467 915 τὸν

251 960 361 1062 ἅρτου
384 966 449 1060 τῆς
477 961 577 1064 ζωῆς,
595 961 849 1067 συμπαρόντος
877 964 967 1066 αὐτῇ
994 970 1060 1042 τοῦ
1076 963 1219 1056 Δαυεὶδ,
1243 961 1305 1039 καὶ
1333 957 1495 1062 ῶσπερε

250 1084 330 1163 τινὰ
348 1087 463 1166 τύπον
480 1089 779 1190 ἀποπληροῦντος
796 1093 869 1168 τῶν
888 1083 1203 1183 ἀνασεσωσμένων
1220 1083 1268 1191 ἐξ
1282 1080 1463 1185 Ἰσραὴλ,

85 1225 206 1274 &²2²²-
252 1208 339 1309 ὅπερ
358 1213 416 1288 καὶ
436 1211 456 1289 ὁ
478 1210 651 1313 μακάριος
667 1209 829 1295 Ἠσαίας
852 1207 1014 1312 ὀνομάζει
1039 1209 1279 1307 κατάλειμμα.
1321 1209 1465 1287 πολλοὶ

222 1332 322 1436 ογὰρ
341 1334 385 1439 ἐξ
401 1336 519 1414 αὐτῶν
537 1336 801 1414 πεπιστεύκασι
819 1339 872 1439 τῷ
890 1338 1057 1440 Χριστῷ.

322 1460 432 1537 Οὕτω
474 1456 547 1557 μὲν-
577 1458 639 1537 οὖν
676 1457 735 1537 διὰ
772 1462 836 1556 τῆς
877 1458 982 1559 ἁγίας
1022 1455 1195 1560 τραπέζης
1237 1451 1464 1553 νοηθήσεται

252 1583 425 1684 Χριστός.
466 1582 596 1687 λυχνία
623 1581 660 1660 δὲ
684 1580 807 1679 πάλιν,
827 1584 876 1666 ῶς
901 1580 971 1686 ὅλη
997 1581 1198 1685 φαίνωντῇ
1222 1578 1331 1686 οἰκίᾳ,
1349 1605 1512 1657 rom-10

252 1706 330 1784 ε’στι
359 1713 410 1813 τῷ
439 1703 579 1812 κόσμιρ·
623 1716 645 1752 “
663 1703 763 1807 Ἐγὼ
795 1704 866 1809 γάρ
899 1712 969 1804 είμι
1000 1703 1043 1784 τὸ
1073 1710 1153 1810 φῶς
1182 1711 1247 1782 τοῦ
1279 1698 1461 1800 κόσμου,”·

155 1872 160 1882 ·
251 1830 376 1933 φησίν·
406 1829 498 1909 ἑπτὰ
517 1826 555 1908 δὲ
574 1827 656 1914 τοὺς
675 1830 830 1935 λύχνους
848 1831 906 1909 καὶ
926 1830 993 1933 οὐχ
1011 1827 1072 1908 ἕνα
1092 1827 1282 1928 λαμβάνει·
1311 1823 1462 1934 φωτίζει

250 1951 323 2054 γὰρ
354 1951 595 2056 πολυτρόπως
627 1956 684 2033 καὶ
713 1949 899 2059 διαφόροις
926 1953 1218 2054 καταλαμπρύνει
1245 1949 1462 2056 χαρίσμασι

250 2075 314 2161 τὰς
336 2084 408 2155 τῶν
426 2076 671 2157 πιστευόντων
688 2076 824 2182 ψυχάς·
855 2078 1015 2179 γίγνεται
1042 2076 1081 2154 δὲ
1104 2073 1217 2156 πάλιν
1234 2076 1274 2154 ἐκ
1298 2074 1462 2180 χρυσίου

249 2205 418 2302 καθαροῦ,
438 2199 556 2280 διὰτὸ
576 2199 663 2302 ύπέρ
688 2199 827 2283 πάντας
852 2203 910 2280 καὶ
934 2200 1062 2297 τίμιον.
1092 2196 1194 2278 ἀλλὰ
1218 2201 1277 2277 καὶ
1303 2198 1462 2301 στερεὸν
1478 2228 1512 2288 ¹5

249 2324 320 2429 ἔχει
347 2323 411 2403 τὸν
435 2322 582 2405 καυλόν·
614 2327 814 2426 γέγραπται
843 2322 915 2426 γὰρ
943 2325 1049 2403 ούτω·
1085 2321 1245 2405 διάκενον
1262 2320 1350 2424 γὰρ,
1368 2325 1460 2401 ἀλλ’

250 2447 330 2527 οὐδὲ
358 2456 505 2556 κοῦφον,
530 2447 633 2528 οὐδὲν
660 2451 698 2527 ἐν
717 2453 879 2554 Χριστῷ.
917 2447 987 2552 ἔχει
1015 2446 1053 2528 δὲ
1081 2451 1140 2527 καὶ
1167 2447 1270 2549 κρίνα
1298 2444 1362 2526 διὰ
1390 2444 1462 2546 τὴν

81 2582 154 2698 ξω·
168 2582 195 2632 ii·
216 2572 397 2651 δεύωδίαν
415 2570 481 2671 τὴν
499 2574 537 2650 ἐν
560 2574 742 2678 ἁγιασμῷ,
761 2568 854 2650 κατὰ
877 2568 920 2650 τό
939 2582 960 2617 “
973 2568 1074 2673 Έγῶ
1095 2571 1204 2653 άνθος
1226 2576 1291 2649 τοῦ
1317 2573 1461 2669 πεδίου,

99 2683 105 2697 ’
249 2706 271 2742 “
289 2696 409 2796 κρίνον
427 2701 500 2774 τῶν
520 2693 727 2777 κοιλάδων.”
755 2697 814 2774 καὶ
832 2695 935 2774 αὗται
955 2692 993 2773 δὲ
1008 2692 1122 2775 πάλιν
1140 2699 1176 2773 αί
1193 2694 1462 2795 ε’παρυστρίδες

249 2816 312 2901 τὰς
331 2825 404 2898 τῶν
423 2820 527 2899 θείων
545 2817 781 2922 χαρισμάτων
799 2818 971 2923 χορηγίας
989 2820 1218 2919 σημαίνουσι.
1252 2815 1320 2896 δύο
1337 2818 1461 2920 γεμὴν
1474 2846 1512 2890 ιο

249 2943 403 3026 κλάδους
430 2945 560 3023 ἐλαιῶν
582 2945 738 3046 ὁρᾶσθαι
763 2946 844 3045 περὶ
871 2939 981 3041 αὐτὴν
1006 2945 1026 3022 ὁ
1046 2939 1240 3046 ’προφήτης
1265 2944 1461 3046 Ζαχαρίας

249 3069 511 3176 διισχυρίσατο,
529 3066 588 3146 ἵνα
616 3065 679 3145 δύο
708 3070 791 3170 νοῇς
816 3062 898 3148 τοὺς
924 3063 1140 3165 ἠλεημένους
1165 3062 1285 3161 λαούς,
1305 3064 1369 3149 οὓς
1397 3071 1459 3148 καὶ

251 3317 372 3422 Κνρίιρ
390 3321 514 3413 πᾶσης
530 3318 593 3407 τῆς
611 3317 689 3416 γῆς,
701 3316 814 3392 καίτοι
832 3320 913 3414 περὶ
931 3310 998 3411 τὴν
1013 3313 1165 3416 λυχνίαν
1177 3313 1458 3414 τεθεωρημένων

220 3443 321 3520 οτῶν
339 3436 494 3534 κλάδων,
514 3433 781 3540 ἐναργεστάτην
800 3433 982 3542 ἀπόδειξιν
1001 3434 1058 3515 διὰ
1075 3433 1204 3515 τούτου
1219 3436 1454 3536 ποιούμενος,
1472 3472 1511 3534 ²⁵

249 3559 372 3661 ὅτιπερ
399 3562 421 3661 ἡ
449 3560 581 3665 λυχνία
609 3558 782 3662 Χριστὸς,
811 3560 853 3638 δι’
880 3561 1038 3658 ὑπακοῆς
1065 3562 1123 3638 καὶ
1149 3560 1309 3643 πίστεως
1336 3561 1459 3671 ἑαυτῷ

248 3682 490 3783 παραστήσας
523 3683 587 3764 τόν
618 3718 656 3763 τε
689 3683 733 3795 ἐξ
762 3686 874 3763 ε’θνῶν
906 3685 964 3764 καὶ
996 3682 1059 3762 τὸν
1092 3684 1131 3763 ἐκ
1163 3690 1237 3763 τῶν
1264 3681 1458 3767 Ἰουδαίων

248 3804 352 3888 λαόν.

305 3927 396 4012 Εἶτα
429 3930 565 4015 τούτοις
597 3932 752 4033 ἐπιλέγει
783 3930 1022 4035 πολυτρόπως
1054 3933 1138 4032 ἡμιν
1168 3934 1458 4032 κατασημαίνων

283 4149 308 4202 6.
328 4149 384 4203 τινὰ
396 4167 449 4203 om.
464 4158 495 4204 ut
507 4149 561 4204 vid.
576 4149 635 4205 Cat.
648 4152 693 4207 cit.
794 4165 819 4222 7.
837 4152 879 4206 καὶ
892 4162 1061 4222 assumptum
1074 4169 1106 4205 ex
1120 4150 1179 4206 Cat.
1194 4151 1239 4206 cit.
1337 4151 1366 4206 8.
1387 4153 1456 4227 γὰρ]

250 4226 279 4284 †
295 4221 335 4272 καὶ
350 4220 401 4277 Ed.
414 4221 503 4275 invitis
518 4220 549 4276 B.
564 4221 623 4276 Cat.
639 4223 683 4277 cit.
751 4221 848 4276 Statim
861 4223 890 4291 ἐξ
902 4241 956 4276 om.
971 4223 1029 4276 Cat„
1043 4223 1087 4276 cit.
1191 4237 1192 4241 ’
1291 4238 1319 4292 9.
1339 4223 1458 4279 Οὕτω-

247 4293 361 4359 Χριστός
373 4301 541 4346 αςοοςεαταηι
553 4309 585 4346 ex
599 4292 632 4346 B.
752 4310 793 4347 11.
811 4292 862 4364 γάρ
874 4302 1044 4364 assumptum
1057 4311 1089 4347 ex
1104 4293 1137 4347 B.
1258 4306 1301 4364 15.
1320 4295 1364 4348 καὶ
1377 4298 1458 4366 prin·

247 4375 301 4414 om.
316 4359 349 4414 B.
448 4376 488 4431 ιγ.
507 4363 549 4416 καὶ
562 4372 730 4433 assumptum
744 4380 776 4417 ex
791 4363 824 4418 B.
920 4381 960 4431 ιι).
979 4363 1154 4433 παρυστρίδες
1166 4362 1200 4418 Β.
1290 4380 1336 4420 το.
1354 4365 1457 4440 γεμδυ]

305 4428 388 4510 Ἴ.
460 4473 503 4512 22.
522 4455 568 4511 δύο
581 4460 641 4526 νοῇς
653 4457 705 4512 hoc
718 4457 811 4513 ordine
825 4457 857 4514 B.
939 4476 981 4530 ²3·
1000 4458 1267 4528 τῆτΒᾸλςοὺςΕδ.
1343 4477 1391 4533 27.
1411 4466 1460 4520 τὸν
