3038 5018
90 316 197 383 vi.68.
257 320 316 385 IN
346 320 380 385 S.
404 319 660 386 JOANNEM.
706 317 801 385 LIB.
825 317 886 385 1v.
931 318 1034 385 CAP.
1058 317 1118 384 IV.
1221 317 1286 381 563

89 484 126 561 ἐν
142 483 251 589 τάξει.
298 487 384 593 Πρίς
404 487 479 566 τίνα
494 493 684 588 τοιγαροῦν
696 482 967 590 ἀπελευσόμεθα,
982 486 1110 591 φησίν,
1124 485 1202 562 ἀντὶ
1221 488 1285 561 τοῦ

90 610 156 690 Τίς
174 608 267 708 ἡμᾶς
284 607 567 711 μυσταγωγὴσει
585 607 631 689 τὰ
655 606 922 712 παραπλήσια,
956 605 979 709 ἢ
998 610 1057 688 καί
1074 610 1141 686 τίνι
1160 638 1282 710 προσ·

90 728 254 815 ελθόντες
277 730 320 812 τὸ
343 739 500 835 κρεῖττον
522 731 744 837 εὑρήσομεν;
776 735 911 842 ῥήματα
930 731 1014 842 ζωίις
1034 735 1160 812 αἰωνίου
1179 733 1280 828 ἔχεις·

91 854 132 932 οό
150 853 306 957 σκληρὰ,
326 855 487 956 καθάπερ
505 857 630 936 ἐκεῖνοί
649 871 776 964 φασιν,
795 858 880 936 ἀλλ’
901 858 948 940 εἰς
966 854 1008 935 τί)
1025 853 1171 935 πάντων
1189 852 1284 960 ε’ξαί-

57 995 75 1055 5
89 1011 192 1081 ρετον
210 978 444 1084 ἀναφέροντα,
461 980 658 1078 τουτέστιν,
672 986 720 1064 εἰς
737 978 986 1079 ἀκωτάληκτον
1003 985 1061 1058 καί
1079 977 1315 1080 μοικροιίωυαο
1335 996 1404 1052 884
1412 994 1453 1051 A.

89 1102 182 1198 βίον,
196 1104 254 1182 καὶ
272 1109 411 1209 φθορᾶς
428 1103 573 1203 ἁπάσης
592 1103 833 1212 ἐξῳκισμένην
851 1102 955 1207 ζωήν.
984 1106 1096 1202 δῆλον
1115 1101 1153 1181 δέ
1171 1100 1286 1200 δήπου

89 1224 232 1309 πάντως
261 1227 427 1324 ἡμῖνκαὶ
456 1227 516 1307 διὰ
542 1225 677 1308 τοιίτων
699 1227 802 1308 ἔσται
826 1233 899 1308 τῶν
924 1226 1055 1329 λόγων,
1074 1229 1123 1310 ὡς
1149 1227 1199 1305 ένί
1227 1226 1286 1304 καί

90 1348 188 1456 μόνῳ
207 1349 417 1457 διδασκάλῳ
436 1356 492 1432 δεῖ
503 1350 813 1455 προσκαθέζεσθαι
832 1357 884 1460 τῷ
902 1355 1066 1457 Χριστῷ,
1085 1353 1143 1430 καί
1160 1381 1281 1450 προσ·

90 1471 241 1574 εδρεόειν
258 1477 494 1560 ἀδιαλείπτως
519 1510 558 1555 τε
583 1479 641 1556 καί
667 1475 948 1580 ἀπερισπάστως
972 1476 1077 1581 αὐτῷ,
1097 1476 1154 1552 καί
1177 1469 1286 1552 αι’σὸν

40 1626 77 1668 10
90 1604 270 1678 ποιεῖσθαι
297 1597 512 1700 καθηγητὴν,
541 1606 710 1702 ποδηγεῖν
734 1599 851 1680 εἰδότα
879 1605 999 1683 καλῶς
1028 1604 1077 1683 εἰς
1104 1593 1196 1700 ζωὴν
1220 1593 1286 1694 τὴν

92 1723 302 1823 ἀπέραντον.
348 1726 441 1804 οὕτω
473 1721 545 1826 γάρ
574 1727 668 1804 οὕτω
700 1723 758 1804 καί
787 1729 834 1807 εἰς
866 1720 933 1822 τὴν
961 1720 1125 1825 οὐράνιόν
1157 1754 1195 1799 τε
1226 1720 1286 1798 καί

93 1848 190 1925 θείαν
222 1845 338 1946 αὐλὴν
371 1846 640 1947 ἀναθησόμεθα,
672 1849 731 1926 καὶ
761 1853 811 1933 εἰς
847 1844 913 1946 τὴν
945 1852 1018 1926 τῶν
1047 1841 1287 1948 πρωτοτόκων

92 1970 288 2067 ἐκκλησίαν
319 1968 596 2069 εἰσελαύνοντες,
628 1977 702 2056 τοῖς
735 1968 821 2073 ὑπὲρ
853 1978 937 2050 νοῦν
967 1969 1032 2049 τὸν
1063 1967 1321 2070 άνθρῶπινονί)

91 2091 361 2198 ε’ντρυφήσομεν
376 2095 538 2194 ἀγαθοῖς.
578 2092 633 2174 ότι
650 2093 722 2197 γάρ
743 2097 844 2175 ε’στιν
861 2093 1000 2195 ἀγαθόν
1018 2128 1057 2173 τε
1082 2094 1140 2171 καί
1164 2089 1285 2187 σωτή-

41 2246 77 2307 15
92 2250 169 2317 ριον
187 2221 308 2320 χρῆμα
334 2215 376 2295 τί)
401 2217 501 2324 μόνῳ
524 2216 726 2312 βούλεσθαι
750 2223 1027 2298 κατακολουθεῖν
1045 2223 1096 2323 τῷ
1117 2219 1286 2321 Χριστῷ,

93 2345 150 2419 καί
169 2343 265 2449 αἰετῷ
283 2348 441 2422 συνεῖναι
466 2339 524 2422 διοί
544 2342 690 2440 παντὸς,
709 2347 766 2422 καί
791 2341 880 2443 αότί)
904 2340 970 2441 μέν
988 2338 1247 2447 ἀναμφιλόγως
1267 2341 1288 2439 ἡ

92 2473 156 2543 τοῦ
174 2465 387 2566 πράγματος
409 2462 687 2571 πληροφορήσει
711 2466 833 2572 φόσις.
874 2465 974 2546 οὐδέν
993 2461 1031 2545 δέ
1049 2464 1156 2565 ἧττον
1174 2464 1233 2542 καί
1250 2465 1289 2543 ἐκ

92 2593 165 2666 τῶν
182 2588 420 2692 ἀρχαιοτέρων
438 2587 660 2690 γραμμάτων
678 2586 858 2689 εἰσόμεθα.

156 2713 300 2792 Οὐκοῦν
335 2711 394 2792 ὅτε
430 2711 494 2796 τάς
532 2714 740 2815 Αἰγυπτίων
776 2714 986 2820 πλεονεξίας
1022 2711 1290 2811 ἀποδυσάμενοι

41 2866 81 2906 20
93 2833 183 2936 πρὸς
202 2835 268 2932 τὴν
285 2841 348 2932 τῆς
372 2836 591 2937 ἐπαγγελίας
615 2840 685 2938 γῆν
704 2841 736 2916 οἰ
761 2837 805 2943 ἐξ
823 2837 977 2940 Ἰσραὴλ
1001 2838 1204 2939 ἠπείγοντο,
1225 2837 1289 2915 οὐκ

93 2957 266 3042 ἀτάκτους
294 2965 472 3040 ποιεῖσθαι
498 2957 563 3042 τὰς
590 2961 734 3062 πορείας
762 2959 889 3047 αὐτοὺς
915 2958 1055 3041 ἐκέλευε
1081 2957 1290 3051 Θεὸς,οάδέ

93 3079 241 3184 ὅποιπερ
260 3082 305 3162 οἰν
323 3116 377 3166 τις
395 3083 566 3183 ἐθελήσαι
583 3082 772 3186 βαδιζειν
756 3119 777 3163 ο
796 3084 985 3235 νρμοθέτης
1003 3085 1111 3187 ἠφιει·
1142 3095 1284 3184 πλανη-

94 3204 336 3304 θήσεσθαι
292 3241 364 3310 γαρ
381 3205 524 3290 πάντως
542 3209 605 3288 οιίκ
624 3208 772 3312 ἔχοντας
789 3206 853 3288 τόν
871 3206 1067 3310 ἡγούμενον
1085 3208 1149 3289 οὐκ
1169 3208 1286 3313 ἀμφί·

93 3329 258 3423 βολον
236 3364 292 3430 ην.
343 3330 401 3409 διὰ
428 3364 534 3412 τουτο
562 3329 634 3434 γὰρ
664 3330 865 3434 γέγραπται
896 3331 1009 3410 πάλιν
1034 3328 1125 3433 πρὸς
1158 3327 1288 3412 ὑποτεί-

44 3477 213 3538 2ὅπωσιν
239 3453 409 3557 ἡμετέραν
430 3456 469 3534 έν
492 3489 543 3563 τῳ
526 3456 703 3563 βιβλίῳ
727 3462 780 3562 τῷ
804 3457 1012 3563 καλουμένῳ
1036 3461 1110 3534 τῶν
1127 3456 1289 3557 ἀριθμεῖν

93 3587 116 3623 “
137 3580 209 3657 Καὶ
227 3583 272 3682 τῇ
291 3577 405 3685 ἡμέρῳ
428 3575 451 3683 ᾖ
472 3577 607 3678 ἐστάθη
632 3578 654 3677 ἡ
680 3577 808 3678 σκηνὴ,
826 3577 1009 3685 ε’κάλυφεν
1026 3578 1049 3676 ἡ
1067 3573 1204 3683 νεφέλη
1222 3575 1289 3677 τὴν
1366 3667 1383 3677 -

93 3712 115 3748 “
134 3701 282 3801 σκηνὴν,
300 3699 364 3781 τόν
382 3698 478 3781 οἷκον
500 3708 563 3780 τοῦ
587 3703 794 3803 μαρτυρίου·
826 3705 884 3782 καὶ
910 3700 953 3782 τό
981 3702 1136 3803 ἑσπέρας
1162 3699 1207 3801 ἦν
1231 3700 1288 3780 ε’πί

94 3832 116 3870 “
134 3827 199 3923 τῆς
216 3828 354 3924 σκηνῆς
371 3827 420 3907 ὡς
439 3821 528 3906 εἶδος
546 3823 658 3925 πυρός
678 3824 742 3908 ἕως
764 3824 868 3929 πρωί.
911 3826 1022 3908 οὕτως
1046 3826 1206 3926 ἐγίγνετο
1230 3822 1289 3902 διά

94 3957 115 3992 “
133 3944 277 4042 παντὸς,
295 3947 318 4045 ἡ
337 3945 473 4052 νεφέλη
490 3946 688 4026 ἐκάλυπτεν
706 3947 817 4048 αὐτὴν
834 3949 966 4050 ἡμέρας
984 3950 1042 4026 καί
1065 3944 1156 4032 εἶδος
1175 3948 1288 4050 πυρὸς

43 4093 81 4148 30
94 4080 116 4116 “
135 4068 200 4168 τὴν
219 4066 342 4187 νύκτα.
377 4071 435 4149 καί
463 4070 566 4170 ἡνίκα
592 4069 704 4171 ἀνέβη
732 4071 755 4170 ἡ
783 4070 917 4178 νεφέλη
945 4070 1018 4151 ἀπὸ
1046 4074 1109 4170 τῆς
1136 4074 1286 4172 σκηνῆς,

129 4333 155 4384 8.
168 4353 186 4385 π
220 4328 503 4397 σκαθέζεσθαιδεῖνΒ.
575 4348 601 4400 9.
618 4331 833 4387 ἀδιαλείπτωςΒ.
846 4332 1042 4419 ἀπρραλιίπτως
1055 4332 1106 4387 Ed.
1180 4349 1221 4386 ιο.
1236 4331 1286 4404 εἰς]

93 4404 203 4469 πρὸς
319 4417 359 4454 Η
379 4401 421 4455 καί
433 4401 573 4472 priusom.
588 4401 620 4456 B.
735 4417 775 4469 15.
793 4402 1013 4466 βουλεύεσθαιΒ.
1125 4418 1168 4456 21.
1186 4400 1287 4457 ἐκέλευε

94 4481 263 4542 assumptum
275 4489 308 4525 ex
322 4471 354 4525 B.
357 4471 393 4525 D.
512 4487 554 4542 23.
572 4493 666 4544 εχοντο
679 4471 713 4528 B
750 4417 920 4563 5ἀμφίβολον
933 4473 965 4528 Β.
970 4475 995 4528 1)
1008 4491 1126 4544 suprasc.
1138 4496 1154 4526 α
1146 4473 1288 4545 ’φίλογον

96 4543 131 4598 D.
145 4543 196 4597 Ed
305 4559 348 4610 24.
366 4542 417 4615 γὰρ
429 4552 598 4614 assumptum
609 4542 689 4599 0113
798 4561 841 4615 29.
859 4564 901 4599 και
913 4554 1081 4617 assumptum
1093 4496 1173 4600 exis

644 4645 735 4708 4c2
