3038 5018
246 287 311 351 552
548 285 586 349 Β.
611 284 821 349 CYRILLI
852 285 1137 351 ALEXANDR.
1346 282 1391 346 vi.
1405 282 1456 367 63.

213 448 423 554 δένέργειαν
443 449 632 530 ὠδίνουσα.
678 456 788 547 σῶμα
815 448 886 553 γάρ
911 453 991 529 ἐστι
1017 454 1080 549 τῆς
1102 448 1332 553 κατὰφύσιν
1352 448 1456 551 ζωῆς,

248 574 307 653 καὶ
340 574 407 678 οὐχ
435 571 513 657 ἑνός
545 608 641 660 τινος
672 581 745 653 τῶν
777 573 850 655 ἀπὸ
882 578 945 673 τῆς
978 578 1056 674 γῆς,
1086 574 1142 680 ἐφ’
1174 574 1287 675 οῦττερ
1320 569 1371 650 ἂν
1399 574 1458 651 καί

248 694 401 800 ἰσχῦσαι
435 698 575 782 δικαίως
610 697 651 779 τό
679 699 724 778 Ἡ
754 697 840 805 τίιρξ
869 705 927 778 οὐκ
957 702 1086 804 ἀφελεῖ
1111 693 1206 778 οὐδέν.
1255 699 1297 775 οῦ
1329 693 1407 797 γὰρ
1435 695 1457 793 ἡ

249 819 402 901 Παύλου
435 819 556 926 τυχὸν,
585 823 670 902 ἀλλ’
705 822 785 902 οῦδὲ
819 823 841 920 ἡ
876 823 1029 925 Πέτρου,
1060 822 1172 923 ἤγουν
1204 821 1328 921 ἑτέρου
1361 816 1458 901 τινὸς

248 952 354 1024 τοῦτο
388 947 426 1024 έν
458 945 543 1043 ἡμῖν
574 942 779 1048 ε’ργάσετοιι·
823 945 915 1044 μόνη
947 944 985 1024 δὲ
1015 948 1073 1024 καί
1105 944 1292 1051 έξσιρείως
1330 942 1356 1038 ἡ
1393 949 1488 1020 τοῦ5

249 1071 419 1170 Σωτῆρος
444 1069 545 1168 ἡμῶν
563 1074 739 1172 Χριστοῦ,
759 1065 844 1175 ε’νῷ
869 1066 1056 1175 κατῴκησε
1076 1078 1097 1115 “
1110 1074 1183 1147 ττᾶν
1202 1064 1245 1145 rb
1270 1064 1459 1194 ττληρωμα

250 1199 272 1238 “
291 1195 353 1291 τῆς
382 1191 549 1292 θεότητος
576 1194 825 1289 σωματικῶς.”
864 1195 922 1271 καί
950 1190 1021 1295 γὰρ
1050 1189 1095 1270 ἀν
1123 1191 1175 1291 εἴη
1202 1196 1275 1269 τῶν
1303 1192 1456 1269 ἀτοττω-

249 1313 367 1395 τάτων
387 1315 430 1396 rb
457 1314 522 1416 μὲν
547 1315 632 1414 μέλι
660 1323 733 1401 τοῖς
760 1317 824 1394 οὐκ
851 1314 976 1420 έχουσι
1004 1312 1095 1395 κατὰ
1124 1312 1308 1420 φύσιντί)
1338 1312 1459 1414 γλυκὺ

219 1437 316 1540 ατὴν
348 1443 439 1521 ἰδίαν
467 1441 636 1520 ἐντιθέναι
665 1439 849 1537 ποιότητα,
877 1441 936 1518 καί
964 1445 1012 1523 εἰς
1043 1438 1147 1520 ἑαυτὸ
1179 1435 1458 1538 μετασκευάζειν

251 1562 428 1644 δυ’νασθαι
454 1561 508 1661 rb,
526 1560 624 1670 ᾧπερ
651 1560 694 1642 ἀν
712 1564 967 1665 ἀναμίσγηται,
986 1560 1052 1662 τὴν
1070 1563 1107 1642 δὲ
1132 1570 1195 1642 τοῦ
1215 1567 1311 1642 Θεοῦ
1331 1559 1457 1663 Λόγου
1472 1588 1506 1627 10

1113 1684 1124 1711 Χ

251 1685 423 1790 ζωοττοιῦν
446 1685 560 1793 φύσιν
578 1685 628 1787 μὴ
654 1686 873 1789 ἀνακομίζειν
895 1685 1034 1767 οἴεσθαι
1058 1721 1150 1790 ττρος
1175 1684 1217 1766 rb
1242 1685 1332 1765 ἴδιον
1357 1687 1451 1785 ἀγα·

252 1807 333 1904 θῦν,
353 1808 395 1889 τὸ
414 1812 451 1889 έν
470 1805 568 1918 ᾧπερ
585 1809 742 1915 διῴκησε
761 1817 880 1907 σῶμα.
922 1811 1049 1889 οὐκοῦν
1067 1812 1126 1890 ε’ττί
1149 1807 1214 1907 μέν
1232 1815 1304 1888 τῶν
1324 1808 1456 1888 ἄλλων

251 1930 421 2014 ἁπάντων
440 1933 579 2034 ἀληθὴς
606 1933 708 2012 ἔσται
734 1931 855 2036 λόγος,
874 1933 928 2014 ὅτι
956 1938 974 2028 ἦ
1000 1933 1087 2041 σίιρξ
1114 1939 1172 2014 οῦκ
1197 1937 1327 2040 ἀφελεῖ
1351 1928 1453 2012 οὐδέν·

250 2054 419 2157 ἀτονήσει
445 2055 483 2137 δὲ
508 2061 564 2138 έπί
590 2056 701 2156 μόνου
720 2064 896 2160 Χριστοῦ,
916 2057 972 2137 διὰ
999 2058 1040 2135 τὸ
1066 2059 1104 2136 έν
1124 2057 1214 2161 αὐτῇ
1240 2059 1458 2152 κατοικῆσαι

251 2178 317 2280 τὴν
342 2179 444 2284 ζωὴν,
466 2181 632 2262 τουτέστι
660 2180 723 2261 τὸν
741 2186 947 2283 Μονογενῆ.
990 2188 1131 2278 πνεῦμα
1159 2179 1204 2260 δέ
1225 2186 1342 2286 φησιν
1368 2181 1454 2258 ἑαυ-
1475 2208 1509 2266 15

82 2304 206 2370 Supraiv.
252 2303 325 2386 τόν·
351 2317 372 2354 “
384 2312 535 2404 Πνεῦμα
554 2306 625 2410 γὰρ
644 2308 665 2385 ὁ
685 2303 810 2390 Θεός·”
837 2309 897 2385 καὶ
915 2304 1007 2384 κατὰ
1024 2302 1088 2385 τὸν
1105 2302 1280 2405 μακάριον
1300 2308 1460 2383 Παῦλον

85 2385 124 2431 ²4·

83 2437 165 2564 {²152}-
253 2439 275 2476 “
292 2431 341 2509 ‘O
363 2429 433 2533 γὰρ
455 2430 585 2530 Κύριος
605 2428 646 2509 rb
666 2427 806 2527 πνεῦμά
824 2428 955 2509 έστιν.”
995 2431 1053 2509 καί
1076 2429 1139 2508 οῦκ
1161 2431 1388 2526 ἀναιροῦντες
1416 2427 1459 2506 rb

252 2554 347 2636 ἰδίως
375 2552 576 2657 ὑφεστάναι
603 2551 646 2632 rb
674 2559 823 2652 Πνεῦμα
850 2550 892 2633 rb
915 2552 1046 2655 Ἃγιον
1074 2551 1120 2631 rb
1147 2550 1292 2630 τοιαῦτά
1321 2557 1459 2656 φαμεν,

84 2698 196 2758 am.
222 2676 335 2755 μάλλ’
365 2673 492 2779 ὥσπερ
526 2673 602 2756 υίῦν
627 2676 817 2778 ἀνθρώπου
852 2679 966 2782 φησὶν
994 2672 1130 2772 ἑαυτὸν,
1158 2672 1277 2775 ἐπειδὴ
1306 2674 1461 2776 γέγονεν

251 2800 450 2904 ἅνθρωπος,
469 2802 562 2881 οὕτω
580 2798 694 2880 πάλιν
712 2798 785 2879 ἀπὸ
810 2808 873 2880 τοῦ
898 2801 986 2880 ἰδίου
1004 2799 1204 2897 πνεύματος
1221 2798 1349 2877 ἑαυτὸν
1368 2800 1457 2878 ὀνο·
1476 2834 1513 2873 20

251 2923 362 3028 μάζει.
401 2926 443 3004 οὐ
461 2922 534 3027 γὰρ
552 2922 749 3026 ἀλλότριον
767 2924 875 3003 αῦτοῦ
893 2921 935 3003 rb
955 2929 1105 3023 Πνεῦμα
1124 2924 1242 3002 αὑτοῦ.

302 3108 350 3172 Τὰ
380 3108 507 3197 ῥήματα
536 3108 557 3173 ἅ
586 3109 752 3172 λελάληκα
781 3103 863 3188 ὑμῖν,
890 3110 1016 3185 πνεῦμά
1043 3108 1111 3174 ἐστι
1140 3106 1192 3171 καί
1220 3107 1283 3195 ςωεί
1311 3107 1415 3173 ἐστιν,

1240 3273 1249 3299 Ι
1321 3270 1333 3297 ἱ

302 3271 425 3353 Ὅλον
444 3274 511 3374 ἤδη
539 3279 584 3378 τῇ
610 3273 769 3380 ζωοποιῲ
793 3282 857 3353 τοῦ
878 3273 1089 3371 Πνεῦματος
1113 3276 1270 3378 ἐνεργειᾳ
1295 3307 1339 3351 το
1367 3272 1463 3352 ἴδιον

253 3402 363 3495 σῶμα
395 3403 540 3494 πληροῖ.
595 3399 728 3501 πνεῦμα
756 3395 827 3501 γὰρ
855 3398 985 3478 λοιπὸν
1011 3396 1077 3499 τὴν
1104 3398 1225 3497 σοίρκα
1254 3403 1367 3492 καλεῖ,
1400 3402 1463 3476 καὶ

218 3520 317 3599 bobr<
350 3517 556 3621 ἀνατρέπων
588 3519 630 3599 rb
662 3517 749 3599 εἰναι
781 3522 902 3624 σάρκα
934 3519 1055 3622 αὐτήν·
1101 3519 1159 3601 διὰ
1192 3520 1230 3600 δὲ
1261 3517 1303 3599 rb
1337 3522 1462 3620 ἄκρως
1478 3548 1515 3607 ²5

253 3643 419 3742 ἦνῶσθαί
440 3669 482 3722 τε
505 3643 612 3750 αὐτῷ,
633 3647 689 3722 καὶ
717 3644 807 3745 ὅλην
826 3647 935 3725 αὐτοῦ
953 3642 1019 3745 τὴν
1037 3644 1213 3749 ζωογόνον
1230 3643 1461 3725 ἐνδύσασθαι

254 3762 413 3865 δύναμιν,
438 3767 661 3874 ὀφείλουσαν
685 3769 752 3867 ἤδη
782 3775 972 3849 καλεῖσθαι
1001 3773 1059 3848 καί
1088 3772 1232 3874 πνεῦμα.
1273 3770 1332 3848 καί
1362 3774 1456 3849 θαυ-

289 3961 316 4015 3.
334 3941 448 4014 δικαίως]
463 3944 551 4002 καίὧς
565 3944 597 4000 Β.
658 3945 701 4017 οῦ]
717 3946 776 4000 οῦδὲ
789 3947 822 4002 Β.
946 3960 972 4017 5.
992 3947 1087 4001 br'om.
1101 3945 1135 3999 Β.
1267 3961 1308 3999 10.
1328 3945 1460 4002 δύνασθαι

254 4031 345 4069 assum
365 4023 423 4069 tum
436 4034 468 4069 ex
482 4016 515 4070 B.
660 4033 699 4070 ιτ.
721 4018 774 4072 Hic
786 4017 879 4087 incipit
892 4019 977 4088 prima
989 4035 1003 4071 e
1015 4016 1186 4073 citationibus
1197 4017 1289 4087 paucis
1301 4016 1330 4069 in
1345 4016 1418 4072 Cod.
1431 4021 1460 4072 in

255 4084 326 4140 Bibl.
378 4103 420 4139 ur.
434 4086 580 4142 Florentiae
593 4085 763 4143 Plut.'vi.12.
776 4088 869 4142 bomb.
882 4107 934 4143 sec.
944 4089 998 4142 xiv.
1011 4089 1057 4142 fol.
1068 4088 1183 4158 96-105.
1222 4088 1296 4142 Haec
1309 4088 1418 4157 signavi
1432 4108 1458 4160 μ.

257 4154 299 4209 16.
318 4157 359 4210 καὶ
371 4174 425 4209 om.
441 4157 499 4211 B.a.
513 4157 594 4211 habet
607 4157 689 4212 Cord.
795 4173 834 4229 η.
852 4158 882 4211 ‘0
899 4159 930 4211 B.
945 4158 1016 4212 Cart.
1029 4177 1055 4229 p.
1071 4160 1111 4212 καὶ
1126 4158 1176 4212 Ed.
1226 4158 1323 4211 Statim
1335 4159 1388 4229 γὰρ
1402 4177 1459 4213 orn.

255 4225 337 4279 Cord.
353 4226 452 4279 habent
466 4228 497 4280 B.
512 4246 564 4297 a.p.
646 4230 686 4282 18.
706 4231 899 4299 συνυφεστάνοι
913 4229 995 4282 Cord.
1033 4231 1128 4284 Statim
1141 4230 1171 4282 τὸ
1184 4229 1258 4298 ἅγιον
1269 4233 1369 4296 πνεῦμα
1383 4229 1457 4284 Cart.

254 4297 284 4349 rb
297 4301 401 4363 Πνεῦμα
413 4299 443 4350 τὸ
451 4297 542 4369 Ἆγιον
555 4298 633 4352 habet
646 4317 672 4368 p.
900 4317 942 4362 20,
957 4317 1000 4353 21.
1019 4300 1085 4354 ἰδίου
1098 4310 1124 4353 et
1136 4300 1214 4353 αὐτοῦ
1226 4300 1300 4368 prius
1312 4317 1367 4352 om.
1383 4301 1457 4354 Cart.

256 4384 297 4421 το.
317 4367 419 4438 ἑαυτὸν]
440 4373 544 4435 Πνεῦμα
563 4387 577 4422 ο
595 4369 663 4423 trad.
679 4369 737 4423 Lat.
753 4368 792 4441 [et
810 4369 844 4423 G.
860 4370 951 4440 Trnp.]
968 4370 1036 4424 inter
1054 4389 1138 4424 uncos
1156 4369 1230 4424 addit
1250 4370 1354 4440 Migne,
1373 4389 1458 4424 sensu

253 4439 307 4491 fere
320 4449 440 4507 cogente,
450 4439 600 4493 faventibus
614 4451 702 4493 tamen
716 4459 802 4511 neque
813 4441 892 4503 Cart„
903 4459 988 4512 neque
1002 4460 1038 4511 p.‚
1049 4459 1136 4512 nequo
1149 4450 1178 4495 ut
1191 4439 1244 4495 vid.
1257 4441 1289 4492 B.
1338 4440 1381 4494 26.
1396 4443 1456 4496 ἑου·

253 4511 298 4560 τοῦ
315 4508 345 4560 Β.
395 4508 535 4580 ζωοηόνον]
551 4513 675 4576 ζωοποιὸν
688 4514 728 4565 καί
742 4514 867 4583 ζωογόνον
879 4530 927 4583 pro
941 4530 1013 4565 more
1029 4512 1061 4565 Β.
