3038 5018
676 1126 916 1202 ΚΕΦΑΛΗ
957 1127 1008 1201 Η.

215 1398 312 1466 οὌτι
332 1400 423 1482 μόνος
443 1400 459 1464 ὁ
481 1400 554 1467 Ύίδς
575 1404 628 1464 τοῦ
651 1403 734 1465 Θεοῦ
757 1403 821 1481 φῶς
844 1398 927 1462 ἐστιν
948 1395 1100 1476 ἀληθινὸν,
1123 1396 1142 1477 ἡ
1164 1396 1196 1460 δὲ
1219 1396 1313 1462 κτίσις
1334 1393 1442 1469 οὐκέτι,

563 1527 662 1610 φατὸς
683 1527 758 1593 οὖσα
778 1524 914 1611 μέτοχος,
936 1526 976 1594 ὡς
996 1525 1116 1609 γενητή.

595 1799 661 1868 Ἠν
688 1801 726 1869 τὸ
752 1801 825 1890 φῶε
853 1802 891 1871 τὸ
916 1801 1080 1872 ἀληθινόν.

300 2064 735 2150 ΕΠΕΞΕΡΓΑΖΕΤΑΙ
766 2059 881 2142 πάλιν
912 2062 1098 2166 χρησίμως
1131 2059 1173 2142 τὸ
1209 2059 1390 2164 εἰρημένον
1421 2062 1476 2141 ὁ5

171 2239 174 2243 «
244 2184 439 2272 θεσπέσιος
469 2183 755 2288 Εὖαγγελιοτὴς,
782 2187 842 2265 καὶ
874 2183 1083 2287 ἀποδιορίζει
1115 2190 1246 2291 σαφῶς
1277 2181 1319 2264 τὸ
1352 2183 1444 2264 κατὰ

243 2309 417 2410 ἀλήθειαν
453 2315 542 2416 φῶς,
579 2308 745 2390 τοιαέστι
783 2306 847 2390 τὸν
885 2311 1087 2410 Μονογενῆ,
1132 2314 1204 2388 τῶν
1238 2305 1290 2408 μὴ
1331 2309 1444 2392 οὕτως

244 2431 411 2539 ἐχόντων,
438 2431 604 2514 τουτέστι
628 2437 701 2511 τῶν
728 2438 899 2534 γενητῶν·
935 2432 1190 2532 ἀποδιίστησιν
1218 2433 1374 2533 ἐναργῶς
1401 2428 1444 2512 τὸ

245 2554 355 2665 φύσει
381 2562 455 2637 τῶν
474 2554 565 2636 κατὰ
589 2553 708 2660 χάριν,
724 2562 797 2636 τῶν
814 2557 853 2635 ἐν
874 2553 1013 2661 μεθέξει
1039 2553 1082 2635 τὸ
1109 2550 1354 2659 μετεχάμενον,
1372 2560 1446 2634 τῶν

78 2700 176 2758 σοι
215 2680 284 2759 ςέν
309 2679 463 2786 χορηγίᾳ
490 2675 533 2759 τὸ
560 2685 635 2761 τοῖς
661 2679 836 2778 δεομένοις
863 2676 968 2758 ἑαυτὸ
995 2686 1185 2782 χορηγοῦν.
1223 2679 1280 2757 καὶ
1309 2682 1338 2757 εἰ
1366 2682 1445 2783 φῶς
1462 2706 1499 2746 10

245 2802 346 2883 ἐστιν
368 2798 540 2901 ἀληθινὸν
562 2803 583 2881 ὃ
606 2798 704 2899 Υἱὸς,
722 2800 824 2882 οὐδέν
849 2801 919 2905 ἄρα
946 2801 1029 2904 παρ’
1050 2799 1159 2880 αὐτὸν
1179 2799 1255 2881 κατ’
1276 2799 1446 2900 ἀλήθειαν

246 2930 336 3032 φῶς,
355 2922 435 3006 οὐδὲ
453 2923 590 3006 οίκοθεν
608 2925 679 3031 ἔχει
703 2924 848 3025 δυνάμει
875 2922 917 3005 τὸ
942 2920 1111 3004 εἶναικαὶ
1135 2928 1326 3003 καλεῖσθαι
1350 2929 1444 3029 φῶς·

245 3049 331 3129 ἀλλ’
351 3047 431 3129 οὐδὲ
459 3048 605 3155 φύσεως
631 3052 695 3148 τῆς
722 3048 809 3133 ίδίας
838 3047 986 3128 ἐκδώσει
1014 3044 1153 3152 καρπὸν
1174 3045 1221 3126 τὰ
1246 3045 1378 3148 γενητὰ
1402 3043 1446 3126 τὸ

247 3168 476 3271 δηλούμενον,
495 3170 619 3274 ὥσπερ
637 3168 676 3251 δέ
698 3171 743 3278 ἐξ
765 3171 829 3252 οὐκ
846 3170 960 3253 ὄντων
978 3171 1088 3267 ἐστὶν,
1107 3170 1219 3254 οὕτως
1243 3172 1282 3249 εἰς
1307 3176 1370 3248 τοῦ
1395 3169 1446 3269 μὴ

248 3288 335 3372 εἶναι
365 3298 453 3400 φῶς,
483 3295 539 3373 ἐπὶ
571 3292 614 3373 τὸ
647 3290 735 3374 εἶναι
767 3300 845 3402 φῶς
877 3291 1109 3392 ἀναβήσεται,
1138 3300 1201 3373 τοῦ
1233 3292 1353 3400 φωτὸς
1383 3301 1447 3372 τοῦ
1463 3323 1499 3383 15

248 3414 420 3515 ἀληθινοῦ
457 3413 633 3522 δεξάμενα
664 3413 730 3516 τὴν
760 3414 885 3520 αὐγὴν,
918 3419 977 3496 καὶ
1007 3423 1052 3522 τῇ
1084 3415 1224 3523 μεθέξει
1255 3419 1320 3515 τῆς
1352 3415 1447 3501 θείας

248 3536 619 3642 καταλαμπρυνόμενα
641 3538 798 3645 φάσεως,
815 3537 907 3643 πρὸς
932 3536 998 3640 τὴν
1017 3540 1147 3639 ἐκείνης
1172 3540 1335 3640 μίμησιν,
1352 3573 1443 3644 χρη·

213 3680 236 3747 b
248 3668 369 3762 ματιεΐ
391 3696 430 3743 τε
459 3661 534 3762 ἅμα
562 3664 621 3742 καὶ
648 3661 751 3742 ἔσται
778 3667 868 3769 φῶς.
909 3666 968 3742 καὶ
995 3665 1014 3742 ὃ
1039 3661 1105 3762 μὲν
1122 3671 1186 3743 τοῦ
1212 3668 1308 3742 Θεοῦ
1327 3661 1447 3764 Λόγος

247 3786 431 3870 οὖσιωδῶς
451 3786 531 3865 ἔστι
556 3789 645 3890 φῶς,
663 3785 706 3865 οὐ
728 3784 866 3892 μεθέξει
890 3791 935 3891 τῇ
961 3784 1052 3865 κατὰ
1076 3784 1182 3890 χάριν
1200 3794 1305 3866 τοῦτο
1328 3784 1443 3890 ὑπάρ-

248 3943 335 4015 χων,
352 3905 433 3989 οὐδὲ
456 3906 687 4009 συμβεβηκὸς
711 3907 803 4014 ἔχων
824 3911 862 3988 ε’ν
882 3909 996 4016 ἑαυτῷ
1020 3907 1063 3988 τὸ
1090 3909 1242 4015 ἀξίωμα,
1261 3911 1346 3988 ἀλλ’
1366 3907 1447 3989 οὐδὲ
1462 3939 1502 3979 20

248 4031 471 4129 ἐπείσακτον,
493 4034 542 4116 ὡς
570 4029 687 4137 χάριν,
710 4030 811 4112 ἀλλὰ
838 4031 984 4139 φύσεως
1012 4029 1283 4135 άπαραττοιήτου
1308 4030 1448 4140 καρπὸν

285 4277 311 4324 2,
324 4277 350 4332 3.
363 4260 551 4334 ὀτι-γενητίγ
563 4281 618 4319 om.
631 4262 664 4318 Ε.
743 4275 770 4332 5.
788 4266 922 4335 χρησίμας
933 4265 1012 4321 πάλιν
1023 4264 1130 4318 inverso
1141 4261 1234 4317 ordine
1248 4262 1281 4318 B.
1360 4261 1386 4316 6.
1406 4263 1448 4316 καὶ

249 4341 417 4402 assumptum
429 4351 462 4388 ex
476 4333 508 4387 Β.
662 4350 703 4389 10.
721 4336 818 4390 ἑαυτῶν
830 4335 863 4390 B.
1018 4351 1059 4390 12.
1078 4330 1246 4406 ἔχει-εἶναι]
1260 4336 1289 4388 τὸ
1303 4328 1366 4388 εἶναι
1378 4337 1449 4405 ἔχειν

249 4401 388 4472 δυνάμενον
400 4402 433 4457 Β.
542 4420 583 4474 13.
601 4405 631 4458 τδ
644 4404 677 4460 Β.
690 4406 735 4461 τδν
747 4404 799 4461 Ed.
910 4422 950 4472 14.
968 4406 1013 4459 οὐκ
1026 4405 1055 4475 ἐξ
1067 4405 1113 4460 οὐκ
1127 4403 1198 4460 DE.
