3038 5018
259 274 325 339 648
563 276 603 341 Β.
626 275 834 342 CYRILLI
863 276 1162 343 ALEXANDR.
1365 274 1468 360 vien

259 436 300 518 τί
326 447 518 545 τοιγαροῦν
546 440 638 544 πρὸς
668 449 774 522 τοῦτο
810 443 980 544 ἐροῦμεν;
1022 443 1087 522 ούκ
1120 441 1367 548 εύαρίθμητα
1397 439 1471 521 κατὰ

260 560 304 642 τό
334 562 429 645 ἀστυ
458 573 592 666 σημεῖα
623 563 857 665 πεποιηκότος
889 572 955 645 τοῦ
986 563 1134 647 πάντων
1164 569 1358 669 Σωτῆρος
1390 565 1473 665 ἡμῦν

262 691 439 790 Χριστοῦ,
465 687 684 795 συχνότερον
708 687 746 767 δέ
774 695 847 773 τοῖς
868 686 1135 791 Ἰεροσολύμοις
1165 690 1471 793 ἐνδιατριᾝοισος,

264 812 517 893 ῦποπείθονται
534 812 578 894 δέ
591 848 680 912 πως,
697 811 812 915 ἠρέμα
830 812 1041 916 βαδίζουσιν
1059 816 1107 897 εἷς
1131 812 1179 893 τῦ
1205 811 1357 894 λοιπόν
1375 817 1470 912 θελῆ-

264 968 330 1013 σαι
361 935 544 1017 πιστεύειν
572 938 669 1044 αύτῷ
700 943 774 1017 τῶν
807 934 898 1016 κατά
930 935 973 1017 τὸ
1004 936 1100 1018 ἀστυ
1129 935 1244 1034 τινές,
1277 939 1373 1019 ἀλλ’
1407 939 1493 1023 οῦτεὸ

98 1091 214 1149 443Δ,
236 1064 419 1160 ιγνμνιῦς,
447 1061 527 1140 οὔτε
554 1059 627 1161 μὴν
654 1061 848 1164 ἐλευθέρως
878 1061 1026 1162 ἀγαπᾶν
1054 1057 1302 1160 ἀπετόλμων,
1333 1066 1389 1169 τῷ
1416 1068 1475 1141 τόν

265 1181 470 1283 ἡγουμένων
491 1184 792 1281 καταπτοούμενοι
817 1182 954 1287 θράσει,
977 1186 1034 1264 καὶ
1058 1184 1149 1287 πρὸς
1179 1184 1270 1269 δέος
1301 1184 1475 1289 ἐπιζὴμοι

266 1305 330 1385 οὐκ
347 1306 392 1414 ἐξ
407 1306 615 1400 ἐπιβουλίας
632 1306 910 1406 συνωθούμενοι.
950 1314 1056 1387 τοῦτο
1077 1304 1151 1409 γάρ
1179 1307 1329 1408 ἐδήλου
1353 1314 1475 1414 σαφῶς

266 1432 304 1509 ἐν
322 1437 395 1514 τοῖς
413 1431 482 1531 ἤδη
500 1426 757 1538 παρῳχηκόσιν
775 1429 920 1534 εἰρηκὼς
939 1431 959 1509 ό
977 1429 1150 1533 μακάριος
1170 1431 1473 1535 Εὖαγγελιστὴς,

267 1557 304 1634 ἐν
321 1557 508 1661 παῤῥησίιρ
525 1554 660 1654 μηδένα
678 1561 805 1635 λαλεῖν
822 1564 844 1601 “
858 1555 940 1657 περὶ
958 1555 1068 1634 αὑτοῦ
1089 1553 1148 1634 διά
1170 1553 1243 1635 τὸν
1267 1554 1399 1660 φόβον
1417 1563 1507 1636 τῦιιι

267 1689 289 1726 “
306 1679 522 1759 Ἰουδαίων.”
568 1679 760 1763 Ἰουδαίους
791 1676 863 1779 γὰρ
896 1680 934 1757 ἐν
965 1678 1102 1761 τούτοις
1134 1676 1223 1762 τοῦς
1261 1680 1477 1782 ἡγουμένους

266 1806 445 1883 ἀποκαλεῖ
478 1800 618 1900 λοιπὸν,
651 1801 886 1903 κατοκνήσας,
922 1799 970 1885 ὥς
1006 1803 1041 1905 γ’
1070 1802 1147 1899 ἐμοὶ
1186 1805 1385 1910 φαίνεται,
1416 1809 1477 1886 τοῖς

266 1927 380 2010 οὕτως
406 1925 697 2029 ἀπεγνωσμένοις
725 1925 791 2026 τὴν
812 1931 885 2005 τῶν
908 1924 1112 2028 ἡγουμένων
1134 1927 1359 2026 ἐπωνυμίαν
1380 1928 1474 2033 χαρί-

267 2049 404 2153 ζεσθαι.
459 2051 793 2154 παρῥησιαζομεῦου
828 2058 1020 2153 τοιγαροῦν
1057 2057 1122 2129 τοῦ
1161 2055 1350 2155 Σωτῆρος
1389 2053 1476 2153 ἡμῶν

232 2176 390 2273 οἸησοῦ
418 2179 593 2278 Χριστοῦ,
622 2178 680 2253 καὶ
708 2181 785 2257 ταῖς
814 2179 887 2254 τῶν
914 2171 1098 2278 ἀρχόντων
1125 2175 1326 2259 ἀπονοίαις
1361 2179 1475 2274 ἐπιτη-
1485 2208 1505 2264 15

268 2301 400 2382 δῶντος
420 2296 578 2394 εὐτόνως,
598 2294 843 2402 διελέγχοντός
861 2332 899 2377 τε
917 2299 976 2376 καὶ
996 2296 1099 2398 μάλα
1123 2304 1267 2404 σαφῶς
1293 2304 1350 2385 ὡς
1376 2302 1475 2381 οὐδεὶς

267 2421 334 2520 μέν
356 2424 475 2508 αὐτοῖς
500 2431 563 2503 τοῦ
590 2422 783 2521 νομοθέτου
808 2421 929 2525 λόγος,
947 2423 1005 2502 ἐπὶ
1033 2421 1070 2501 δέ
1097 2419 1139 2501 τὸ
1168 2425 1310 2504 δοκοῦν
1338 2425 1474 2505 ἕκαστος

268 2549 326 2624 καὶ
358 2549 443 2626 λίαν
472 2549 625 2630 εὐπετῶς
658 2546 910 2630 ἀποκλίνοντες
942 2547 1001 2625 καὶ
1033 2550 1082 2629 είς
1115 2542 1157 2625 τό
1189 2553 1323 2653 φονᾶν
1358 2551 1472 2652 ἀπερι·

269 2666 435 2752 σκέπτως
452 2671 499 2753 ὡς
517 2672 575 2749 ἐπὶ
591 2672 714 2770 μηδενὶ
736 2674 808 2748 τῶν
826 2667 979 2775 φαύλων
997 2667 1214 2774 ἐξόλωθον,
1235 2668 1475 2771 ῦπομένοντίς

711 2792 720 2818 Ι
851 2794 860 2818 2

270 2826 309 2872 τε
337 2827 410 2872 των
431 2798 551 2892 αηδων
573 2827 629 2872 επι
657 2827 793 2876 τουτοις
821 2791 923 2872 ουδέν
947 2793 1029 2895 παρ’
1050 2788 1100 2871 ὧν
1123 2788 1167 2890 ἦν
1190 2791 1292 2880 εἰκὸς
1323 2794 1505 2895 ὑποστίριι

270 2923 405 2997 σεσθαι
431 2916 476 2996 τά
501 2915 608 2997 δεινά·
640 2915 727 2996 αὐτὸ
745 2915 789 3017 δη
807 2924 913 2997 τοῦτο
932 2914 1023 3019 πρὸς
1039 2913 1226 3022 ἀπόδειξιν
1246 2922 1313 2998 καὶ
1340 2931 1475 3024 πληρο·

270 3043 402 3143 φορίαν
421 3045 484 3140 τῆς
502 3039 652 3140 ἐνούσης
670 3041 766 3146 αὐτῷ
785 3046 1002 3142 θεοπρεποῦς
1024 3038 1189 3145 ἐξουσίας
1208 3039 1479 3151 Ἱεροσολυμῖται

241 3164 515 3263 ολαμβάνουσι,
550 3168 608 3244 καὶ
639 3171 714 3248 τοῖς
746 3163 814 3264 ἤδη
845 3163 1226 3267 προτεθαυμασμένοις
1262 3168 1480 3271 προσθήκην

271 3287 396 3389 ὥσπερ
432 3287 511 3367 τινά
548 3291 606 3368 καὶ
641 3297 747 3367 τοῦτο
783 3285 974 3392 δεχόμενοι,
1010 3292 1069 3366 καὶ
1104 3295 1177 3371 τοῖς
1216 3301 1481 3393 προλαβοῦσα

269 3411 556 3514 ἐπισωρεύοντες,
588 3411 810 3514 θερμοτέροις
843 3410 973 3492 λοιπὸν
1004 3418 1078 3495 τοῖς
1107 3408 1320 3510 κινήμασιν
1356 3420 1419 3498 ἐπὶ
1447 3413 1509 3511 τάκ

268 3538 397 3639 χρῆναι
416 3535 598 3615 πιστεύειν
616 3537 712 3642 αὐτῷ
736 3533 1027 3616 συνελαύνονται.
1065 3534 1124 3614 διά
1142 3534 1256 3616 τοῦτό
1276 3545 1412 3644 φασιν
1429 3540 1482 3640 τὴν

267 3661 307 3740 ἐκ
325 3668 507 3763 λογισμοῦ
525 3667 589 3740 τοῦ
608 3656 740 3742 εἰκότος
761 3657 996 3762 ε’ρανιζόμενοι
1015 3665 1153 3760 γνῶσιν
1172 3664 1263 3757 Οῦχ
1285 3661 1389 3749 οὗτός
1408 3666 1482 3746 ἔστιν

268 3786 299 3864 ’ὂν
319 3786 461 3892 ζητοῦσιν
481 3788 699 3879 ἀποκτεῖναις
730 3780 838 3862 ἐννόει
861 3780 931 3885 γάρ
958 3781 1012 3862 ότι
1032 3785 1227 3886 μονονουχὶ
1247 3787 1317 3864 καὶ
1339 3787 1484 3895 ὑψηλὴν

307 4113 330 4150 1.
350 4100 441 4151 τοῦτον
455 4096 506 4150 Ed.
677 4119 703 4165 4.
722 4098 904 4154 ῦποπείθοντοι
917 4096 988 4152 edidi
1000 4116 1031 4152 ex
1044 4095 1216 4151 ύποπςίθοντε
1231 4095 1268 4152 Β.
1284 4116 1393 4173 aspera
1404 4112 1485 4158 tame!

268 4169 397 4221 clausula.
410 4168 594 4236 ὑπρπείθοντος
607 4169 658 4223 Ed.
782 4169 807 4223 6.
827 4169 982 4236 ἀπετόλμων
993 4172 1028 4223 r*
1041 4166 1112 4222 edidi
1125 4184 1157 4219 ex
1170 4167 1379 4228 emendatione
1394 4174 1484 4245 ueye

268 4239 451 4305 ἀπετόλμωντο
468 4239 498 4291 Β.
511 4239 664 4308 ἀπετόλμων
677 4239 729 4294 Ed.
840 4252 862 4309 7.
881 4242 946 4309 πρὸς
958 4191 1029 4310 δέοςἩ
1041 4237 1179 4308 προσδέως
1190 4236 1227 4292 Β.
1283 4240 1484 4311 ὃῐαὶίιιςέιιζῆ·

268 4330 327 4377 μιον
341 4308 372 4362 Β.
385 4310 510 4377 ἐπιτίμιον
525 4310 623 4373 Holst.,
637 4310 709 4382 quod
722 4309 756 4364 ad
768 4310 896 4378 ἐπιτιμίου
909 4309 1060 4364 emendavit
1071 4307 1145 4363 Aub.
1280 4311 1314 4368 8.
1336 4315 1485 4379 ἐπιβουλίιις

268 4378 339 4432 edidi
358 4397 389 4431 ex
410 4380 453 4443 Β,
473 4398 635 4451 quamquam
655 4381 765 4435 verbum
785 4399 800 4433 a
819 4380 856 4434 D.
871 4379 971 4450 Cyrillo
989 4382 1079 4434 minus
1098 4379 1242 4435 unitatum.
1261 4381 1423 4457 ἐπιβουλῆς
1440 4383 1485 4441 ΒΔ.

272 4465 312 4519 19.
332 4449 476 4516 ἐξώλισθον
488 4451 638 4506 emendavit
653 4451 751 4522 Heyse.
764 4451 912 4518 ἐξολισθὼν
924 4451 957 4504 Β.
971 4449 1134 4519 ἐξολίσθουν
1145 4447 1199 4506 Ed.
1389 4457 1434 4514 τό.
1449 4457 1486 4512 διὸ

269 4524 356 4602 τοῦτο]
371 4520 402 4574 δι’
416 4522 479 4575 αὐτὸ
493 4520 544 4576 Ed.
653 4536 693 4592 27.
714 4525 759 4577 τοῦ
771 4520 882 4593 εἰκότος]
896 4521 1000 4578 εἰκότως
1012 4521 1063 4576 Ed.
