3038 5018
263 297 326 359 522
566 294 605 358 B.
629 293 841 359 CYRILLI
871 293 1160 359 ALEXANDR.
1359 285 1406 349 vi.
1421 298 1476 368 51.

264 455 372 555 νόμος
390 457 436 537 τά
455 466 601 539 τοιαῦτα
619 460 793 540 διετόπον·
820 459 1067 564 προανεφιόνει
1086 456 1124 539 δὲ
1142 455 1256 537 πάλιν
1274 450 1342 532 τδν
1359 451 1477 553 ἀρτον

265 580 377 665 ὅντως
399 578 463 662 τὸν
483 581 656 681 ἀληθινόν
674 582 737 662 τὸν
756 585 799 689 ἐξ
824 586 974 686 οὐρανοῦ
999 587 1283 689 καταφοιτῶντα,
1302 573 1476 655 τουτέστι

265 704 442 806 Χριστόν,
471 710 529 786 καὶ
560 705 653 809 ζωὴν
683 705 826 786 διδόντα
857 713 907 813 τῷ
937 705 1077 814 κόσμῳ.
1129 702 1237 784 ἐννόει
1268 699 1342 805 γὰρ
1373 698 1477 781 ὅπως

266 830 454 930 ἅνθρωπος
479 829 561 910 καθ’
583 831 674 929 ἡμᾶς
702 831 760 909 διὰ
786 831 852 931 τὴν
877 830 968 933 πρὸς
997 832 1088 930 ἡμᾶς
1117 831 1289 927 ὁμοίωσιν
1316 856 1473 926 γεγενη-

266 957 379 1050 μένος,
416 954 562 1061 ἀπαρχή
599 988 652 1038 τις
690 953 816 1058 ὥσπερ
854 965 917 1035 τοῦ
954 955 1123 1056 ἡμετέρου
1160 950 1375 1058 φυράματος
1416 946 1506 1031 καὶὸ

96 1084 180 1218 {⁰¹:¹9
236 1074 455 1181 οάφόρισμα
473 1077 564 1157 κατά
589 1076 630 1157 τὸ
656 1079 913 1181 γεγραμμένον,
932 1078 1078 1177 ἀνετέθη
1097 1083 1148 1183 τῷ
1167 1079 1250 1182 Θεῷ
1268 1078 1330 1153 καὶ
1351 1072 1476 1170 Πατρὶ

132 1188 138 1201 ’
182 1188 187 1201 ’
265 1199 490 1300 πρωτότοκος
526 1204 565 1281 ἐκ
603 1208 737 1304 νεκρῶν
774 1202 1073 1304 ἀναδεδειγμένος,
1112 1204 1170 1278 καὶ
1212 1193 1363 1299 ἀπαρχη
1410 1197 1475 1291 τῆς

266 1323 435 1404 ἁπάντων
467 1322 703 1408 ἀναστάσεως
740 1330 787 1408 είς
825 1323 933 1404 αὑτὸν
970 1323 1174 1418 ἀναβαίνων
1206 1320 1269 1400 τὸν
1301 1314 1472 1420 οὐρανόν·

265 1447 409 1551 ἐλήφθη
435 1447 501 1544 μὲν
528 1447 600 1551 γάρ
625 1449 668 1554 ἐξ
692 1449 802 1547 ἡμῶν,
824 1449 1033 1549 σπέρματος
1051 1444 1224 1548 Ἀβραὰμ
1251 1440 1473 1537 ἐπελάβετο,

265 1569 426 1673 καθάπερ
455 1573 474 1650 ό
502 1570 652 1655 Παῦλός
680 1579 807 1676 φησιν,
829 1572 975 1670 ἀνετέθη
1005 1572 1042 1650 δὲ
1071 1575 1119 1653 ὡς
1146 1569 1191 1676 ἐξ
1215 1567 1391 1648 ἁπάντων
1416 1567 1475 1644 καὶ
1490 1600 1519 1640 1·

267 1694 354 1796 ὑπὲρ
379 1694 536 1792 πάντων,
555 1695 613 1774 ἵνα
637 1695 720 1778 τοὺς
743 1693 879 1779 πάντας
906 1693 1120 1799 ζωοποιήση,
1147 1696 1204 1772 καὶ
1235 1690 1404 1792 καθάπερ
1434 1688 1478 1795 ἐξ

266 1815 406 1902 ἅλωνος
432 1816 577 1922 δράγμα
602 1817 643 1899 τὸ
667 1827 813 1919 πρῶτον
831 1818 1052 1924 ἀναφέρηται
1075 1824 1127 1924 τῷ
1147 1824 1230 1924 Θεῷ
1254 1818 1313 1894 καὶ
1334 1814 1470 1916 Πατρί.

267 1940 392 2045 ὥσπερ
418 1943 455 2022 δὲ
481 1941 652 2048 ὑπάρχων
675 1945 749 2022 κατ’
771 1941 944 2042 ἀλήθειαν
963 1950 1052 2048 φῶς,
1069 1943 1218 2021 ἐπετίθει
1243 1947 1317 2023 τοῖς
1342 1942 1475 2020 ἑαυτοῦ

98 2084 213 2141 am.
238 2072 442 2165 ομαθηταῖς
461 2063 527 2164 τὴν
545 2064 618 2146 ἀπὸ
637 2076 701 2146 τοῦ
719 2065 931 2170 πράγματος
949 2066 1065 2171 χάριν·
1088 2076 1109 2113 “
1122 2067 1245 2165 Ὑμεῖς
1263 2060 1335 2166 γάρ
1353 2063 1473 2161 έστε,”

97 2160 222 2290 {lgm
267 2194 372 2295 φησὶ,
399 2202 419 2238 “
437 2189 479 2270 τὸ
508 2198 587 2295 φῶς
614 2200 678 2270 τοῦ
706 2191 881 2290 κόσμου·”
911 2193 1003 2271 οὕτω
1033 2195 1090 2270 καὶ
1118 2192 1225 2290 ἀρτος
1253 2187 1432 2293 ὑπάρχων
1454 2188 1519 2266 51

266 2315 335 2418 ζῶν
354 2319 411 2395 καὶ
432 2319 451 2394 ὁ
469 2314 588 2396 πάντα
607 2313 794 2418 ζωογονῶν
810 2319 868 2394 καὶ
894 2314 986 2419 πρὸς
1011 2313 1053 2395 τό
1078 2312 1166 2394 εἶναι
1191 2313 1369 2416 συνέχων,
1390 2313 1475 2391 καθ’

268 2436 462 2537 ὁμοιότητα
489 2437 603 2520 πάλιν
627 2443 684 2518 καί
711 2439 769 2519 διά
794 2446 901 2525 σκιᾶς
925 2445 988 2538 τῆς
1014 2439 1105 2519 κατά
1129 2440 1194 2520 τὸν
1220 2436 1343 2534 νόμον,
1368 2440 1420 2520 ὡς
1437 2439 1476 2516 έν

268 2562 388 2664 ἀρτοις
416 2562 554 2643 δώδεκα
582 2563 645 2642 τὸν
673 2562 766 2666 ἱερὸν
793 2564 970 2645 ἀνετόπου
996 2571 1069 2643 τῶν
1096 2559 1318 2643 ἀποστόλων
1345 2559 1473 2666 χορόν.

268 2686 367 2786 λέγει
400 2685 472 2789 γάρ
505 2689 618 2769 οὕτως
650 2689 689 2765 ἐν
716 2693 768 2795 τῷ
797 2694 969 2795 Λευιτικφ
996 2698 1018 2734 “
1035 2691 1107 2766 Καὶ
1140 2684 1302 2784 ε’λάλησε
1337 2683 1478 2786 Κύριος

268 2819 290 2855 “
309 2810 400 2911 πρὸς
434 2815 601 2908 Μωυσῆν
630 2809 748 2911 λέγων
769 2810 957 2891 Ἔντειλαι
987 2818 1061 2895 τοῖς
1093 2816 1179 2895 υἱοῖς
1211 2805 1382 2910 Ἰσραὴλ,
1416 2809 1477 2887 καὶ
1490 2839 1519 2881 ι·

268 2943 290 2980 “
309 2932 526 3027 λαβέτωσάν
558 2968 620 3012 σοι
658 2932 780 3014 ἐ’λαιον
811 2934 954 3014 ε’λάῖνον
984 2933 1142 3036 καθαρὸν
1173 2932 1395 3030 κεκομμένον
1426 2938 1479 3015 εἰς

233 3049 290 3112 b“
309 3063 399 3161 φῶς,
431 3066 561 3138 καῦσαι
590 3059 726 3163 λύχνον
757 3058 815 3138 διά
846 3057 981 3143 παντὸς
1009 3058 1142 3165 ἔξωθεν
1171 3065 1235 3136 τοῦ
1263 3054 1476 3135 καταπετά-

268 3191 290 3227 “
309 3216 449 3279 σματος
481 3184 519 3260 ἐν
549 3189 594 3287 τῇ
628 3190 746 3288 σκηνῇ
781 3192 845 3262 τοῦ
881 3183 1106 3285 μαρτυρίου.”
1157 3178 1233 3261 εἶτά
1266 3185 1387 3286 φησιν
1418 3181 1479 3258 ε’πὶ

99 3319 210 3385 11)·5-7·
268 3308 406 3389 τούτοις
431 3317 451 3353 “
468 3310 541 3385 Καὶ
569 3305 740 3413 λήφεσθε
767 3310 959 3405 σεμίδαλιν
986 3310 1044 3385 καί
1069 3304 1237 3404 ποιήσετε
1262 3302 1377 3402 αὐτὴν
1399 3302 1477 3381 διό·

269 3439 291 3476 “
309 3433 394 3507 δεκα
413 3428 551 3531 ἀρτονς,
572 3431 635 3509 δύο
654 3432 811 3510 δεκάτων
830 3432 934 3511 ἔσται
954 3433 973 3510 ὁ
996 3431 1102 3531 ἀρτος
1128 3432 1147 3508 ό
1172 3427 1232 3514 εἷς·
1264 3428 1323 3506 καὶ
1343 3425 1475 3527 έπιθή-
1495 3455 1510 3496 2

268 3562 291 3598 “
309 3584 392 3631 σετε
421 3552 548 3637 αὐτοὺς
576 3553 640 3633 δύο
668 3555 816 3652 θέματα,
840 3554 883 3661 ἓξ
908 3554 1036 3657 ἀρτους
1064 3552 1105 3632 τὸ
1135 3551 1173 3630 ἓν
1198 3552 1299 3651 θέμα,
1321 3552 1384 3631 ἐπὶ
1409 3550 1481 3650 τὴν

270 3684 291 3722 “
308 3672 486 3778 τράπεζαν
510 3675 576 3775 τὴν
604 3678 764 3780 καθαρὰν
792 3679 908 3757 ἔναντι
939 3679 1084 3780 Κυρίου,
1112 3680 1169 3756 καὶ
1197 3677 1391 3776 ε’πιθήσετε
1418 3679 1481 3756 ἐπὶ

269 3811 291 3848 “
309 3798 352 3878 τὸ
377 3801 468 3897 θέμα
498 3803 649 3896 λίβανον
667 3801 824 3904 καθαρὸν
849 3810 906 3881 καὶ
932 3799 1037 3900 ἅλας,
1058 3802 1116 3880 καὶ
1141 3802 1244 3880 ἔσται
1269 3804 1317 3882 είς
1343 3800 1481 3903 ἄρτους

269 3936 291 3971 “
310 3930 359 4007 είς
387 3923 590 4023 ἀνάμνησιν
616 3928 831 4028 προκείμενα
858 3933 908 4034 τῷ
938 3928 1094 4034 Κυρίω.”

327 4046 472 4152 Λόχνον
498 4048 562 4144 μέν
587 4051 649 4128 οὖν
675 4048 739 4128 τόν
764 4053 800 4129 έν
827 4057 870 4154 τῇ
899 4051 985 4155 ἁγίᾳ
1013 4055 1143 4154 σκηνῇ,
1165 4053 1223 4127 καὶ
1250 4046 1388 4153 ἔξωθεν
1412 4057 1513 4130 τοῦ3

242 4171 591 4271 υκαταπετάσματος
619 4172 682 4252 τόν
705 4173 1006 4277 καταφωτίζοντα,
1026 4172 1088 4252 τόν
1109 4170 1283 4274 μακάριον
1299 4168 1482 4273 Ἰωάννην

308 4406 332 4455 9.
352 4389 397 4453 μὲν
409 4406 463 4441 om.
479 4389 512 4443 B.
560 4386 719 4457 σπέρματος]
739 4395 764 4451 †
780 4389 831 4458 γὰρ
845 4387 895 4442 Ed.
909 4388 992 4440 invito
1008 4387 1040 4439 B.
1151 4403 1190 4452 14.
1209 4382 1377 4455 πράγματος]
1392 4387 1481 4455 γράμ-

272 4480 350 4523 ματος
367 4459 397 4511 B.
473 4460 512 4513 16.
531 4462 627 4516 πάντας
643 4460 673 4512 Β.
756 4462 796 4513 18.
815 4457 916 4529 ἄρτοις]
930 4459 998 4527 ἀρχῇ
1012 4461 1067 4513 τοῖς
1081 4457 1103 4510 Β
1117 4475 1148 4510 ex
1161 4474 1228 4510 corr.
1311 4470 1358 4524 25.
1378 4456 1481 4511 δνοδο·

274 4528 379 4579 δέκατον
394 4529 424 4581 Β.
474 4533 575 4600 &prius
589 4539 758 4599 assumptum
772 4548 803 4583 ex
820 4529 889 4584 B.l).
962 4546 1005 4598 31·
1025 4531 1069 4582 τὸν
1082 4527 1156 4598 priu
1170 4535 1388 4596 aaaumptumex
1404 4526 1442 4583 B.
