3038 5018
101 292 229 364 οὔλη.
289 299 345 363 IN
375 300 689 367 S.JOANNEM.
736 303 887 370 LIB.V.
934 302 1108 368 CARH.
1233 299 1296 365 713

99 456 288 562 ἅνθρωπός
305 498 345 543 τε
362 464 540 569 ὁρώμενος
557 471 615 547 καὶ
633 468 725 567 μετὰ
744 467 889 570 σαρκὸς,
908 470 971 549 οῦκ
990 471 1028 547 ἐν
1046 466 1126 567 ἐμοί
1141 471 1237 574 φησι
1253 462 1327 545 τόν

99 587 188 686 φιῖς,
207 587 291 666 ἀλλ’
311 588 382 691 ἒγά
398 597 465 698 εἰμι
484 591 519 672 τῦ
540 591 626 697 φάς,
639 593 698 671 ἵνα
715 592 765 693 μή
784 627 837 677 τις
854 598 903 676 είς
921 597 1005 672 υίῶν
1023 589 1135 671 δυάδα
1152 587 1297 694 διατέμη

98 707 262 807 Χριστὸν
286 711 377 810 μετὰ
404 714 471 814 τὴν
493 713 551 794 διὰ
578 719 641 813 τῆς
669 715 971 819 ε’νανθρωπησεως
999 714 1212 814 οῖκονομίαν·
1248 710 1296 798 εἷς
1342 715 1430 832 {53⁰⁰}

97 828 170 932 γὰρ
196 833 329 938 Κύριος
349 837 494 937 Ἰησοῦς
518 838 691 941 Χριστὸς,
711 842 758 922 ὡς
786 840 806 918 ὁ
836 837 985 923 Παῦλός
1013 845 1118 945 φησι,
1137 841 1196 917 καὶ
1223 835 1296 939 πρὸ

65 952 233 1056 5σαρκδς
261 963 320 1039 καὶ
346 959 437 1060 μετὰ
463 959 610 1064 σαρκός,
634 964 691 1042 καὶ
719 960 768 1046 εἷς
795 965 853 1042 καὶ
876 961 985 1061 μόνος
1010 959 1101 1041 κατὰ
1124 959 1296 1062 ἀλήθειαν

97 1074 185 1161 Υἱὸς
211 1080 231 1159 ό
256 1083 296 1162 εἰ(
321 1089 418 1164 Θεοῦ
442 1084 588 1187 Πατρός
607 1083 737 1188 Λόγος,
762 1087 820 1165 καὶ
843 1084 900 1165 ὅτε
926 1083 1074 1187 γέγονεν
1098 1084 1296 1186 ἅνθρωπος,

96 1201 161 1280 οῦκ
193 1205 232 1282 ἐν
263 1205 358 1310 μέρει
390 1207 552 1295 τεθέντος
583 1218 648 1289 τοῦ
683 1211 724 1289 ἐκ
754 1207 920 1311 γυναικὸς
957 1207 1159 1314 ληφθέντος
1195 1217 1293 1288 ναοῦ·

97 1325 205 1405 αὐτοῦ
226 1325 298 1431 γὰρ
319 1329 408 1410 ἴδιον
424 1329 466 1412 τδ
493 1338 613 1432 σῶμα,
632 1337 689 1411 καὶ
714 1331 757 1412 τὸ
781 1331 977 1430 διατέμνειν
994 1331 1089 1415 ὅλως
1115 1330 1204 1431 μετά
1228 1331 1297 1433 τὴν

96 1447 294 1552 σάρκωσιν,
315 1452 406 1534 κατά
431 1490 472 1557 γε
497 1454 561 1535 τόν
578 1460 642 1555 τῆς
668 1455 826 1557 υίότητος
854 1455 977 1558 λόγον,
996 1457 1204 1561 δυσφημίας
1231 1458 1297 1536 οῦκ

46 1596 83 1637 10
96 1573 242 1676 ἀμοιρεῖ.
287 1575 387 1678 πλὴν
415 1577 543 1676 ἰστέον,
573 1579 627 1659 ότι
659 1578 727 1659 κᾶν
758 1585 1019 1683 σεσαρκῶσθάι
1051 1578 1223 1682 λέγωμεν,
1253 1581 1326 1660 aba
1346 1599 1462 1657 486A.

95 1694 188 1803 μόνη
205 1702 316 1801 σαρκὶ
332 1706 625 1805 περιβεβλῆσθαί
640 1710 761 1810 φαμεν
779 1701 843 1781 τὸν
861 1711 925 1782 τοῦ
943 1708 1040 1782 Θεοῦ
1059 1702 1192 1804 Λόγον,
1206 1705 1292 1783 ἀλλ’

94 1821 134 1898 ἐν
150 1827 202 1930 τῷ
219 1827 283 1923 τῆς
301 1824 437 1929 σαρκὸς
457 1824 605 1927 ὀνόματι
624 1826 686 1906 τὸν
704 1825 824 1906 πάντα
842 1829 1021 1924 δηλοῦμεν
1039 1826 1239 1929 ἄνθρωπον.

477 2247 544 2313 ἔξει
570 2246 609 2312 τὸ
636 2246 709 2333 φῶς
734 2249 794 2310 τῦο
821 2249 915 2333 ζωῦο.

45 2409 80 2470 ¹5
149 2405 356 2488 Ὑποπείθει
383 2405 495 2488 πάλιν
520 2407 647 2492 αὐτοῦς
673 2407 899 2514 πανταχόθεν
919 2408 961 2489 τὸ
990 2417 1207 2489 λυσιτελοῦν
1229 2416 1293 2509 θη-

92 2534 228 2632 ρᾶσθαι
264 2538 393 2638 φιλεῖν,
427 2535 485 2613 καὶ
522 2537 831 2635 παιδαγωγεῖσθαι
867 2538 1013 2631 μᾶλλον
1049 2532 1183 2612 ε’θέλειν
1219 2541 1292 2618 τοῖς

95 2653 203 2733 αὐτοῦ
229 2652 480 2756 διατάγμασιν,
499 2656 612 2759 ἤγουν
636 2663 713 2740 ταῖς
738 2663 847 2760 σφῶν
869 2657 986 2736 αὐτῶν
1009 2656 1176 2753 ἀμαθίαις
1201 2659 1327 2735 dno-b

93 2782 235 2857 λουθεῖν
258 2779 457 2878 ἑλομένους,
481 2787 539 2861 καὶ
566 2781 674 2879 αὐτῆς
700 2784 763 2879 τῆς
792 2779 933 2871 αἰωνίου
958 2783 1163 2882 στερεῖσθαι
1188 2778 1288 2882 ζωῆς.

94 2900 184 2981 ὅσον
206 2902 244 2982 δὲ
271 2904 461 3003 πειθηνίοις
489 2905 585 3011 αὐτῷ
612 2901 783 3005 γεγονόσι
811 2903 1013 3005 προσέσται
1038 2901 1079 2982 τῦ
1107 2905 1289 3009 ὠφελοῦν,

45 3056 81 3097 το
95 3026 352 3124 ὑποδείκνυσιν,
369 3028 510 3129 ἐπείπερ
536 3029 615 3106 ἐστὶ
639 3025 731 3106 κατὰ
755 3026 870 3131 φύσιν
888 3024 1024 3128 ἀγαθὸς
1042 3027 1100 3105 καὶ
1119 3035 1141 3072 “
1154 3025 1291 3111 πάντας
1337 3018 1417 3149 ffim
1435 3018 1460 3067 ii·

95 3159 116 3196 “
135 3149 343 3253 ἀνθρώπους
379 3148 477 3230 θέλει
514 3154 677 3249 σωθῆναι
714 3151 772 3228 καὶ
809 3155 857 3233 εἰς
894 3149 1088 3251 ἐπίγνωσιν
1124 3150 1293 3248 ἀληθείας

94 3283 116 3320 “
134 3275 286 3353 ἐλθεῖν.”
316 3272 434 3371 ἐπειδὴ
453 3273 491 3353 δὲ
516 3270 591 3378 ᾔδει
616 3272 729 3353 πάλιν
748 3275 981 3373 ἀντεροῦντας
999 3275 1047 3356 ὡς
1064 3270 1168 3369 Θεῦς,
1187 3271 1293 3352 εἰκόνι

92 3396 315 3498 πραγμάτων
348 3396 560 3503 ἀρχαιοτέρα
591 3393 881 3475 συναναπλάττει
913 3393 977 3473 τὸν
1008 3392 1132 3496 λόγον,
1160 3399 1219 3475 καὶ
1254 3398 1293 3475 ἐκ

92 3525 165 3598 τῶν
188 3527 261 3603 τοῖς
284 3517 474 3622 προγόνοις
499 3518 794 3621 συμβεβηκότων,
814 3516 868 3598 ὅτι
891 3516 983 3619 πρὸς
1006 3522 1151 3617 πολλῆς
1175 3519 1292 3604 αὐτοῖς

45 3661 78 3722 ²5
92 3643 266 3747 ὠφελείας
290 3642 478 3744 γενήσεται
503 3642 545 3722 τῦ
573 3645 780 3722 ἀκολουθεῖν
805 3639 940 3720 ε’θέλειν
965 3642 1072 3747 αὐτῷ,
1097 3639 1291 3743 διαγορεύει

91 3772 235 3873 σαφιῦς.
277 3766 478 3871 γέγραπται
504 3767 622 3847 τοίνυν
650 3769 731 3869 περὶ
758 3771 831 3844 τῶν
858 3764 902 3870 ἐξ
926 3763 1091 3866 Ἰσραὴλ,
1117 3766 1172 3842 ὅτι
1197 3773 1220 3811 “
1233 3768 1320 3842 mie
1334 3752 1424 3866 ἱζή,

1214 3885 1223 3913 Ι
1376 3878 1380 3882 .

91 3900 114 3937 “
132 3889 320 3992 ὡδήγησεν
345 3890 471 3974 αῦτοῦς
500 3894 538 3970 ἐν
563 3886 700 3996 νεφέλη
727 3888 869 3992 ἡμέρας,
893 3889 952 3967 καὶ
980 3886 1071 3986 ὅλην
1092 3885 1158 3985 τὴν
1181 3920 1291 3965 vum
1338 3897 1375 3945 ¹4·

92 4023 114 4060 ‘⁶
131 4015 169 4094 ἐν
199 4019 379 4123 Φωπσμῷ
410 4013 557 4116 πνρός.”
599 4013 658 4092 ὅτε
691 4011 764 4115 γάρ
795 4008 861 4110 τὴν
888 4017 1064 4091 πλατεῖαν
1094 4007 1291 4113 διεβάδιζον

130 4266 154 4305 τ.
173 4251 203 4304 τὸ
215 4251 273 4320 φῶς
285 4255 455 4319 assumptum
468 4268 500 4304 ex
515 4249 572 4305 Βα.
700 4270 726 4318 4.
744 4249 909 4318 κοὶρτοδα.
1057 4244 1291 4316 mammaea.

96 4336 137 4375 11.
156 4323 234 4388 μόνον
246 4338 271 4376 ιι.
319 4324 364 4375 τοῦ
377 4319 458 4402 θεοῦ]
473 4322 539 4374 θεὸν
550 4338 574 4376 ιι.
666 4336 707 4374 12.
726 4320 855 4388 δηλοῦμεν
866 4337 891 4373 α.
905 4317 964 4372 cat.
979 4265 1055 4371 Har?¹
1069 4315 1227 4384 δηλούμενον
1239 4314 1292 4370 Ed.

97 4405 137 4461 17.
157 4395 235 4462 ἤγουν
246 4394 302 4447 τοῖς
314 4390 461 4446 emendam.
475 4391 595 4461 ἧγουντοὶ
610 4390 641 4443 Β.
654 4390 775 4477 ἡγοῦνται
789 4389 879 4444 Holst.
891 4388 906 4457 ἦ
920 4390 975 4443 ταῖς
987 4406 1011 4441 a.
1026 4387 1077 4442 Ed.
1175 4403 1217 4456 19.
1235 4407 1292 4439 πει-

92 4462 189 4604 Ξᾷνίρις
203 4461 236 4516 Β.
249 4461 298 4516 Ht.
311 4462 440 4517 πειθανοῖς
453 4463 524 4516 Aub.
572 4461 731 4531 πειθομενοις
743 4462 829 4516 αὐτοῖς
841 4478 890 4529 pro
902 4459 1041 4527 πειθηνίοις
1052 4458 1120 4529 αὐτῷ
1132 4458 1255 4528 γεγονόσι
1266 4472 1292 4509 a.

131 4550 227 4588 εοςα.

135 4633 206 4679 τοι.
223 4635 246 4681 1.
657 4636 679 4696 4
693 4633 713 4675 Y
