3038 5018
79 291 188 359 vi.66.
240 294 298 358 IN
328 295 361 359 S.
386 294 641 362 JOANNEM.
686 293 781 359 LIB.
805 293 865 359 IV.
910 293 1013 359 CAP.
1038 292 1105 358 III.
1211 293 1274 356 557

79 456 169 562 έχεις
193 462 251 539 καί
275 460 403 541 τούτου
427 461 492 544 τὸν
517 461 631 543 τύπον
648 466 686 543 έν
708 464 948 568 ἀρχαιοτέροις
972 460 1272 566 συγγράμμασιν.

80 579 188 686 ὅνπερ
217 582 289 688 γάρ
320 583 455 682 τρόπον
482 592 555 667 τοῖς
585 584 677 666 κατά
709 583 776 685 τῆν
803 586 935 689 έρημον
961 583 1193 685 ἀπαντήσασι
1224 589 1277 690 τῷ

80 709 173 814 θεῷ,
196 705 238 788 τὸ
263 713 438 788 εἰσελθεῖν
459 713 508 793 εἰς
535 706 602 810 τῆν
624 713 695 812 γῆν
718 713 783 809 τῆς
808 710 1024 811 ἐπαγγελίας
1052 709 1094 788 ού
1121 708 1272 803 δέδοται,

79 829 172 908 οὕτω
192 835 250 910 καί
267 837 342 915 τοῖς
360 829 418 911 διὰ
439 835 503 931 τῆς
527 833 705 917 ἀπειθείας
729 829 940 934 ἀτιμάᾄνυσι
963 830 1028 912 τδν
1047 829 1192 934 Κύριον,
1210 830 1275 909 ούκ

46 951 184 1052 5έδόθη
209 950 251 1032 τδ
277 959 452 1035 εἰσελθεῖν
471 961 520 1039 εἰς
545 955 612 1056 τὴν
633 964 706 1036 τῶν
726 956 886 1059 οὐρανῶν
903 955 1108 1052 βασιλείαν,
1125 953 1166 1053 ῆς
1191 951 1273 1053 ῆνό

79 1072 190 1159 τύπος
217 1079 282 1177 τῆς
310 1079 525 1180 ἐπαγγελίας
554 1078 576 1178 ῆ
605 1083 666 1182 γῆ.
717 1082 777 1158 καὶ
805 1079 869 1159 ούκ
896 1088 919 1125 “
937 1079 1056 1162 ἅδικος
1084 1079 1104 1156 ὁ
1133 1075 1226 1162 Θεὸς
1253 1079 1307 1166 δι)
1321 1068 1442 1196 gom.

79 1208 100 1244 “
119 1199 298 1306 ἐπιφέρων
315 1198 458 1308 ἑκάστῳ
482 1199 549 1302 τὴν
567 1200 712 1304 ἀργήν·”
742 1201 875 1286 δίκαιος
892 1199 965 1304 γὰρ
980 1198 1031 1280 ὧν
1048 1198 1140 1280 κατά
1158 1197 1274 1305 φύσιν

78 1321 168 1424 ὁριεῖ
181 1321 324 1408 πάντως
342 1323 444 1425 ἀρθά,
460 1326 518 1404 καί
536 1323 579 1404 τὸ
596 1331 723 1404 οἰκεῖον
736 1326 925 1405 ἀπευθυνεῖ
940 1330 1049 1426 κρῖμα
1067 1321 1275 1427 πρεπόντως

77 1448 123 1548 τῆ
142 1447 213 1551 ἰδίᾳ
232 1445 351 1552 φύσει,
371 1444 439 1528 κάν
455 1445 505 1547 μῆ
530 1453 669 1548 νοοῖμεν
688 1449 788 1528 αύτοί
811 1452 876 1547 τῆς
901 1444 990 1552 ὑπέρ
1016 1447 1108 1547 ἡμᾶς
1132 1451 1270 1527 οἰκονο·

25 1604 64 1646 10
77 1565 161 1665 μίας
178 1566 244 1669 τὴν
261 1567 354 1650 ὁδόν.

133 1694 335 1794 Χρησίμως
352 1692 468 1795 γεμῆν
484 1695 505 1774 ὁ
522 1693 694 1799 μακάριος
713 1692 990 1798 Εύαγγελιστὴς
1012 1691 1131 1773 πάντα
1158 1695 1275 1798 φησίν

77 1811 201 1894 εἰδέναι
232 1813 297 1895 τόν
322 1818 477 1917 Ἰησοῦν,
506 1819 563 1897 καί
596 1820 661 1900 ούκ
691 1820 871 1920 ἀγνοῆσαι
898 1817 1011 1898 πάλιν
1039 1820 1121 1902 τίνες
1149 1813 1216 1914 μέν
1245 1826 1273 1897 οἰ

77 1935 284 2038 ἀπειθῆσειν
311 1939 519 2039 μέλλοντες,
549 1945 600 2028 τίς
632 1942 670 2020 δέ
701 1951 717 2023 ι’
747 1946 811 2041 τῆς
841 1947 889 2026 εἰς
918 1939 1026 2020 αὐτὸν
1056 1941 1272 2033 δυσσεβείας

78 2060 265 2165 ὑπουργὸς,
283 2063 341 2142 ἵνα
358 2061 471 2144 πάλιν
490 2069 612 2164 νοῆται
630 2063 734 2163 Θεὸς,
752 2067 801 2150 ὡς
818 2076 841 2112 “
855 2064 955 2149 εἰδὼς
978 2062 1024 2145 τά
1045 2059 1165 2143 πάντα
1185 2066 1272 2167 πρίν
1317 2066 1423 2194 Qu.

26 2209 63 2272 15
77 2190 99 2230 “
117 2184 288 2286 γενέσεως
310 2187 461 2267 αύτῶν.”

1282 2368 1302 2414 ο

72 2464 133 2531 Ἐκ
160 2469 276 2534 τούτου
303 2470 421 2535 πολλοὶ
447 2470 514 2538 τῶν
536 2471 692 2548 μαθιιτῶν
714 2472 813 2537 αὐτοῦ
840 2470 990 2536 ἀπῆλθον
1014 2466 1061 2535 εἰς
1088 2470 1128 2536 τὰ
1155 2469 1325 2550 &nim

344 2594 395 2661 καὶ
422 2597 530 2663 οὐκέτι
556 2598 621 2674 μετ’
654 2598 753 2664 αὐτοῦ
780 2576 1008 2687 περιεπάτουν.

133 2767 283 2871 Σκληρά
308 2804 386 2854 πως
410 2770 490 2849 ε’στί
514 2776 588 2855 τοῖς
611 2769 795 2854 ἀσυνέτοις
820 2771 874 2848 ἀεί
898 2767 946 2848 τὰ
970 2765 1084 2875 σοφά,
1103 2769 1161 2847 καί
1185 2765 1273 2870 ὅπερ

76 2888 122 2969 ἀν
139 2891 256 2993 οἴηταί
269 2926 324 2978 τις
342 2894 400 2973 καί
420 2893 461 2973 ού
478 2894 628 2995 μετρίως
646 2891 789 2993 ἀνήσειν
806 2890 945 2989 αύτούς,
964 2900 1069 2972 τοῦτο
1092 2888 1273 2974 πολλάκις

24 3015 201 3118 αοόρᾶται
234 3019 296 3097 καί
323 3014 516 3121 ἐπιζήμιον.
570 3014 679 3119 όνπερ
710 3014 781 3118 γάρ
813 3012 950 3117 τρόπον
980 3022 1054 3099 τοῖς
1085 3012 1152 3114 τῆν
1183 3013 1273 3118 ὄψιν

76 3140 235 3240 ἀλγοῦσι
253 3138 319 3240 τὴν
337 3137 547 3239 σωματικὴν
564 3136 714 3243 μάχεται
731 3136 798 3238 μὲν
815 3147 880 3218 τοῦ
905 3137 1009 3237 ἡλίου
1032 3137 1074 3217 τὸ
1097 3142 1188 3241 φῶς,
1205 3132 1273 3238 ἡδύ

77 3261 120 3340 δέ
133 3296 209 3346 πως
234 3264 313 3343 ε’στί
336 3260 378 3342 τὸ
404 3261 605 3368 ἀφεγγέσιν
622 3261 920 3365 ε’γκαθιδρύεσθαι
937 3256 1071 3357 τόποις,
1089 3260 1182 3340 οὕτω
1199 3265 1308 3343 τοίςᾱ

77 3391 229 3466 νοσοῦσι
252 3384 299 3465 τά
324 3383 415 3467 κατά
438 3385 502 3465 τὸν
526 3392 620 3482 νοῦν,
638 3386 778 3490 ἀπεχθῆ
803 3384 869 3484 μέν
889 3389 963 3463 τῶν
985 3381 1207 3483 μαθημάτων
1227 3380 1273 3462 τά

22 3608 33 3619 .
75 3507 389 3611 περισκελεῖττερα,
413 3514 471 3588 καί
498 3506 544 3587 τά
572 3509 794 3611 δυσενρέτοις
819 3507 968 3591 ἐννοίαις
992 3503 1271 3605 ε’πεσκιασμένα,

24 3651 63 3712 ²5
75 3633 342 3737 βδελυρώτατα,
370 3631 438 3712 κάν
469 3628 567 3714 πολὺ
598 3630 641 3711 τί)
676 3628 863 3737 ὠφέλιμον
894 3630 978 3738 ἔχοι,
1010 3633 1202 3737 προσφιλῆ
1234 3627 1273 3708 δὲ

75 3763 221 3854 μᾶλλον
244 3755 291 3837 τὰ
316 3755 427 3860 μικρὰ
452 3758 511 3836 καί
537 3753 671 3857 ἡδίονα,
695 3755 764 3837 κάν
784 3754 895 3856 μηδὲν
919 3754 1002 3835 ἔσθ’
1021 3753 1081 3835 ὅτε
1105 3755 1272 3857 περιποιῆ
1308 3839 1312 3846 ,

76 3878 118 3960 τό
141 3879 340 3964 λυσιτελές.
378 3874 499 3982 ῆγάρ
524 3879 587 3957 ούκ
611 3879 650 3958 έκ
676 3885 749 3959 τῶν
766 3879 1006 3981 προκειμένων
1024 3874 1066 3956 τὸ
1090 3875 1272 3978 εἰρημένον

76 4001 208 4104 ἀληθές
232 3999 273 4083 ὂν
295 4001 515 4105 εύρῆσομεν;
546 3997 590 4082 τὸ
615 4007 710 4082 θεῖον
732 4004 792 4082 καὶ
813 3998 909 4103 μέγα
932 3998 1132 4103 μυστήριον
1149 4030 1268 4104 παρα·

114 4247 139 4286 1.
157 4229 345 4302 ἀρχαιοτέροις]
358 4229 451 4302 ἀρχαῖς
464 4231 497 4286 Β.
633 4250 660 4296 4.
679 4229 774 4301 Κύριον
786 4228 819 4284 Β.
832 4229 947 4299 Χριστὸν
959 4226 1011 4282 Ed.
1153 4224 1180 4280 6.
1198 4225 1272 4279 6a1t.

77 4311 291 4392 assumptumex
306 4301 338 4356 B.
423 4315 453 4426 χ.
471 4302 572 4356 brom.
586 4300 620 4354 Β.
702 4301 729 4355 8.
748 4299 837 4390 χρῖμα]
851 4302 881 4355 τδ
894 4301 970 4380 κρῖμα
984 4297 1016 4352 Β.
1100 4314 1126 4367 9.
1145 4317 1226 4363 νωμεν
1240 4295 1272 4350 Β.

80 4390 121 4444 19.
141 4394 182 4426 και
194 4381 363 4442 assumptum
375 4389 407 4426 ex
448 4411 454 4426 .
563 4386 605 4425 20.
623 4372 720 4440 τρόπον
730 4390 780 4439 γαρ
793 4387 899 4424 ιανοτοο
911 4367 1003 4424 ordme
1018 4367 1050 4423 Β.
1167 4381 1209 4420 22.
1228 4365 1272 4436 τὸ]

77 4445 136 4530 τοῖς
144 4442 177 4534 Βἶ
194 4514 216 4568 B
303 4459 345 4510 24.
365 4443 398 4497 τὰ
409 4439 586 4515 δυσευρέτων]
600 4443 654 4498 ταῖς
666 4437 833 4509 δυσενρῆτοις
846 4439 878 4512 Β.
1006 4437 1049 4492 26.
1068 4437 1127 4507 πιρί
1139 4453 1188 4507 pro
1199 4456 1273 4508 περι·

76 4536 137 4584 ποιη
150 4535 179 4568 το
219 4552 227 4570 .
