<?xml version="1.0" encoding="UTF-8"?>
<!DOCTYPE html PUBLIC "-//W3C//DTD XHTML 1.0 Transitional//EN"
    "http://www.w3.org/TR/xhtml1/DTD/xhtml1-transitional.dtd">
<html xmlns="http://www.w3.org/1999/xhtml" xml:lang="en" lang="en">
 <head>
  <title>
</title>
<meta http-equiv="Content-Type" content="text/html;charset=utf-8" />
  <meta name='ocr-system' content='tesseract 3.04.00' />
  <meta name='ocr-capabilities' content='ocr_page ocr_carea ocr_par ocr_line ocrx_word'/>
</head>
<body>
  <div class='ocr_page' id='page_1' title='image "./sanctipatrisnos00pusegoog_0416.png"; bbox 0 0 3038 5018; ppageno 0'>
   <div class='ocr_carea' id='block_1_1' title="bbox 87 290 1285 360">
    <p class='ocr_par' dir='ltr' id='par_1_1' title="bbox 87 290 1285 360">
     <span class='ocr_line' id='line_1_1' title="bbox 87 290 1285 360; baseline 0.003 -4"><span class='ocrx_word' id='word_1_1' title='bbox 87 290 130 357; x_wconf 88' lang='lat' dir='ltr'>vi.</span> <span class='ocrx_word' id='word_1_2' title='bbox 148 313 174 356; x_wconf 86' lang='lat'>1.</span> <span class='ocrx_word' id='word_1_3' title='bbox 255 293 312 358; x_wconf 93' lang='lat' dir='ltr'>IN</span> <span class='ocrx_word' id='word_1_4' title='bbox 342 292 376 358; x_wconf 85' lang='lat' dir='ltr'>S.</span> <span class='ocrx_word' id='word_1_5' title='bbox 399 293 655 359; x_wconf 82' lang='lat' dir='ltr'><strong>JOANNEM.</strong></span> <span class='ocrx_word' id='word_1_6' title='bbox 701 294 796 358; x_wconf 87' lang='lat' dir='ltr'><strong>LIB.</strong></span> <span class='ocrx_word' id='word_1_7' title='bbox 820 294 887 360; x_wconf 86' lang='lat'>111.</span> <span class='ocrx_word' id='word_1_8' title='bbox 932 295 1119 360; x_wconf 78' lang='lat' dir='ltr'>CARIV.</span> <span class='ocrx_word' id='word_1_9' title='bbox 1220 296 1285 360; x_wconf 79' lang='lat'>403</span> 
     </span>
    </p>
   </div>
   <div class='ocr_carea' id='block_1_2' title="bbox 36 458 1458 4121">
    <p class='ocr_par' dir='ltr' id='par_1_2' title="bbox 86 458 1441 938">
     <span class='ocr_line' id='line_1_2' title="bbox 86 458 1287 561; baseline -0.002 -22"><span class='ocrx_word' id='word_1_10' title='bbox 86 460 173 539; x_wconf 87' lang='grc' dir='ltr'>ἀλλ’</span> <span class='ocrx_word' id='word_1_11' title='bbox 202 460 317 560; x_wconf 88' lang='grc' dir='ltr'>ἡκέτω</span> <span class='ocrx_word' id='word_1_12' title='bbox 348 463 407 542; x_wconf 78' lang='grc' dir='ltr'>καὶ</span> <span class='ocrx_word' id='word_1_13' title='bbox 436 467 500 541; x_wconf 82' lang='grc' dir='ltr'>νῦν</span> <span class='ocrx_word' id='word_1_14' title='bbox 529 464 578 545; x_wconf 89' lang='grc' dir='ltr'>εῖς</span> <span class='ocrx_word' id='word_1_15' title='bbox 607 460 720 560; x_wconf 78' lang='grc' dir='ltr'>με’σον</span> <span class='ocrx_word' id='word_1_16' title='bbox 748 461 833 561; x_wconf 85' lang='grc' dir='ltr'>ἡμῖν</span> <span class='ocrx_word' id='word_1_17' title='bbox 860 461 881 540; x_wconf 86' lang='lat'><strong><em>5</em></strong></span> <span class='ocrx_word' id='word_1_18' title='bbox 910 460 975 546; x_wconf 78' lang='grc' dir='ltr'>τοῖς</span> <span class='ocrx_word' id='word_1_19' title='bbox 1006 466 1079 540; x_wconf 91' lang='grc' dir='ltr'>τῶν</span> <span class='ocrx_word' id='word_1_20' title='bbox 1106 458 1287 542; x_wconf 80' lang='grc' dir='ltr'>Ἰουδαίων</span> 
     </span>
     <span class='ocr_line' id='line_1_3' title="bbox 87 580 1286 689; baseline 0.003 -27"><span class='ocrx_word' id='word_1_21' title='bbox 87 583 258 668; x_wconf 88' lang='grc' dir='ltr'>ἀπονοίας</span> <span class='ocrx_word' id='word_1_22' title='bbox 281 583 605 689; x_wconf 79' lang='grc' dir='ltr'>προαναθρηνήσας</span> <span class='ocrx_word' id='word_1_23' title='bbox 625 589 802 684; x_wconf 77' lang='grc' dir='ltr'>Μωυσῆς,</span> <span class='ocrx_word' id='word_1_24' title='bbox 820 585 879 664; x_wconf 79' lang='grc' dir='ltr'>καῖ</span> <span class='ocrx_word' id='word_1_25' title='bbox 898 582 1031 687; x_wconf 85' lang='grc' dir='ltr'>λεγέτω</span> <span class='ocrx_word' id='word_1_26' title='bbox 1049 582 1139 686; x_wconf 79' lang='grc' dir='ltr'>πρός</span> <span class='ocrx_word' id='word_1_27' title='bbox 1158 580 1286 667; x_wconf 75' lang='grc' dir='ltr'>αὐτοὺς</span> 
     </span>
     <span class='ocr_line' id='line_1_4' title="bbox 87 700 1441 833; baseline 0 -48"><span class='ocrx_word' id='word_1_28' title='bbox 87 706 147 785; x_wconf 77' lang='grc' dir='ltr'>ἐπὶ</span> <span class='ocrx_word' id='word_1_29' title='bbox 173 712 250 790; x_wconf 88' lang='grc' dir='ltr'>ταῖς</span> <span class='ocrx_word' id='word_1_30' title='bbox 277 713 325 792; x_wconf 84' lang='grc' dir='ltr'>εὶς</span> <span class='ocrx_word' id='word_1_31' title='bbox 348 705 513 812; x_wconf 79' lang='grc' dir='ltr'>Χριστόν</span> <span class='ocrx_word' id='word_1_32' title='bbox 536 709 717 804; x_wconf 75' lang='grc' dir='ltr'>ἀσεβείαις</span> <span class='ocrx_word' id='word_1_33' title='bbox 745 709 958 810; x_wconf 81' lang='grc' dir='ltr'>ἀγανακτῶν</span> <span class='ocrx_word' id='word_1_34' title='bbox 976 718 996 755; x_wconf 84' lang='grc'><strong>“</strong></span> <span class='ocrx_word' id='word_1_35' title='bbox 1009 705 1119 786; x_wconf 80' lang='grc' dir='ltr'>Γενεὰ</span> <span class='ocrx_word' id='word_1_36' title='bbox 1144 700 1285 808; x_wconf 85' lang='grc' dir='ltr'>πονηρά</span> <span class='ocrx_word' id='word_1_37' title='bbox 1329 706 1406 821; x_wconf 48' lang='lat' dir='ltr'>Q·</span> <span class='ocrx_word' id='word_1_38' title='bbox 1418 783 1441 833; x_wconf 76' lang='lat'>5.</span> 
     </span>
     <span class='ocr_line' id='line_1_5' title="bbox 89 828 1354 938; baseline 0 -30"><span class='ocrx_word' id='word_1_39' title='bbox 89 837 112 875; x_wconf 85' lang='lat'>“</span> <span class='ocrx_word' id='word_1_40' title='bbox 128 828 187 908; x_wconf 80' lang='grc' dir='ltr'>καὶ</span> <span class='ocrx_word' id='word_1_41' title='bbox 204 834 382 935; x_wconf 76' lang='grc' dir='ltr'>μοιχαλὶς,</span> <span class='ocrx_word' id='word_1_42' title='bbox 401 839 513 911; x_wconf 89' lang='grc' dir='ltr'>ταῦτα</span> <span class='ocrx_word' id='word_1_43' title='bbox 531 837 583 938; x_wconf 78' lang='grc' dir='ltr'>τῷ</span> <span class='ocrx_word' id='word_1_44' title='bbox 603 831 725 938; x_wconf 79' lang='grc' dir='ltr'>Κυρίῳ</span> <span class='ocrx_word' id='word_1_45' title='bbox 745 831 997 911; x_wconf 88' lang='grc' dir='ltr'>ἀνταπαδίδοτε</span> <span class='ocrx_word' id='word_1_46' title='bbox 1008 832 1042 928; x_wconf 86' lang='grc'>;”</span> <span class='ocrx_word' id='word_1_47' title='bbox 1072 828 1135 910; x_wconf 80' lang='grc' dir='ltr'>τὸν</span> <span class='ocrx_word' id='word_1_48' title='bbox 1153 832 1285 930; x_wconf 89' lang='grc' dir='ltr'>διενεγ-</span> <span class='ocrx_word' id='word_1_49' title='bbox 1330 835 1354 887; x_wconf 88' lang='lat'>⁶·</span> 
     </span>
    </p>

    <p class='ocr_par' dir='ltr' id='par_1_3' title="bbox 56 948 1456 1549">
     <span class='ocr_line' id='line_1_6' title="bbox 56 948 1286 1061; baseline 0.002 -31"><span class='ocrx_word' id='word_1_50' title='bbox 56 948 199 1031; x_wconf 86' lang='grc' dir='ltr'>5κόντα</span> <span class='ocrx_word' id='word_1_51' title='bbox 230 951 290 1033; x_wconf 81' lang='grc' dir='ltr'>διὰ</span> <span class='ocrx_word' id='word_1_52' title='bbox 317 951 512 1053; x_wconf 74' lang='grc' dir='ltr'>θαλάσσης</span> <span class='ocrx_word' id='word_1_53' title='bbox 542 953 658 1054; x_wconf 86' lang='grc' dir='ltr'>μέσης</span> <span class='ocrx_word' id='word_1_54' title='bbox 689 953 749 1033; x_wconf 75' lang='grc' dir='ltr'>καῖ</span> <span class='ocrx_word' id='word_1_55' title='bbox 779 952 945 1053; x_wconf 86' lang='grc' dir='ltr'>κυμάτων</span> <span class='ocrx_word' id='word_1_56' title='bbox 977 958 1152 1061; x_wconf 82' lang='grc' dir='ltr'>σφοδρῶν</span> <span class='ocrx_word' id='word_1_57' title='bbox 1184 949 1286 1059; x_wconf 80' lang='grc' dir='ltr'>πέραι</span> 
     </span>
     <span class='ocr_line' id='line_1_7' title="bbox 88 1072 1400 1183; baseline 0.002 -31"><span class='ocrx_word' id='word_1_58' title='bbox 88 1072 248 1161; x_wconf 78' lang='grc' dir='ltr'>ἐλαύνεις</span> <span class='ocrx_word' id='word_1_59' title='bbox 268 1073 458 1176; x_wconf 81' lang='grc' dir='ltr'>θαλάσσης,</span> <span class='ocrx_word' id='word_1_60' title='bbox 485 1078 544 1157; x_wconf 84' lang='grc' dir='ltr'>καὶ</span> <span class='ocrx_word' id='word_1_61' title='bbox 572 1077 709 1157; x_wconf 81' lang='grc' dir='ltr'>διώκων</span> <span class='ocrx_word' id='word_1_62' title='bbox 733 1077 797 1156; x_wconf 77' lang='grc' dir='ltr'>οὐκ</span> <span class='ocrx_word' id='word_1_63' title='bbox 824 1078 1013 1183; x_wconf 79' lang='grc' dir='ltr'>ἐρυθριᾷς;</span> <span class='ocrx_word' id='word_1_64' title='bbox 1046 1075 1117 1155; x_wconf 82' lang='grc' dir='ltr'>σὸν</span> <span class='ocrx_word' id='word_1_65' title='bbox 1134 1077 1197 1155; x_wconf 81' lang='grc' dir='ltr'>οὖν</span> <span class='ocrx_word' id='word_1_66' title='bbox 1216 1075 1287 1178; x_wconf 86' lang='grc' dir='ltr'>ἀρα</span> <span class='ocrx_word' id='word_1_67' title='bbox 1395 1102 1400 1121; x_wconf 89' lang='grc'><em>·</em></span> 
     </span>
     <span class='ocr_line' id='line_1_8' title="bbox 87 1194 1456 1307; baseline 0 -30"><span class='ocrx_word' id='word_1_68' title='bbox 87 1194 131 1277; x_wconf 82' lang='grc' dir='ltr'>τὸ</span> <span class='ocrx_word' id='word_1_69' title='bbox 154 1204 283 1279; x_wconf 82' lang='grc' dir='ltr'>παθεῖν</span> <span class='ocrx_word' id='word_1_70' title='bbox 300 1197 459 1298; x_wconf 88' lang='grc' dir='ltr'>Ἰουδαῖε,</span> <span class='ocrx_word' id='word_1_71' title='bbox 482 1199 527 1281; x_wconf 89' lang='grc' dir='ltr'>σέ</span> <span class='ocrx_word' id='word_1_72' title='bbox 555 1199 763 1307; x_wconf 79' lang='grc' dir='ltr'>καταπνίξει</span> <span class='ocrx_word' id='word_1_73' title='bbox 788 1197 917 1280; x_wconf 81' lang='grc' dir='ltr'>λοιπὸν</span> <span class='ocrx_word' id='word_1_74' title='bbox 942 1200 965 1300; x_wconf 82' lang='grc' dir='ltr'><em>ἡ</em></span> <span class='ocrx_word' id='word_1_75' title='bbox 991 1198 1183 1279; x_wconf 86' lang='grc' dir='ltr'>θάλασσα·</span> <span class='ocrx_word' id='word_1_76' title='bbox 1214 1203 1318 1277; x_wconf 62' lang='grc' dir='ltr'>τῶνε</span> <span class='ocrx_word' id='word_1_77' title='bbox 1342 1209 1456 1267; x_wconf 73' lang='grc' dir='ltr'><strong>273Α·</strong></span> 
     </span>
     <span class='ocr_line' id='line_1_9' title="bbox 89 1317 1287 1422; baseline 0 -22"><span class='ocrx_word' id='word_1_78' title='bbox 89 1317 162 1422; x_wconf 78' lang='grc' dir='ltr'>γάρ</span> <span class='ocrx_word' id='word_1_79' title='bbox 187 1320 487 1420; x_wconf 85' lang='grc' dir='ltr'>καταδιωκόιτων,</span> <span class='ocrx_word' id='word_1_80' title='bbox 515 1325 557 1402; x_wconf 81' lang='grc' dir='ltr'>οὐ</span> <span class='ocrx_word' id='word_1_81' title='bbox 582 1329 655 1402; x_wconf 92' lang='grc' dir='ltr'>τῶν</span> <span class='ocrx_word' id='word_1_82' title='bbox 677 1321 910 1422; x_wconf 76' lang='grc' dir='ltr'>διωκομένων,</span> <span class='ocrx_word' id='word_1_83' title='bbox 936 1323 956 1401; x_wconf 95' lang='lat'><strong><em>5</em></strong></span> <span class='ocrx_word' id='word_1_84' title='bbox 982 1319 1143 1418; x_wconf 86' lang='grc' dir='ltr'>θάνατος,</span> <span class='ocrx_word' id='word_1_85' title='bbox 1168 1323 1225 1400; x_wconf 85' lang='grc' dir='ltr'>καῖ</span> <span class='ocrx_word' id='word_1_86' title='bbox 1249 1322 1287 1400; x_wconf 90' lang='grc' dir='ltr'>ἐν</span> 
     </span>
     <span class='ocr_line' id='line_1_10' title="bbox 89 1443 1288 1549; baseline 0.002 -27"><span class='ocrx_word' id='word_1_87' title='bbox 89 1444 230 1529; x_wconf 89' lang='grc' dir='ltr'>ἐκείνοις</span> <span class='ocrx_word' id='word_1_88' title='bbox 261 1443 306 1546; x_wconf 83' lang='grc' dir='ltr'>ἦν</span> <span class='ocrx_word' id='word_1_89' title='bbox 335 1443 428 1544; x_wconf 88' lang='grc' dir='ltr'>τότε,</span> <span class='ocrx_word' id='word_1_90' title='bbox 460 1450 518 1526; x_wconf 82' lang='grc' dir='ltr'>καῖ</span> <span class='ocrx_word' id='word_1_91' title='bbox 551 1456 615 1526; x_wconf 83' lang='grc' dir='ltr'>νῦν</span> <span class='ocrx_word' id='word_1_92' title='bbox 645 1449 703 1526; x_wconf 79' lang='grc' dir='ltr'>ἐπὶ</span> <span class='ocrx_word' id='word_1_93' title='bbox 736 1451 902 1549; x_wconf 83' lang='grc' dir='ltr'>Χριστοῦ</span> <span class='ocrx_word' id='word_1_94' title='bbox 935 1449 993 1525; x_wconf 82' lang='grc' dir='ltr'>καὶ</span> <span class='ocrx_word' id='word_1_95' title='bbox 1026 1452 1099 1525; x_wconf 91' lang='grc' dir='ltr'>τῶν</span> <span class='ocrx_word' id='word_1_96' title='bbox 1130 1445 1288 1524; x_wconf 81' lang='grc' dir='ltr'>ἀνοσίων</span> 
     </span>
    </p>

    <p class='ocr_par' dir='ltr' id='par_1_4' title="bbox 36 1565 1458 2171">
     <span class='ocr_line' id='line_1_11' title="bbox 36 1565 1288 1676; baseline -0.001 -29"><span class='ocrx_word' id='word_1_97' title='bbox 36 1595 75 1637; x_wconf 90' lang='lat'>10</span> <span class='ocrx_word' id='word_1_98' title='bbox 88 1565 282 1649; x_wconf 86' lang='grc' dir='ltr'>Ἰουδαίων.</span> <span class='ocrx_word' id='word_1_99' title='bbox 331 1566 472 1676; x_wconf 77' lang='grc' dir='ltr'>ψάλλει</span> <span class='ocrx_word' id='word_1_100' title='bbox 502 1570 543 1650; x_wconf 91' lang='grc' dir='ltr'>δέ</span> <span class='ocrx_word' id='word_1_101' title='bbox 570 1604 642 1651; x_wconf 91' lang='grc' dir='ltr'>που</span> <span class='ocrx_word' id='word_1_102' title='bbox 676 1573 734 1651; x_wconf 81' lang='grc' dir='ltr'>καῖ</span> <span class='ocrx_word' id='word_1_103' title='bbox 766 1572 787 1649; x_wconf 88' lang='lat'><strong><em>5</em></strong></span> <span class='ocrx_word' id='word_1_104' title='bbox 820 1566 1013 1654; x_wconf 71' lang='grc' dir='ltr'>θεσπέσιος</span> <span class='ocrx_word' id='word_1_105' title='bbox 1043 1570 1127 1670; x_wconf 85' lang='grc' dir='ltr'>ἡμῖν</span> <span class='ocrx_word' id='word_1_106' title='bbox 1155 1568 1288 1648; x_wconf 88' lang='grc' dir='ltr'>Δαυείδ</span> 
     </span>
     <span class='ocr_line' id='line_1_12' title="bbox 89 1689 1458 1811; baseline 0.001 -41"><span class='ocrx_word' id='word_1_107' title='bbox 89 1701 112 1739; x_wconf 85' lang='grc'><strong>“</strong></span> <span class='ocrx_word' id='word_1_108' title='bbox 131 1689 199 1792; x_wconf 79' lang='grc' dir='ltr'>Μή</span> <span class='ocrx_word' id='word_1_109' title='bbox 216 1726 262 1786; x_wconf 89' lang='grc' dir='ltr'>με</span> <span class='ocrx_word' id='word_1_110' title='bbox 280 1693 578 1774; x_wconf 88' lang='grc' dir='ltr'>καταποντισάτω</span> <span class='ocrx_word' id='word_1_111' title='bbox 597 1697 758 1795; x_wconf 79' lang='grc' dir='ltr'>καταιγῖς</span> <span class='ocrx_word' id='word_1_112' title='bbox 777 1694 915 1791; x_wconf 81' lang='grc' dir='ltr'>ὕδατος,</span> <span class='ocrx_word' id='word_1_113' title='bbox 930 1691 1057 1794; x_wconf 89' lang='grc' dir='ltr'>λέγων,</span> <span class='ocrx_word' id='word_1_114' title='bbox 1071 1690 1161 1793; x_wconf 87' lang='grc' dir='ltr'>μηδέ</span> <span class='ocrx_word' id='word_1_115' title='bbox 1180 1725 1288 1772; x_wconf 84' lang='grc' dir='ltr'>κατα·</span> <span class='ocrx_word' id='word_1_116' title='bbox 1333 1695 1458 1811; x_wconf 48' lang='lat' dir='ltr'>{gffffffi</span> 
     </span>
     <span class='ocr_line' id='line_1_13' title="bbox 90 1814 1289 1921; baseline 0.002 -25"><span class='ocrx_word' id='word_1_117' title='bbox 90 1823 112 1863; x_wconf 85' lang='lat'>“</span> <span class='ocrx_word' id='word_1_118' title='bbox 128 1814 238 1897; x_wconf 90' lang='grc' dir='ltr'>πιέτω</span> <span class='ocrx_word' id='word_1_119' title='bbox 255 1851 300 1915; x_wconf 88' lang='grc' dir='ltr'>με</span> <span class='ocrx_word' id='word_1_120' title='bbox 318 1815 460 1912; x_wconf 87' lang='grc' dir='ltr'>βυθός·”</span> <span class='ocrx_word' id='word_1_121' title='bbox 481 1815 522 1897; x_wconf 81' lang='grc' dir='ltr'>τό</span> <span class='ocrx_word' id='word_1_122' title='bbox 539 1816 781 1921; x_wconf 88' lang='grc' dir='ltr'>παγχάλεπον</span> <span class='ocrx_word' id='word_1_123' title='bbox 799 1820 863 1917; x_wconf 81' lang='grc' dir='ltr'>τῆς</span> <span class='ocrx_word' id='word_1_124' title='bbox 876 1816 1058 1896; x_wconf 81' lang='grc' dir='ltr'>Ἰουδαίων</span> <span class='ocrx_word' id='word_1_125' title='bbox 1073 1817 1289 1918; x_wconf 76' lang='grc' dir='ltr'>συναγωγῆς</span> 
     </span>
     <span class='ocr_line' id='line_1_14' title="bbox 90 1936 1290 2046; baseline 0 -27"><span class='ocrx_word' id='word_1_126' title='bbox 90 1939 323 2046; x_wconf 80' lang='grc' dir='ltr'>ὖπεμφαίνων</span> <span class='ocrx_word' id='word_1_127' title='bbox 350 1940 531 2043; x_wconf 82' lang='grc' dir='ltr'>ναυάγιον,</span> <span class='ocrx_word' id='word_1_128' title='bbox 559 1943 617 2019; x_wconf 85' lang='grc' dir='ltr'>καὶ</span> <span class='ocrx_word' id='word_1_129' title='bbox 644 1939 686 2019; x_wconf 83' lang='grc' dir='ltr'>τὸ</span> <span class='ocrx_word' id='word_1_130' title='bbox 716 1936 787 2018; x_wconf 78' lang='grc' dir='ltr'>σὺν</span> <span class='ocrx_word' id='word_1_131' title='bbox 814 1940 955 2022; x_wconf 87' lang='grc' dir='ltr'>ἐκείνοις</span> <span class='ocrx_word' id='word_1_132' title='bbox 987 1940 1290 2041; x_wconf 87' lang='grc' dir='ltr'>ἐναποπνίγεσθαι</span> 
     </span>
     <span class='ocr_line' id='line_1_15' title="bbox 89 2058 1291 2171; baseline 0.001 -31"><span class='ocrx_word' id='word_1_133' title='bbox 89 2065 142 2171; x_wconf 76' lang='grc' dir='ltr'>τῶ</span> <span class='ocrx_word' id='word_1_134' title='bbox 160 2064 223 2160; x_wconf 75' lang='grc' dir='ltr'>τῆς</span> <span class='ocrx_word' id='word_1_135' title='bbox 241 2062 423 2165; x_wconf 84' lang='grc' dir='ltr'>ἀγνωσίας</span> <span class='ocrx_word' id='word_1_136' title='bbox 439 2067 542 2170; x_wconf 80' lang='grc' dir='ltr'>βυθῷ</span> <span class='ocrx_word' id='word_1_137' title='bbox 559 2061 850 2166; x_wconf 81' lang='grc' dir='ltr'>παραιτούμενος.</span> <span class='ocrx_word' id='word_1_138' title='bbox 890 2063 977 2141; x_wconf 89' lang='grc' dir='ltr'>ἀλλ’</span> <span class='ocrx_word' id='word_1_139' title='bbox 998 2058 1207 2162; x_wconf 68' lang='grc' dir='ltr'>Αἰγιναίοις</span> <span class='ocrx_word' id='word_1_140' title='bbox 1225 2061 1291 2161; x_wconf 89' lang='grc' dir='ltr'>μέν</span> 
     </span>
    </p>

    <p class='ocr_par' dir='ltr' id='par_1_5' title="bbox 36 2184 1324 2783">
     <span class='ocr_line' id='line_1_16' title="bbox 36 2184 1324 2292; baseline 0 -29"><span class='ocrx_word' id='word_1_141' title='bbox 36 2210 77 2271; x_wconf 83' lang='lat'>15</span> <span class='ocrx_word' id='word_1_142' title='bbox 91 2187 148 2263; x_wconf 76' lang='grc' dir='ltr'>καὶ</span> <span class='ocrx_word' id='word_1_143' title='bbox 175 2189 227 2292; x_wconf 74' lang='grc' dir='ltr'>τῷ</span> <span class='ocrx_word' id='word_1_144' title='bbox 253 2189 337 2288; x_wconf 83' lang='grc' dir='ltr'>παρ’</span> <span class='ocrx_word' id='word_1_145' title='bbox 361 2186 503 2271; x_wconf 89' lang='grc' dir='ltr'>ἐκείνοις</span> <span class='ocrx_word' id='word_1_146' title='bbox 530 2193 728 2288; x_wconf 86' lang='grc' dir='ltr'>κρατοῦντι,</span> <span class='ocrx_word' id='word_1_147' title='bbox 746 2184 825 2266; x_wconf 88' lang='grc' dir='ltr'>τότε</span> <span class='ocrx_word' id='word_1_148' title='bbox 852 2190 933 2290; x_wconf 87' lang='grc' dir='ltr'>περὶ</span> <span class='ocrx_word' id='word_1_149' title='bbox 960 2185 1130 2284; x_wconf 82' lang='grc' dir='ltr'>σώματος</span> <span class='ocrx_word' id='word_1_150' title='bbox 1157 2187 1196 2264; x_wconf 86' lang='grc' dir='ltr'>ἐκ</span> <span class='ocrx_word' id='word_1_151' title='bbox 1223 2188 1324 2287; x_wconf 71' lang='grc' dir='ltr'>γῆςὶι</span> 
     </span>
     <span class='ocr_line' id='line_1_17' title="bbox 90 2305 1289 2410; baseline 0 -24"><span class='ocrx_word' id='word_1_152' title='bbox 90 2306 292 2390; x_wconf 86' lang='grc' dir='ltr'>ἀκίνδυνος</span> <span class='ocrx_word' id='word_1_153' title='bbox 317 2307 372 2408; x_wconf 84' lang='grc' dir='ltr'>ἦν,</span> <span class='ocrx_word' id='word_1_154' title='bbox 389 2307 554 2388; x_wconf 87' lang='grc' dir='ltr'>Ἰουδαῖοι</span> <span class='ocrx_word' id='word_1_155' title='bbox 581 2306 621 2387; x_wconf 86' lang='grc' dir='ltr'>δέ</span> <span class='ocrx_word' id='word_1_156' title='bbox 647 2305 822 2392; x_wconf 81' lang='grc' dir='ltr'>παθόντες</span> <span class='ocrx_word' id='word_1_157' title='bbox 849 2314 896 2393; x_wconf 82' lang='grc' dir='ltr'>εἶς</span> <span class='ocrx_word' id='word_1_158' title='bbox 924 2306 970 2389; x_wconf 79' lang='grc' dir='ltr'>τὰ</span> <span class='ocrx_word' id='word_1_159' title='bbox 997 2307 1187 2410; x_wconf 83' lang='grc' dir='ltr'>τιμιώτερα</span> <span class='ocrx_word' id='word_1_160' title='bbox 1215 2341 1289 2404; x_wconf 89' lang='grc' dir='ltr'>μει-</span> 
     </span>
     <span class='ocr_line' id='line_1_18' title="bbox 91 2428 1291 2539; baseline 0.003 -28"><span class='ocrx_word' id='word_1_161' title='bbox 91 2428 199 2533; x_wconf 88' lang='grc' dir='ltr'>ζόνως</span> <span class='ocrx_word' id='word_1_162' title='bbox 217 2429 440 2535; x_wconf 87' lang='grc' dir='ltr'>κολάζονται·</span> <span class='ocrx_word' id='word_1_163' title='bbox 471 2437 596 2539; x_wconf 80' lang='grc' dir='ltr'>φυχῆς</span> <span class='ocrx_word' id='word_1_164' title='bbox 614 2431 686 2535; x_wconf 78' lang='grc' dir='ltr'>γὰρ</span> <span class='ocrx_word' id='word_1_165' title='bbox 706 2433 922 2531; x_wconf 76' lang='grc' dir='ltr'>ὑπομένουσι</span> <span class='ocrx_word' id='word_1_166' title='bbox 947 2431 1084 2534; x_wconf 77' lang='grc' dir='ltr'>ζημίαν,</span> <span class='ocrx_word' id='word_1_167' title='bbox 1102 2428 1291 2531; x_wconf 82' lang='grc' dir='ltr'>ἀναλόγως</span> 
     </span>
     <span class='ocr_line' id='line_1_19' title="bbox 91 2551 1293 2660; baseline 0.001 -27"><span class='ocrx_word' id='word_1_168' title='bbox 91 2561 165 2640; x_wconf 90' lang='grc' dir='ltr'>ταῖς</span> <span class='ocrx_word' id='word_1_169' title='bbox 183 2556 283 2639; x_wconf 76' lang='grc' dir='ltr'>ἰδίοις</span> <span class='ocrx_word' id='word_1_170' title='bbox 301 2554 576 2659; x_wconf 89' lang='grc' dir='ltr'>κακουργήμασι</span> <span class='ocrx_word' id='word_1_171' title='bbox 594 2554 640 2634; x_wconf 81' lang='grc' dir='ltr'>τὰ</span> <span class='ocrx_word' id='word_1_172' title='bbox 658 2556 816 2660; x_wconf 82' lang='grc' dir='ltr'>ἐπίχειρα</span> <span class='ocrx_word' id='word_1_173' title='bbox 835 2553 1066 2656; x_wconf 78' lang='grc' dir='ltr'>κομιζόμενοι.</span> <span class='ocrx_word' id='word_1_174' title='bbox 1106 2551 1293 2656; x_wconf 77' lang='grc' dir='ltr'>ἐκολάζετο</span> 
     </span>
     <span class='ocr_line' id='line_1_20' title="bbox 91 2673 1293 2783; baseline -0.002 -25"><span class='ocrx_word' id='word_1_175' title='bbox 91 2677 157 2776; x_wconf 82' lang='grc' dir='ltr'>μέν</span> <span class='ocrx_word' id='word_1_176' title='bbox 187 2677 258 2783; x_wconf 85' lang='grc' dir='ltr'>γάρ</span> <span class='ocrx_word' id='word_1_177' title='bbox 295 2676 453 2782; x_wconf 79' lang='grc' dir='ltr'>εὐλόγως</span> <span class='ocrx_word' id='word_1_178' title='bbox 485 2682 505 2759; x_wconf 91' lang='lat'><strong><em>5</em></strong></span> <span class='ocrx_word' id='word_1_179' title='bbox 539 2677 684 2780; x_wconf 82' lang='grc' dir='ltr'>Φαραὼ,</span> <span class='ocrx_word' id='word_1_180' title='bbox 715 2685 939 2759; x_wconf 84' lang='grc' dir='ltr'>πλεονεκτεῖν</span> <span class='ocrx_word' id='word_1_181' title='bbox 971 2684 1019 2763; x_wconf 81' lang='grc' dir='ltr'>εἷς</span> <span class='ocrx_word' id='word_1_182' title='bbox 1054 2678 1219 2759; x_wconf 88' lang='grc' dir='ltr'>δουλείαν</span> <span class='ocrx_word' id='word_1_183' title='bbox 1249 2673 1293 2756; x_wconf 85' lang='grc' dir='ltr'>τδ</span> 
     </span>
    </p>

    <p class='ocr_par' dir='ltr' id='par_1_6' title="bbox 38 2799 1323 3394">
     <span class='ocr_line' id='line_1_21' title="bbox 38 2799 1293 2908; baseline 0.002 -32"><span class='ocrx_word' id='word_1_184' title='bbox 38 2835 80 2877; x_wconf 77' lang='lat'>20</span> <span class='ocrx_word' id='word_1_185' title='bbox 91 2799 278 2905; x_wconf 78' lang='grc' dir='ltr'>ἐλεύθερον</span> <span class='ocrx_word' id='word_1_186' title='bbox 305 2803 502 2907; x_wconf 79' lang='grc' dir='ltr'>ἐπιχειρῶν·</span> <span class='ocrx_word' id='word_1_187' title='bbox 543 2808 746 2904; x_wconf 86' lang='grc' dir='ltr'>τιμωρεῖται</span> <span class='ocrx_word' id='word_1_188' title='bbox 774 2800 811 2881; x_wconf 84' lang='grc' dir='ltr'>δέ</span> <span class='ocrx_word' id='word_1_189' title='bbox 838 2800 952 2884; x_wconf 86' lang='grc' dir='ltr'>πάλιν</span> <span class='ocrx_word' id='word_1_190' title='bbox 979 2799 1023 2907; x_wconf 79' lang='grc' dir='ltr'>ἐξ</span> <span class='ocrx_word' id='word_1_191' title='bbox 1048 2799 1293 2908; x_wconf 83' lang='grc' dir='ltr'>ἀντιστρόφου</span> 
     </span>
     <span class='ocr_line' id='line_1_22' title="bbox 91 2922 1293 3034; baseline 0.001 -30"><span class='ocrx_word' id='word_1_192' title='bbox 91 2925 234 3010; x_wconf 85' lang='grc' dir='ltr'>δικαίως</span> <span class='ocrx_word' id='word_1_193' title='bbox 262 2923 457 3028; x_wconf 82' lang='grc' dir='ltr'>ὁἸσραὴλ</span> <span class='ocrx_word' id='word_1_194' title='bbox 485 2924 551 3025; x_wconf 81' lang='grc' dir='ltr'>τὴν</span> <span class='ocrx_word' id='word_1_195' title='bbox 580 2922 649 3006; x_wconf 75' lang='grc' dir='ltr'>ὑπὸ</span> <span class='ocrx_word' id='word_1_196' title='bbox 677 2931 729 3034; x_wconf 80' lang='grc' dir='ltr'>τφ</span> <span class='ocrx_word' id='word_1_197' title='bbox 756 2923 901 3006; x_wconf 85' lang='grc' dir='ltr'>πάντων</span> <span class='ocrx_word' id='word_1_198' title='bbox 925 2924 1100 3030; x_wconf 82' lang='grc' dir='ltr'>Δεσπότῃ</span> <span class='ocrx_word' id='word_1_199' title='bbox 1129 2925 1293 3005; x_wconf 88' lang='grc' dir='ltr'>δουλείαν</span> 
     </span>
     <span class='ocr_line' id='line_1_23' title="bbox 92 3044 1294 3153; baseline 0.002 -25"><span class='ocrx_word' id='word_1_200' title='bbox 92 3049 157 3129; x_wconf 75' lang='grc' dir='ltr'>οὐκ</span> <span class='ocrx_word' id='word_1_201' title='bbox 184 3045 441 3152; x_wconf 75' lang='grc' dir='ltr'>εἰσερχόμενος,</span> <span class='ocrx_word' id='word_1_202' title='bbox 467 3050 550 3126; x_wconf 83' lang='grc' dir='ltr'>ἀλλ’</span> <span class='ocrx_word' id='word_1_203' title='bbox 579 3047 667 3151; x_wconf 81' lang='grc' dir='ltr'>ὅπερ</span> <span class='ocrx_word' id='word_1_204' title='bbox 696 3044 741 3146; x_wconf 83' lang='grc' dir='ltr'>ἦν</span> <span class='ocrx_word' id='word_1_205' title='bbox 769 3051 817 3131; x_wconf 89' lang='grc' dir='ltr'>ῶς</span> <span class='ocrx_word' id='word_1_206' title='bbox 844 3049 881 3127; x_wconf 86' lang='grc' dir='ltr'>ἐν</span> <span class='ocrx_word' id='word_1_207' title='bbox 909 3044 1053 3146; x_wconf 79' lang='grc' dir='ltr'>δυνάμει</span> <span class='ocrx_word' id='word_1_208' title='bbox 1081 3047 1294 3153; x_wconf 81' lang='grc' dir='ltr'>πλεονεξίας</span> 
     </span>
     <span class='ocr_line' id='line_1_24' title="bbox 92 3163 1293 3274; baseline -0.003 -27"><span class='ocrx_word' id='word_1_209' title='bbox 92 3170 222 3252; x_wconf 84' lang='grc' dir='ltr'>ἐκεῖνος</span> <span class='ocrx_word' id='word_1_210' title='bbox 240 3168 346 3274; x_wconf 76' lang='grc' dir='ltr'>αὐτῷ,</span> <span class='ocrx_word' id='word_1_211' title='bbox 359 3175 466 3247; x_wconf 80' lang='grc' dir='ltr'>τοῦτο</span> <span class='ocrx_word' id='word_1_212' title='bbox 484 3171 543 3246; x_wconf 83' lang='grc' dir='ltr'>καὶ</span> <span class='ocrx_word' id='word_1_213' title='bbox 562 3163 669 3250; x_wconf 69' lang='grc' dir='ltr'>αὐτὸς</span> <span class='ocrx_word' id='word_1_214' title='bbox 686 3169 725 3246; x_wconf 92' lang='grc' dir='ltr'>ε’κ</span> <span class='ocrx_word' id='word_1_215' title='bbox 743 3168 886 3266; x_wconf 76' lang='grc' dir='ltr'>πολλῆς</span> <span class='ocrx_word' id='word_1_216' title='bbox 904 3164 1109 3267; x_wconf 81' lang='grc' dir='ltr'>ἀλαζονείας</span> <span class='ocrx_word' id='word_1_217' title='bbox 1129 3172 1177 3249; x_wconf 79' lang='grc' dir='ltr'>εἷς</span> <span class='ocrx_word' id='word_1_218' title='bbox 1197 3164 1293 3245; x_wconf 82' lang='grc' dir='ltr'>θεὸν</span> 
     </span>
     <span class='ocr_line' id='line_1_25' title="bbox 92 3288 1323 3394; baseline 0 -25"><span class='ocrx_word' id='word_1_219' title='bbox 92 3288 354 3394; x_wconf 79' lang='grc' dir='ltr'>εὑρισκόμενος.</span> <span class='ocrx_word' id='word_1_220' title='bbox 1305 3327 1323 3369; x_wconf 89' lang='grc' dir='ltr'>ο</span> 
     </span>
    </p>

    <p class='ocr_par' dir='ltr' id='par_1_7' title="bbox 40 3412 1430 4011">
     <span class='ocr_line' id='line_1_26' title="bbox 40 3412 1289 3516; baseline -0.005 -17"><span class='ocrx_word' id='word_1_221' title='bbox 40 3438 80 3499; x_wconf 80' lang='lat'>25</span> <span class='ocrx_word' id='word_1_222' title='bbox 150 3413 371 3513; x_wconf 84' lang='grc' dir='ltr'>Σημειωτέον</span> <span class='ocrx_word' id='word_1_223' title='bbox 388 3414 436 3511; x_wconf 75' lang='grc' dir='ltr'>δέ,</span> <span class='ocrx_word' id='word_1_224' title='bbox 455 3413 511 3494; x_wconf 78' lang='grc' dir='ltr'>ὅτι</span> <span class='ocrx_word' id='word_1_225' title='bbox 528 3412 594 3513; x_wconf 75' lang='grc' dir='ltr'>τὴν</span> <span class='ocrx_word' id='word_1_226' title='bbox 609 3413 822 3516; x_wconf 81' lang='grc' dir='ltr'>Τιβεριάδος</span> <span class='ocrx_word' id='word_1_227' title='bbox 840 3414 970 3513; x_wconf 86' lang='grc' dir='ltr'>λίμνην</span> <span class='ocrx_word' id='word_1_228' title='bbox 989 3412 1177 3495; x_wconf 81' lang='grc' dir='ltr'>θάλασσαν</span> <span class='ocrx_word' id='word_1_229' title='bbox 1195 3417 1289 3495; x_wconf 88' lang='grc' dir='ltr'>ἀπο·</span> 
     </span>
     <span class='ocr_line' id='line_1_27' title="bbox 94 3536 1430 3657; baseline -0.001 -40"><span class='ocrx_word' id='word_1_230' title='bbox 94 3544 208 3632; x_wconf 88' lang='grc' dir='ltr'>καλεῖ,</span> <span class='ocrx_word' id='word_1_231' title='bbox 238 3544 312 3621; x_wconf 91' lang='grc' dir='ltr'>τοῖς</span> <span class='ocrx_word' id='word_1_232' title='bbox 340 3541 403 3637; x_wconf 75' lang='grc' dir='ltr'>τῆς</span> <span class='ocrx_word' id='word_1_233' title='bbox 433 3539 529 3621; x_wconf 88' lang='grc' dir='ltr'>θείας</span> <span class='ocrx_word' id='word_1_234' title='bbox 558 3540 703 3640; x_wconf 77' lang='grc' dir='ltr'>γραφῆς</span> <span class='ocrx_word' id='word_1_235' title='bbox 733 3536 902 3636; x_wconf 82' lang='grc' dir='ltr'>ἑπόμενος</span> <span class='ocrx_word' id='word_1_236' title='bbox 931 3537 1068 3639; x_wconf 88' lang='grc' dir='ltr'>λόγοις·</span> <span class='ocrx_word' id='word_1_237' title='bbox 1100 3547 1123 3584; x_wconf 89' lang='grc'><strong>“</strong></span> <span class='ocrx_word' id='word_1_238' title='bbox 1142 3536 1187 3618; x_wconf 87' lang='grc' dir='ltr'>τά</span> <span class='ocrx_word' id='word_1_239' title='bbox 1219 3536 1293 3641; x_wconf 80' lang='grc' dir='ltr'>γὰρ</span> <span class='ocrx_word' id='word_1_240' title='bbox 1336 3540 1430 3657; x_wconf 54' lang='lat'>2:¹¹³·</span> 
     </span>
     <span class='ocr_line' id='line_1_28' title="bbox 94 3658 1290 3762; baseline 0.002 -23"><span class='ocrx_word' id='word_1_241' title='bbox 94 3671 116 3708; x_wconf 90' lang='lat'>“</span> <span class='ocrx_word' id='word_1_242' title='bbox 135 3658 355 3761; x_wconf 81' lang='grc' dir='ltr'>συστήματα</span> <span class='ocrx_word' id='word_1_243' title='bbox 387 3667 460 3741; x_wconf 89' lang='grc' dir='ltr'>τῶν</span> <span class='ocrx_word' id='word_1_244' title='bbox 493 3658 630 3741; x_wconf 81' lang='grc' dir='ltr'>ὑδάτων</span> <span class='ocrx_word' id='word_1_245' title='bbox 663 3659 882 3745; x_wconf 87' lang='grc' dir='ltr'>θαλάσσας”</span> <span class='ocrx_word' id='word_1_246' title='bbox 917 3661 1090 3741; x_wconf 79' lang='grc' dir='ltr'>ἐκάλεσεν</span> <span class='ocrx_word' id='word_1_247' title='bbox 1122 3664 1142 3741; x_wconf 92' lang='lat'><strong><em>5</em></strong></span> <span class='ocrx_word' id='word_1_248' title='bbox 1170 3669 1290 3762; x_wconf 88' lang='grc' dir='ltr'>Δημι-</span> 
     </span>
     <span class='ocr_line' id='line_1_29' title="bbox 94 3782 1292 3891; baseline 0.003 -27"><span class='ocrx_word' id='word_1_249' title='bbox 94 3782 235 3887; x_wconf 87' lang='grc' dir='ltr'>ουργός·</span> <span class='ocrx_word' id='word_1_250' title='bbox 266 3788 455 3891; x_wconf 86' lang='grc' dir='ltr'>ἀδιαφορεῖ</span> <span class='ocrx_word' id='word_1_251' title='bbox 470 3783 507 3862; x_wconf 87' lang='grc' dir='ltr'>δέ</span> <span class='ocrx_word' id='word_1_252' title='bbox 525 3782 705 3867; x_wconf 78' lang='grc' dir='ltr'>πολλάκις</span> <span class='ocrx_word' id='word_1_253' title='bbox 724 3787 782 3863; x_wconf 83' lang='grc' dir='ltr'>καὶ</span> <span class='ocrx_word' id='word_1_254' title='bbox 804 3786 825 3863; x_wconf 88' lang='lat'><strong><em>5</em></strong></span> <span class='ocrx_word' id='word_1_255' title='bbox 847 3782 948 3888; x_wconf 85' lang='grc' dir='ltr'>παρά</span> <span class='ocrx_word' id='word_1_256' title='bbox 972 3792 1046 3869; x_wconf 89' lang='grc' dir='ltr'>τοῖς</span> <span class='ocrx_word' id='word_1_257' title='bbox 1070 3785 1139 3891; x_wconf 80' lang='grc' dir='ltr'>ἐξω</span> <span class='ocrx_word' id='word_1_258' title='bbox 1166 3787 1292 3887; x_wconf 84' lang='grc' dir='ltr'>λόγος,</span> 
     </span>
     <span class='ocr_line' id='line_1_30' title="bbox 95 3904 1292 4011; baseline 0 -25"><span class='ocrx_word' id='word_1_259' title='bbox 95 3907 143 3989; x_wconf 89' lang='grc' dir='ltr'>ῶς</span> <span class='ocrx_word' id='word_1_260' title='bbox 168 3910 227 3985; x_wconf 82' lang='grc' dir='ltr'>καὶ</span> <span class='ocrx_word' id='word_1_261' title='bbox 252 3906 383 4006; x_wconf 86' lang='grc' dir='ltr'>λίμνην</span> <span class='ocrx_word' id='word_1_262' title='bbox 401 3906 482 3987; x_wconf 88' lang='grc' dir='ltr'>ἐσθ’</span> <span class='ocrx_word' id='word_1_263' title='bbox 503 3905 562 3985; x_wconf 78' lang='grc' dir='ltr'>ὅτε</span> <span class='ocrx_word' id='word_1_264' title='bbox 590 3904 655 4006; x_wconf 80' lang='grc' dir='ltr'>τὴν</span> <span class='ocrx_word' id='word_1_265' title='bbox 674 3904 875 3987; x_wconf 87' lang='grc' dir='ltr'>θάλασσαν</span> <span class='ocrx_word' id='word_1_266' title='bbox 893 3905 1075 4010; x_wconf 75' lang='grc' dir='ltr'>ὀνομάζειν</span> <span class='ocrx_word' id='word_1_267' title='bbox 1094 3909 1135 3986; x_wconf 84' lang='grc' dir='ltr'>οὐ</span> <span class='ocrx_word' id='word_1_268' title='bbox 1160 3942 1292 4011; x_wconf 89' lang='grc' dir='ltr'>παραι-</span> 
     </span>
    </p>

    <p class='ocr_par' dir='ltr' id='par_1_8' title="bbox 41 4030 364 4121">
     <span class='ocr_line' id='line_1_31' title="bbox 41 4030 364 4121; baseline 0.022 -19"><span class='ocrx_word' id='word_1_269' title='bbox 41 4063 83 4121; x_wconf 82' lang='lat'>30</span> <span class='ocrx_word' id='word_1_270' title='bbox 95 4030 239 4109; x_wconf 86' lang='grc' dir='ltr'>τεῖσθαί</span> <span class='ocrx_word' id='word_1_271' title='bbox 255 4063 364 4112; x_wconf 88' lang='grc' dir='ltr'>τινας.</span> 
     </span>
    </p>
   </div>
   <div class='ocr_carea' id='block_1_3' title="bbox 98 4168 1297 4590">
    <p class='ocr_par' dir='ltr' id='par_1_9' title="bbox 98 4168 1297 4590">
     <span class='ocr_line' id='line_1_32' title="bbox 132 4168 1296 4241; baseline -0.001 -18"><span class='ocrx_word' id='word_1_272' title='bbox 132 4189 158 4236; x_wconf 82' lang='grc'>4.</span> <span class='ocrx_word' id='word_1_273' title='bbox 177 4171 213 4241; x_wconf 68' lang='grc' dir='ltr'>τῷ</span> <span class='ocrx_word' id='word_1_274' title='bbox 226 4186 318 4225; x_wconf 76' lang='lat' dir='ltr'>mum</span> <span class='ocrx_word' id='word_1_275' title='bbox 337 4178 396 4224; x_wconf 82' lang='lat' dir='ltr'>tum</span> <span class='ocrx_word' id='word_1_276' title='bbox 408 4187 440 4225; x_wconf 76' lang='grc' dir='ltr'>οι</span> <span class='ocrx_word' id='word_1_277' title='bbox 455 4169 487 4224; x_wconf 86' lang='grc' dir='ltr'>Β.</span> <span class='ocrx_word' id='word_1_278' title='bbox 561 4183 586 4241; x_wconf 83' lang='lat'>7.</span> <span class='ocrx_word' id='word_1_279' title='bbox 604 4168 765 4241; x_wconf 78' lang='grc' dir='ltr'>καταπνίξει]</span> <span class='ocrx_word' id='word_1_280' title='bbox 778 4170 820 4224; x_wconf 74' lang='grc' dir='ltr'>καὶ</span> <span class='ocrx_word' id='word_1_281' title='bbox 831 4168 914 4237; x_wconf 73' lang='grc' dir='ltr'>πνίξει</span> <span class='ocrx_word' id='word_1_282' title='bbox 928 4169 964 4224; x_wconf 88' lang='grc' dir='ltr'>Ι).</span> <span class='ocrx_word' id='word_1_283' title='bbox 1046 4169 1072 4223; x_wconf 87' lang='lat'>8.</span> <span class='ocrx_word' id='word_1_284' title='bbox 1090 4169 1296 4224; x_wconf 82' lang='grc' dir='ltr'>καταδιωκόντων</span> 
     </span>
     <span class='ocr_line' id='line_1_33' title="bbox 98 4238 1295 4310; baseline 0.002 -18"><span class='ocrx_word' id='word_1_285' title='bbox 98 4240 131 4293; x_wconf 91' lang='grc' dir='ltr'>Β.</span> <span class='ocrx_word' id='word_1_286' title='bbox 145 4239 289 4296; x_wconf 83' lang='grc' dir='ltr'>διωκόντων</span> <span class='ocrx_word' id='word_1_287' title='bbox 326 4238 352 4293; x_wconf 86' lang='lat' dir='ltr'>d.</span> <span class='ocrx_word' id='word_1_288' title='bbox 471 4256 512 4295; x_wconf 87' lang='lat'>10.</span> <span class='ocrx_word' id='word_1_289' title='bbox 532 4239 602 4310; x_wconf 78' lang='grc' dir='ltr'>ἡμῶν</span> <span class='ocrx_word' id='word_1_290' title='bbox 615 4240 648 4294; x_wconf 91' lang='grc' dir='ltr'>Β.</span> <span class='ocrx_word' id='word_1_291' title='bbox 770 4256 812 4294; x_wconf 87' lang='lat'>11.</span> <span class='ocrx_word' id='word_1_292' title='bbox 830 4239 914 4310; x_wconf 74' lang='grc' dir='ltr'>λέγων</span> <span class='ocrx_word' id='word_1_293' title='bbox 925 4257 980 4296; x_wconf 87' lang='lat' dir='ltr'>om.</span> <span class='ocrx_word' id='word_1_294' title='bbox 994 4239 1027 4295; x_wconf 86' lang='lat' dir='ltr'>B.</span> <span class='ocrx_word' id='word_1_295' title='bbox 1076 4239 1173 4294; x_wconf 79' lang='lat' dir='ltr'>Statim</span> <span class='ocrx_word' id='word_1_296' title='bbox 1184 4238 1247 4309; x_wconf 73' lang='grc' dir='ltr'>μήτε</span> <span class='ocrx_word' id='word_1_297' title='bbox 1261 4239 1295 4294; x_wconf 87' lang='grc' dir='ltr'>Β.</span> 
     </span>
     <span class='ocr_line' id='line_1_34' title="bbox 100 4309 1297 4382; baseline 0.001 -19"><span class='ocrx_word' id='word_1_298' title='bbox 100 4325 195 4377; x_wconf 77' lang='lat'>12-14.</span> <span class='ocrx_word' id='word_1_299' title='bbox 213 4312 244 4364; x_wconf 80' lang='grc' dir='ltr'>τὸ</span> <span class='ocrx_word' id='word_1_300' title='bbox 260 4333 281 4366; x_wconf 82' lang='grc' dir='ltr'>κ</span> <span class='ocrx_word' id='word_1_301' title='bbox 334 4311 486 4365; x_wconf 75' lang='grc' dir='ltr'>ἄλετον-π</span> <span class='ocrx_word' id='word_1_302' title='bbox 536 4309 667 4380; x_wconf 80' lang='grc' dir='ltr'>ιτοῦμενος</span> <span class='ocrx_word' id='word_1_303' title='bbox 678 4310 761 4364; x_wconf 78' lang='lat' dir='ltr'><strong>citant</strong></span> <span class='ocrx_word' id='word_1_304' title='bbox 778 4310 891 4364; x_wconf 73' lang='lat' dir='ltr'>Niketne</span> <span class='ocrx_word' id='word_1_305' title='bbox 909 4319 935 4364; x_wconf 80' lang='lat' dir='ltr'>et</span> <span class='ocrx_word' id='word_1_306' title='bbox 952 4311 1117 4382; x_wconf 70' lang='lat' dir='ltr'><strong>aliorumque</strong></span> <span class='ocrx_word' id='word_1_307' title='bbox 1135 4310 1249 4365; x_wconf 83' lang='lat' dir='ltr'><strong>Catenae</strong></span> <span class='ocrx_word' id='word_1_308' title='bbox 1267 4310 1297 4364; x_wconf 86' lang='lat' dir='ltr'>in</span> 
     </span>
     <span class='ocr_line' id='line_1_35' title="bbox 99 4378 1297 4505; baseline 0.003 -72"><span class='ocrx_word' id='word_1_309' title='bbox 99 4379 145 4433; x_wconf 72' lang='lat' dir='ltr'>Pu·</span> <span class='ocrx_word' id='word_1_310' title='bbox 154 4381 237 4435; x_wconf 79' lang='lat' dir='ltr'>lxviii.</span> <span class='ocrx_word' id='word_1_311' title='bbox 249 4380 310 4436; x_wconf 81' lang='lat' dir='ltr'>vide</span> <span class='ocrx_word' id='word_1_312' title='bbox 355 4380 389 4435; x_wconf 77' lang='lat' dir='ltr'>aii</span> <span class='ocrx_word' id='word_1_313' title='bbox 402 4381 472 4436; x_wconf 81' lang='lat' dir='ltr'><strong>Bibl.</strong></span> <span class='ocrx_word' id='word_1_314' title='bbox 512 4399 555 4436; x_wconf 79' lang='lat' dir='ltr'>ov.</span> <span class='ocrx_word' id='word_1_315' title='bbox 568 4380 604 4435; x_wconf 86' lang='lat' dir='ltr'>iii.</span> <span class='ocrx_word' id='word_1_316' title='bbox 615 4397 667 4451; x_wconf 80' lang='lat'>393</span> <span class='ocrx_word' id='word_1_317' title='bbox 677 4380 736 4434; x_wconf 84' lang='lat' dir='ltr'><strong>init.</strong></span> <span class='ocrx_word' id='word_1_318' title='bbox 811 4381 851 4434; x_wconf 88' lang='lat'>18.</span> <span class='ocrx_word' id='word_1_319' title='bbox 870 4378 1101 4505; x_wconf 52' lang='grc' dir='ltr'>ῖδίοιςᾸἸουδαίοις</span> <span class='ocrx_word' id='word_1_320' title='bbox 1112 4381 1253 4452; x_wconf 80' lang='grc' dir='ltr'>οῖγοιττίων</span> <span class='ocrx_word' id='word_1_321' title='bbox 1263 4380 1297 4436; x_wconf 83' lang='grc' dir='ltr'>Β.</span> 
     </span>
     <span class='ocr_line' id='line_1_36' title="bbox 99 4449 1296 4582; baseline 0.002 -79"><span class='ocrx_word' id='word_1_322' title='bbox 99 4450 293 4582; x_wconf 46' lang='grc' dir='ltr'>τδιβφιιι.δῗ.Εά</span> <span class='ocrx_word' id='word_1_323' title='bbox 332 4467 373 4523; x_wconf 89' lang='lat'>19.</span> <span class='ocrx_word' id='word_1_324' title='bbox 384 4452 436 4523; x_wconf 75' lang='grc' dir='ltr'>γὰρ</span> <span class='ocrx_word' id='word_1_325' title='bbox 448 4469 502 4506; x_wconf 85' lang='lat' dir='ltr'>om.</span> <span class='ocrx_word' id='word_1_326' title='bbox 517 4450 551 4506; x_wconf 86' lang='grc' dir='ltr'>Β.</span> <span class='ocrx_word' id='word_1_327' title='bbox 632 4466 675 4505; x_wconf 78' lang='lat'>22.</span> <span class='ocrx_word' id='word_1_328' title='bbox 688 4449 719 4518; x_wconf 66' lang='grc' dir='ltr'>ἦν</span> <span class='ocrx_word' id='word_1_329' title='bbox 729 4451 765 4508; x_wconf 76' lang='grc' dir='ltr'>ὥς</span> <span class='ocrx_word' id='word_1_330' title='bbox 776 4449 815 4522; x_wconf 86' lang='grc' dir='ltr'>ἐν]</span> <span class='ocrx_word' id='word_1_331' title='bbox 830 4451 922 4519; x_wconf 80' lang='grc' dir='ltr'>ἤνυααι</span> <span class='ocrx_word' id='word_1_332' title='bbox 961 4491 968 4505; x_wconf 91' lang='grc'>.</span> <span class='ocrx_word' id='word_1_333' title='bbox 1042 4465 1084 4522; x_wconf 82' lang='lat'>25.</span> <span class='ocrx_word' id='word_1_334' title='bbox 1097 4452 1249 4522; x_wconf 81' lang='grc' dir='ltr'>Τιβεριάδος</span> <span class='ocrx_word' id='word_1_335' title='bbox 1262 4450 1296 4508; x_wconf 84' lang='grc' dir='ltr'>Β.</span> 
     </span>
     <span class='ocr_line' id='line_1_37' title="bbox 99 4521 302 4590; baseline 0.015 -17"><span class='ocrx_word' id='word_1_336' title='bbox 99 4527 121 4573; x_wconf 88' lang='grc' dir='ltr'><strong>Τ</strong></span> <span class='ocrx_word' id='word_1_337' title='bbox 162 4521 205 4590; x_wconf 83' lang='grc' dir='ltr'>ριά</span> <span class='ocrx_word' id='word_1_338' title='bbox 296 4563 302 4576; x_wconf 95' lang='grc'>.</span> 
     </span>
    </p>
   </div>
   <div class='ocr_carea' id='block_1_4' title="bbox 655 4610 744 4676">
    <p class='ocr_par' dir='ltr' id='par_1_10' title="bbox 655 4610 744 4676">
     <span class='ocr_line' id='line_1_38' title="bbox 655 4610 744 4676; baseline 0.056 -23"><span class='ocrx_word' id='word_1_339' title='bbox 655 4610 744 4676; x_wconf 67' lang='grc' dir='ltr'>3ου</span> 
     </span>
    </p>
   </div>
   <div class='ocr_carea' id='block_1_5' title="bbox 0 0 1540 5018">
    <p class='ocr_par' dir='ltr' id='par_1_11' title="bbox 0 0 1540 5018">
     <span class='ocr_line' id='line_1_39' title="bbox 0 0 1540 5018; baseline 0 0"><span class='ocrx_word' id='word_1_340' title='bbox 0 0 1540 5018; x_wconf 95' lang='lat' dir='ltr'> </span> 
     </span>
    </p>
   </div>
  </div>
 </body>
</html>
