3038 5018
230 236 275 301 66
533 238 573 304 Β.
595 238 805 306 OYRILLI
834 236 1121 304 ALEXANDR.
1363 235 1384 298 i.
1398 252 1429 319 3.

63 405 186 536 giwii.
232 397 400 503 λέγοντες
430 411 453 452 “
471 402 565 488 θεός
597 438 668 502 μου
704 400 737 484 εί
770 401 830 501 σύ,
863 408 915 511 τῷ
950 401 989 484 δέ
1022 404 1114 512 λίθῳ
1147 398 1201 482 Σὺ
1237 396 1430 503 ἐγέννησάς

63 545 109 600 44
122 544 163 601 Δ.
204 531 256 602 ο“
273 525 348 623 με,”
382 525 494 629 ἕτεροι
530 525 569 608 δέ
604 527 718 608 πάλιν
753 535 1051 628 πλημμελοῦντες
1087 525 1133 606 τὰ
1169 527 1329 627 συγγενῆ
1366 519 1432 620 μέν

231 647 384 749 ἐκείνοις,
415 653 644 753 ἀστειοτέραν
676 651 711 731 δ’
743 652 807 731 οὖν
838 651 934 748 ὅμως
970 650 1231 751 ἐπιτηδεύοντες
1267 647 1427 746 πλάνην,

63 776 168 906 ξῖΜ
230 777 276 877 τῇ
303 775 418 854 κτίσει
445 775 628 879 λατρεύειν
651 771 764 883 η’ίοντο
792 779 920 880 χρῆναι
947 772 1047 878 παρά
1075 772 1139 854 τόν
1166 772 1350 869 κτίσαντα,
1373 773 1432 850 καὶ

228 895 296 996 τὴν
319 895 412 1005 μόνη
438 897 648 1003 πρέπουσαν
668 896 848 1005 δόξαντῇ
876 899 953 1006 θείᾳ
981 897 1102 1005 φύσει,
1121 905 1194 981 τοῖς
1218 897 1301 999 παρ’
1323 896 1463 993 αι’τιῆςό

228 1022 475 1124 γεγενημενοις
501 1022 704 1129 ἐχαρίζοντο
730 1023 933 1127 στοιχείοις,
960 1022 1161 1124 ἀναγκαίως
1188 1020 1272 1120 ἡμῖν
1300 1020 1320 1098 ό
1349 1024 1428 1098 θεο·

229 1141 341 1247 λόγος
356 1144 508 1247 ποιητὴν
525 1145 612 1226 ὄντα
637 1147 697 1226 καὶ
715 1143 933 1249 δημιουργὸν
951 1142 1044 1225 κατὰ
1062 1144 1176 1249 φύσιν
1194 1141 1349 1250 εἰσφέρει
1367 1141 1431 1222 τὸν

231 1272 434 1371 Μονογενῆ,
461 1268 582 1351 πάντα
614 1279 733 1372 λεγων
762 1270 805 1350 δι’
834 1269 944 1349 αι’ποῦ
975 1272 1203 1371 γεγενῆσθαι,
1231 1270 1289 1347 καὶ
1321 1269 1430 1371 χωρὶς

196 1391 338 1470 δαύτοῦ
365 1391 477 1492 μηδὲν
497 1399 546 1478 εἰς
572 1391 615 1474 τὸ
640 1391 729 1472 εἶναι
756 1398 963 1496 παρελθεῖν,
989 1392 1048 1472 ἵνα
1074 1398 1152 1476 ταῖς
1177 1392 1261 1494 παρ’
1289 1390 1430 1470 ἐκείνων

228 1512 382 1601 ἀπάταις
400 1517 602 1623 ἀποκλείσῃ
620 1514 686 1617 τὴν
704 1521 753 1602 είς
771 1516 813 1596 τὸ
831 1512 960 1620 πρόσω
977 1513 1148 1619 πάροδον,
1167 1518 1225 1594 καὶ
1244 1515 1342 1621 δείξῃ
1364 1513 1429 1613 μέν
1446 1540 1481 1581 ¹0

228 1644 302 1724 τοῖς
326 1641 391 1719 ούκ
418 1637 532 1720 εἰδόσι
560 1639 623 1722 τὸν
651 1637 821 1721 ἁπάντων
850 1639 1121 1743 Γενεσιουργὸν,
1147 1641 1190 1719 δι’
1220 1635 1270 1719 ὧν
1299 1637 1336 1719 δέ
1363 1636 1430 1737 τὴν

228 1762 348 1842 κτίσιν
370 1763 594 1862 πεποιῆσθαί
618 1767 724 1869 φησι,
745 1760 805 1842 διά
831 1761 968 1843 τούτων
993 1763 1110 1842 αύτῶν
1134 1761 1325 1868 ἐκδιδάσκη
1352 1797 1427 1841 σα·

229 1888 319 1990 φῶς,
338 1885 460 1990 ὅτιπερ
478 1886 596 1990 ἕτερός
614 1888 694 1967 ἐστι
710 1884 795 1990 παρ’
814 1887 950 1987 ἐκείνην
968 1886 988 1965 ὃ
1006 1886 1097 1989 πρὸς
1115 1885 1157 1966 τό
1182 1883 1270 1966 εἶναι
1295 1893 1429 1985 καλῶν,

228 2010 288 2089 καὶ
312 2008 454 2117 ἀρῤήτιρ
478 2007 623 2110 δυνάμει
646 2009 876 2114 παρενεγκων
893 2011 932 2091 ἐκ
956 2008 1008 2110 μὴ
1032 2010 1146 2091 ὄντων
1163 2008 1209 2090 τὰ
1234 2009 1320 2090 ὅντα
1338 2010 1429 2115 πρὸς

59 2150 117 2212 ⁸³1>-
131 2147 184 2201 xiii.
228 2130 382 2235 γε’νεσιν.
435 2131 481 2233 ἦν
511 2132 583 2238 γάρ
616 2136 710 2215 οὕτω
741 2131 872 2215 λοιπδν
900 2132 974 2214 ἀπὸ
1007 2138 1189 2233 καλλονῆς
1221 2131 1428 2231 κτισμάτων
1444 2160 1480 2220 15

60 2224 83 2275 ⁵⁸
228 2256 418 2359 ἀναλόγως
445 2257 509 2338 τὸν
535 2257 701 2364 τεχνίτην
728 2259 826 2361 δρᾶν,
854 2260 914 2338 καὶ
942 2255 1007 2338 τὸν
1033 2256 1121 2338 ὄντα
1151 2256 1228 2338 κατ’
1257 2256 1429 2357 ἀλήθειαν

198 2381 477 2483 οέπιγιυιόσκειν
509 2379 615 2481 θεὸν,
648 2383 691 2461 δι’
726 2381 768 2462 οὗ
804 2380 850 2462 τά
886 2377 1007 2462 πάντα
1040 2380 1171 2484 γέγονέ
1196 2415 1236 2460 τε
1268 2381 1336 2481 ἤδη
1370 2386 1429 2462 καὶ

227 2504 403 2608 γεγονότα
427 2505 589 2606 σώζεται.
635 2513 712 2590 ταῖς
736 2503 802 2605 μέν
820 2505 883 2586 οὖν
900 2504 1094 2605 Ἑλλήνων
1116 2507 1426 2612 ψευδολατρείαις,

226 2629 340 2714 οὕτως
367 2629 412 2710 ἀν
439 2625 536 2729 οἶμαι
568 2634 689 2713 καλῶς
715 2627 779 2710 τὸν
807 2627 1040 2732 εύαγγελυτὸν
1067 2627 1428 2734 ἀντιπαρατάξασθαι

226 2748 350 2854 λόγον,
379 2751 510 2853 ταύτης
541 2787 580 2835 τε
612 2752 714 2833 ἕνεκα
746 2756 810 2853 τῆς
844 2754 958 2836 αίτίας
988 2750 1140 2854 ποιητὴν
1169 2756 1336 2856 είσῆχθαι
1369 2752 1428 2831 καὶ
1444 2785 1481 2827 το

227 2873 443 2980 δημιουργόν
470 2875 528 2957 διὰ
554 2879 618 2977 τῆς
645 2884 709 2959 τοῦ
737 2876 841 2978 άγίου
869 2880 993 2982 φωνῆς
1020 2875 1084 2957 τὸν
1114 2879 1305 2978 Μονογενῆ
1333 2909 1424 2956 πισ·

226 2998 384 3098 τεύομεν.

281 3122 430 3223 Ἐπειδὴ
466 3122 505 3205 δέ
543 3124 744 3206 ἀκόλουθον
777 3127 907 3206 ἐννοεῖν
939 3126 998 3231 καὶ
1034 3121 1099 3209 τάς
1134 3130 1207 3203 τῶν
1244 3127 1429 3226 αίρετικῶν

226 3248 450 3351 δυστρόπους
482 3251 741 3354 εύρεσιλογίας,
769 3247 967 3352 προσήκειν
993 3248 1149 3350 ἠγοῦμαι
1178 3249 1236 3328 καὶ
1262 3245 1354 3350 πρὸς
1381 3245 1427 3327 τά

227 3371 368 3451 ἐκείνων
385 3372 662 3468 ἀποβλέποντας
681 3373 743 3473 ἐθη
761 3371 872 3478 μικρὰ
890 3370 1004 3454 πάλιν
1021 3378 1143 3453 εἰπεῖν.
1443 3391 1481 3451 ²5

191 3535 214 3600 d

265 3637 381 3716 Πάντα,
400 3639 485 3720 φησὶ,
506 3637 541 3704 δι’
565 3641 654 3704 αὐτοῦ
676 3638 795 3722 ἐγένετο
818 3640 866 3703 καλ
888 3639 978 3723 χωρὶς
1000 3638 1091 3704 αὐτοῦ
1113 3636 1232 3721 ἐγίνετο
1254 3638 1323 3702 οὐδὲ
1346 3639 1389 3703 ἐν.

283 3799 491 3906 Θεοπρετές
523 3805 580 3883 καί
613 3812 719 3882 τοῦτο
755 3802 956 3906 περιτίθησι
993 3799 1035 3882 τὸ
1071 3801 1213 3910 ἀξίωμα
1248 3809 1298 3908 τῴ
1331 3806 1424 3909 Υίῲ,

225 3924 452 4031 πανταχόθεν
479 3925 672 4026 όμουύσιον
702 3925 788 4007 ὄντα
821 3925 988 4007 δεικνύων
1018 3923 1127 4007 αὐτόν
1157 3930 1209 4033 τῷ
1240 3923 1428 4029 γεννήτορι

227 4056 320 4158 Θεῷ,
340 4053 397 4130 καὶ
415 4049 534 4130 πάντα
553 4048 599 4130 τά
615 4052 734 4160 ἐκείνῳ
751 4049 938 4154 προσόντα
961 4055 1125 4158 φυσικῶς
1145 4047 1428 4157 ἐνυπάρχειντῷ

262 4277 288 4332 5.
307 4263 365 4335 παρ’
378 4266 455 4334 αὐτῆς
467 4265 644 4355 γεγενημένοις
657 4266 693 4321 D.
706 4266 757 4321 Ed.
769 4284 824 4338 mg.
838 4265 897 4333 παρ’
910 4266 996 4322 αὐτοῖς
1008 4263 1199 4337 γεγεννημένοις
1213 4263 1264 4318 Ed.
1335 4280 1376 4318 10.
1395 4266 1426 4319 τδ

228 4350 282 4387 om.
297 4332 329 4387 Β.
403 4353 444 4389 12.
464 4338 583 4407 εκδιδόξη
596 4337 627 4392 E.
706 4354 748 4408 13.
766 4336 826 4405 παρ’
839 4337 934 4405 ἐκείνης
947 4336 979 4390 Ε.
1064 4352 1104 4461 IX.
1123 4335 1378 4406 ἀντιπαρατάξασθαι
1392 4335 1425 4390 Β.

227 4404 423 4527 παρατάξέσθαι
438 4406 488 4460 Ed.
617 4410 661 4464 28.
679 4409 841 4479 πανταχόθεν
854 4406 887 4462 Β.
900 4408 941 4461 καί
953 4408 1070 4477 πανταχό
1088 4429 1116 4461 εν
1128 4405 1179 4461 Ed.
1308 4422 1350 4478 29.
1369 4406 1424 4462 ἐνυ-

227 4495 321 4545 παρχει
359 4513 366 4528 .
