3038 5018
275 286 338 351 192
576 288 616 353 Β.
639 287 849 353 CYRILLI
879 287 1169 353 ALEXANDR.
1385 283 1408 347 i.
1421 295 1477 368 37·

245 460 299 526 e“
316 453 375 530 καὶ
406 450 449 529 ού
480 449 531 550 μὴ
560 451 853 552 μνησθήσομαι.”
901 449 1142 548 ἐπαναλαβδιν
1169 448 1206 531 δέ
1235 450 1277 531 ού
1307 448 1426 547 μάτην
1455 448 1477 526 ὁ

275 573 482 674 βαπτιστὴς
506 574 573 674 τὴν
594 575 704 677 αυτὴν
725 584 876 657 ποιεῖται
898 580 980 678 περὶ
1004 584 1068 656 τοῦ
1093 579 1259 677 Σωτῆρος
1283 571 1473 680 ἐξήγησιν.

197 718 205 732 ·
276 698 402 798 ἀρετῆς
438 696 511 800 γάρ
546 701 647 779 ε’στιν
682 698 788 803 ἔργον
825 704 1083 798 διδασκαλικῆς
1119 700 1183 778 τὸν
1215 699 1314 777 οὕτω
1350 729 1474 797 παρα·

277 818 448 924 δεχθέντα
484 820 608 923 λόγον,
640 829 718 907 ταῖς
753 830 826 903 τῶν
859 821 1154 922 μαθητευομένων
1185 819 1478 922 ε’γκαθειργνύναι

277 947 424 1049 ψυχαῖς,
450 946 515 1025 ούκ
541 946 717 1046 ὀκνούσης
744 947 834 1048 πρὸς
861 945 1103 1052 ε’πανάληψιν,
1129 943 1408 1051 ἀνεξικακούσης
1437 941 1510 1021 δέ5

277 1061 423 1165 μᾶλλον
444 1069 497 1149 ἐπ’
519 1071 677 1177 ὠφελείᾳ
700 1077 773 1150 τῶν
797 1068 1070 1169 παιδευομένων.
1112 1068 1169 1149 διὰ
1193 1067 1265 1170 γάρ
1291 1100 1345 1146 τοι
1368 1073 1480 1145 τοῦτο

109 1182 223 1298 {ffiffl‘
277 1193 336 1269 καὶ
364 1193 385 1271 ὁ
411 1193 583 1297 μακάριος
609 1193 759 1278 Παῦλύς
787 1201 882 1302 φησι
901 1204 922 1240 “
936 1193 996 1273 Τὰ
1023 1191 1114 1273 αὐτὰ
1142 1193 1259 1295 λέγειν
1284 1194 1375 1290 ύμῖν,
1399 1192 1480 1289 ε’μοὶ

279 1324 301 1363 “
318 1314 383 1414 μέν
400 1318 464 1396 ούκ
482 1318 643 1419 ὀκνηρὸν,
664 1319 745 1417 ύμῖν
763 1319 800 1398 δὲ
818 1316 1018 1425 ἀσφαλές.”

109 1471 171 1526 129
181 1469 221 1524 Α.
248 1485 267 1525 a

227 1646 263 1710 37
295 1649 461 1717 Ἤκουσαν
489 1653 587 1720 αὐτοῦ
615 1653 645 1721 οἰ
672 1657 731 1723 δύο
757 1656 895 1735 μαθηταὶ
923 1661 1113 1736 λαλοῦντος,
1143 1654 1196 1719 καί
1223 1654 1454 1720 ἠκολούθησαν

785 1802 829 1884 τῷ
851 1800 971 1866 Ἰιιοοῡ.
1498 1815 1511 1855 ι

331 2002 447 2107 Ὁρᾷς
473 2007 518 2107 τῇ
547 2005 764 2110 διδασκαλίᾳ
792 2006 932 2106 γείτονα
959 2002 1023 2084 τὸν
1051 2004 1096 2111 ἐξ
1120 2003 1228 2101 αὐτῆς
1258 1999 1481 2080 ἀναδοθέντα

277 2120 415 2226 καρπόν
427 2157 438 2221 ;
482 2128 567 2233 ὁρᾷς
596 2126 686 2207 ὅσον
713 2133 777 2227 τῆς
805 2127 1069 2234 ε’παναλήψεως
1100 2127 1224 2229 εὑρέθη
1253 2122 1296 2203 τὸ
1328 2120 1477 2225 κέρδος,

275 2249 486 2344 μανθανέτω
503 2258 693 2352 τοιγαροῦν
711 2250 770 2329 διὰ
792 2252 928 2332 τούτων
947 2254 966 2332 ὁ
986 2251 1168 2332 διδάσκειν
1184 2244 1478 2346 πεπιστευμένος,

277 2369 384 2450 ὄκνου
409 2370 476 2470 μέν
503 2375 655 2472 ἀμείνων
682 2375 838 2476 ὁρᾶσθαι
865 2376 1009 2473 παντὸς,
1038 2377 1150 2482 ἑαυτῷ
1179 2372 1215 2453 δέ
1243 2370 1358 2453 πλέον
1385 2369 1480 2472 ἤπερ

277 2501 351 2579 τοῖς
369 2495 605 2599 ἀκροωμένοις
627 2496 807 2601 ἐπιζήμιον
824 2499 991 2602 ἡγεῖσθαι
1012 2498 1079 2597 τὴν
1096 2495 1250 2597 σιωπὴν,
1268 2497 1327 2575 καὶ
1350 2492 1401 2592 μὴ
1429 2499 1508 2578 εἷςῐ

110 2606 232 2724 {ffb
278 2618 408 2719 ἀργίαν
429 2617 495 2717 μέν
516 2621 664 2723 ἀδρανῆ,
691 2619 852 2724 καθάπερ
880 2627 929 2707 εἷς
957 2626 1037 2723 γῆν,
1058 2620 1101 2700 τὸ
1129 2617 1342 2700 δεσποτικὸν
1367 2620 1478 2696 ἀντο-

111 2766 151 2816 lb.
165 2777 203 2830 η.
244 2740 415 2844 κρύπτειν
432 2740 622 2842 τάλαντον,
640 2744 813 2845 διανέμειν
831 2745 870 2825 δὲ
895 2752 1040 2845 μᾶλλον
1058 2755 1080 2792 “
1093 2751 1166 2827 τοῖς
1188 2741 1410 2847 τραπεζῖταις
1435 2739 1479 2820 τὸ

279 2875 300 2911 “
319 2864 525 2968 ἀργύριον·”
553 2874 723 2966 κομιεῖται
748 2868 820 2970 γὰρ
846 2870 866 2947 ὁ
893 2864 1021 2969 Σωτὴρ
1048 2866 1089 2947 τὸ
1118 2868 1243 2947 ἑαυτοῦ
1270 2861 1342 2944 σύν
1363 2861 1476 2972 τόκῳ,

278 2991 336 3069 καὶ
364 2990 525 3092 καθάπερ
552 2989 633 3075 τινὰ
660 2991 802 3094 σπόρον
830 2989 1046 3094 ζωογονήσει
1063 2988 1137 3072 ,τὸν
1161 2989 1481 3092 ἐγκαταβληθέντα

278 3114 402 3215 λύγον.
447 3114 537 3219 ἔχεις
564 3117 602 3195 έν
628 3115 767 3201 τούτοις
794 3114 1042 3219 εὐφυεστάτην
1067 3121 1139 3194 τῶν
1167 3112 1356 3216 εἰρημένων
1384 3111 1511 3192 ἀπό-2

252 3314 255 3318 ,
280 3238 401 3343 δειξιν.
438 3239 480 3317 ού
505 3237 576 3339 γὰρ
603 3237 800 3339 ὀκνήσαςὸ
824 3235 1031 3337 βαπτιστὴς
1054 3245 1127 3322 τοῖς
1152 3240 1278 3317 ἑαυτοῦ
1302 3241 1482 3333 μαθηταῖς

112 3375 195 3502 {21³3
193 3438 209 3488 ⁶
281 3362 450 3466 ἐπιδεῖξαι
467 3359 532 3439 τὸν
553 3363 699 3463 Κύριον,
718 3366 777 3442 καὶ
803 3368 852 3449 εἰς
876 3361 1038 3465 δεύτερον
1057 3367 1165 3441 εἰπεῖν
1184 3371 1205 3407 “
1218 3356 1293 3439 Ἴδε
1320 3360 1340 3436 ὁ
1366 3359 1482 3457 ἀμνὸς

158 3477 165 3490 ’
211 3474 217 3488 ’
282 3494 304 3530 “
320 3490 384 3562 τοῦ
415 3485 540 3579 Θεοῦ,”
574 3493 750 3564 τοσοῦτον
778 3486 905 3569 αύτούς
938 3484 1135 3589 ὠφελήσας
1172 3486 1307 3587 δρᾶται,
1340 3485 1388 3566 ὡς
1421 3485 1483 3563 καὶ

251 3608 474 3687 ούποπεῖσαι
498 3606 625 3687 λοιπὸν
647 3611 864 3708 ἀκολουθεῖν,
888 3612 946 3690 καὶ
975 3609 1043 3710 ἤδη
1070 3613 1134 3709 τῆς
1162 3607 1219 3687 ὑπ’
1239 3608 1336 3714 αὐτῷ
1363 3614 1483 3708 μαθη-

281 3732 374 3815 τείας
401 3733 495 3834 ε’ροῖν.
1498 3761 1515 3802 ι

316 3950 342 4004 3.
355 3933 432 4005 ἔργον
443 3932 516 3988 ἔστιν
528 3932 634 3989 inverso
645 3933 738 3989 ordine
753 3933 785 3989 Β.
822 3937 904 4005 οὔπω]
913 3932 980 3989 οὕτω
993 3933 1105 4016 conjeci}
1118 3934 1145 3987 D
1155 3951 1210 4005 mg.
1260 3948 1285 4003 7.
1297 3934 1367 4004 φησι
1378 3951 1435 3990 οιιι.
1448 3934 1484 3992 Β.

281 4005 308 4060 8.
325 4005 356 4058 τὸ
368 4004 489 4076 ἀσφαλές
503 4004 535 4060 Β.
712 4022 737 4075 9.
758 4005 809 4058 Καὶ
821 4006 963 4075 praemittit
977 4005 1126 4060 Ed.1nv1to
1141 4004 1173 4058 B.
1230 4004 1308 4058 αὐτοῦ
1320 4004 1434 4073 μαθηταὶ
1448 4005 1483 4063 Β.

285 4091 325 4129 ιο.
343 4073 394 4198 εξ]
408 4075 523 4148 αὖτῷτῷ
538 4075 569 4129 Β.
645 4093 685 4202 18.
703 4076 744 4130 διὰ
758 4075 856 4129 τούτων
866 4078 1004 4217 τοιγοηοῦν
1015 4076 1120 4129 inverso
1132 4074 1226 4128 ordine
1239 4075 1272 4130 Β.
1347 4093 1387 4141 14.
1406 4078 1485 4132 πλέω

282 4145 324 4270 gd
348 4216 353 4227 ¹
386 4146 539 4270 ιῗιίῐιὲῆπερ
553 4147 586 4203 Β.
599 4145 651 4213 &E
672 4186 680 4202 .
806 4162 849 4216 23.
868 4149 936 4200 θεοῦ
966 4152 994 4210 -Ι-
1010 4145 1115 4217 ὁοῖρων
1126 4146 1173 4215 τὴν
1183 4145 1308 4216 ἁμαρτίαν
1319 4149 1366 4200 τοῦ
1378 4150 1486 4218 κόσμου

327 4234 431 4271 ,lnvlo
470 4257 477 4272 ι
