3038 5018
209 276 271 337 180
509 278 548 341 B.
572 277 779 343 οςιιιιςα
809 275 1099 341 ALEXANDR.
1249 269 1271 332 i.
1285 287 1338 354 32,
1350 281 1403 350 33.

208 438 294 518 ἰέναι
328 439 461 541 λόγων·
504 441 583 521 ἔστι
614 440 728 544 γεμήν
760 443 827 546 οῦχ
860 440 985 545 ἑτέρως
1021 438 1068 518 τὰ
1099 441 1138 516 ἐκ
1171 439 1234 534 τῆς
1266 432 1406 511 ἐκείνων

209 563 429 665 δυστροπίας
455 564 755 668 ἀποκρούσασθαι
782 563 923 663 βλάβη.
974 560 1028 642 διδ
1055 559 1100 662 δή
1126 558 1240 640 πάλιν
1261 559 1407 659 ἐροῦμεν

210 685 328 769 αὐτοῖς
351 691 397 765 Ei
416 685 474 766 ότε
493 686 641 789 γε’γονεν
657 687 845 790 ἅνθρωπος
864 689 884 767 ό
901 694 966 767 τοῦ
985 691 1081 765 Θεοῦ
1101 682 1231 785 Λόγος,
1248 679 1329 758 τότε
1348 679 1407 757 καὶ

212 806 388 910 ἁγιάζεται
406 807 448 889 τῦ
469 816 617 907 Πνεῦμα
635 812 775 904 λαβών·
807 809 879 916 πρὸ
898 809 936 891 δέ
954 814 1017 909 τῆς
1039 803 1340 908 ε’νανθρωπήσεως
1362 797 1408 899 ἦν

182 933 249 1010 οέν
276 936 400 1037 μορφή
430 937 489 1013 καὶ
516 936 553 1014 ε’ν
582 935 722 1034 ίσότητι
748 943 813 1015 τοῦ
844 932 998 1036 Πατρὸς,
1027 934 1125 1012 οὔπω
1154 930 1229 1009 κατ’
1259 925 1444 1008 ἐκείνους5

213 1055 438 1157 ήγιασμένος,
467 1054 542 1157 (δρα
574 1058 693 1160 λε’γειν
724 1054 1063 1156 ἀποτολμήσαντος,
1093 1053 1195 1156 ἅγιον
1227 1053 1291 1131 οῦκ
1323 1045 1410 1128 εἶναι

211 1178 275 1257 τὸν
294 1179 389 1259 Θεὸν
408 1184 465 1260 καὶ
487 1180 644 1282 Πατέρα,
661 1180 758 1283 εἴπερ
778 1181 872 1264 όλως
899 1183 918 1260 ό
943 1175 1160 1284 σόμμορφός
1183 1209 1222 1256 τε
1248 1176 1307 1252 καὶ
1329 1172 1411 1255 ’ίσος

118 1356 121 1363 ·
212 1303 309 1408 αὐτῷ
333 1301 424 1382 κατὰ
444 1303 564 1385 πάντα
584 1304 714 1406 Λόγος,
733 1304 833 1407 ἅγιος
858 1304 922 1383 οῦκ
945 1301 990 1403 ἣν
1012 1306 1049 1382 ἐν
1068 1305 1173 1405 ἀρχῇ,
1193 1302 1230 1378 ἐν
1249 1296 1412 1396 ὑπέροις

213 1424 250 1503 δὲ
277 1425 383 1522 μόλις
412 1437 518 1507 τοῦτο
549 1429 674 1530 γε’γονε
704 1435 847 1531 καιροῖς.
903 1430 960 1506 καὶ
989 1423 1112 1520 πάλιν,
1140 1429 1170 1502 εί
1198 1420 1303 1505 αὐτός
1331 1423 1412 1499 ε’στι

214 1549 341 1651 κυρίως
366 1552 386 1630 ό
411 1560 475 1630 τοῦ
493 1556 588 1631 Θεοῦ
608 1548 728 1653 Λόγος
754 1549 796 1631 τὸ
817 1557 965 1649 Πνεῦμα
989 1545 1199 1647 λαμβάνων,
1218 1548 1275 1623 καὶ
1300 1544 1409 1645 ἁγια·
1432 1576 1469 1616 10

216 1671 359 1774 ζόμενος
397 1676 435 1751 ἐν
468 1675 539 1779 ἰδίᾳ
576 1673 696 1779 φύσει,
728 1672 936 1775 λεγέτωσαν
969 1674 1052 1772 ἡμῖν
1083 1676 1116 1751 οί
1154 1670 1195 1749 δι’
1233 1667 1409 1760 ἐναντίας,

215 1792 367 1896 πότερόν
384 1830 471 1876 ποτε
489 1797 615 1900 μείζων
633 1800 758 1877 ἑαυτοῦ
777 1796 921 1899 γε’γονεν
939 1795 961 1896 ἦ
980 1789 1183 1893 ἐλάττων,ή
1203 1794 1260 1871 καὶ
1280 1789 1415 1887 ἔμεινεν

182 1919 253 1997 δέν
272 1919 458 2018 ταυτότητι
481 1928 587 1999 τοῦτο
612 1920 749 2000 παθών.
792 1926 820 2000 εἰ
845 1917 999 2022 μὲνγὰρ
1025 1916 1124 1997 οῦδὲν
1144 1920 1183 1995 ἐκ
1207 1922 1270 1995 τοῦ
1291 1915 1410 1993 Πνεύ·

216 2076 328 2140 ματος
347 2040 477 2146 ἔχειτί)
496 2043 620 2141 πλέον,
638 2043 735 2141 με’νει
759 2041 796 2131 δὲ
822 2045 914 2122 οὕτω
940 2041 1100 2144 καθάπερ
1125 2038 1169 2139 ἦν
1188 2041 1208 2118 ὁ
1228 2035 1344 2133 αὐτὸς,
1362 2033 1414 2135 μὴ

216 2164 455 2269 σκανδαλίζον
483 2164 685 2264 μανθάνων,
715 2165 770 2246 ότι
802 2165 1051 2265 καταβέβηκεν
1079 2165 1131 2242 ἐπ’
1162 2164 1268 2241 αὐτόν.
1317 2165 1347 2239 εί
1377 2157 1469 2250 δέιε

217 2288 366 2389 ἠδικήθη
402 2288 544 2386 λαβὼν,
579 2293 637 2369 καὶ
674 2290 821 2392 γε’γονεν
855 2292 892 2368 ε’ν
921 2287 1103 2383 ἐλάττοσι,
1135 2284 1298 2384 παθητὸν
1330 2283 1416 2382 ἡμῖν

217 2413 385 2494 εἰσοίσεις
422 2410 486 2490 τὸν
523 2411 656 2514 Λόγον,
694 2416 752 2491 καὶ
790 2412 1050 2513 κατηγορήσεις
1086 2415 1149 2509 τῆς
1186 2407 1312 2492 οῦσίας
1350 2414 1416 2485 τοῦ

219 2532 366 2635 Πατρός
398 2536 601 2619 ἀδικοῦντος
633 2543 779 2633 μᾶλλον
807 2535 829 2636 ἢ
864 2534 1081 2637 ἀγιάζοντος.
1130 2539 1159 2612 εί
1193 2531 1230 2611 δὲ
1264 2530 1419 2629 ἀμείνων

218 2659 358 2760 ἐδείχθη
382 2656 425 2737 τό
446 2663 595 2756 Πνεῦμα
618 2659 756 2755 λαβὼν,
775 2657 819 2759 ἧν
837 2659 874 2739 δὲ
901 2661 960 2738 καὶ
985 2661 1022 2736 ἐν
1040 2661 1165 2762 μορφῇ
1191 2659 1249 2735 καὶ
1276 2656 1419 2752 ίσότητι

219 2788 284 2859 τοῦ
305 2778 449 2883 Πατρός
474 2785 532 2860 καί
558 2785 643 2882 πρὶν
667 2780 776 2862 αὐτὸν
794 2787 1033 2881 βελτιωθῆναι
1057 2783 1139 2859 καθ’
1161 2782 1261 2878 ὑμᾶς,
1280 2779 1343 2857 οῦκ
1370 2780 1420 2859 είς
1435 2809 1469 2849 ²0

192 2901 400 3008 οάκρότητα
419 2901 529 3011 δόξης
550 2905 773 3005 ἀναβέβηκεν
793 2908 813 2984 ὁ
833 2903 971 3007 Πατήρ,
991 2906 1076 2984 ἀλλ’
1097 2907 1134 2983 ἐν
1151 2905 1292 2985 ἐκείνοις
1314 2901 1420 2980 ἔσται

221 3033 295 3110 τοῖς
312 3026 460 3130 μίτραις,
480 3031 518 3107 ἐν
536 3027 666 3132 οἷσπερ
685 3027 729 3128 ἦν
747 3029 817 3108 σῦν
836 3031 932 3136 αὐτῷ
950 3026 1167 3134 σόμμορφός
1190 3060 1229 3105 τε
1255 3031 1312 3105 καὶ
1338 3024 1421 3108 ’ίσος

223 3148 394 3255 ὑπάρχων
416 3153 436 3229 ό
460 3150 551 3255 πρὸς
575 3150 616 3231 τὸ
642 3153 760 3255 μεῖζον
783 3150 1019 3252 ἀναπηδήσας
1037 3151 1134 3234 Υἱός.
1177 3153 1338 3250 εὔκαιρον
1357 3149 1423 3228 οῦν

224 3270 321 3371 οἶμαι
353 3273 472 3375 λέγειν
505 3278 562 3355 ε’πὶ
595 3283 669 3359 τοῖς
701 3276 922 3360 ἀπαιδεύτοις
953 3281 1137 3378 αἱρετικοῖς
1166 3286 1187 3322 “
1205 3273 1298 3354 Ἰδοὺ
1330 3269 1424 3356 λαὸς

225 3407 247 3445 “
265 3396 384 3499 μωρὸς
411 3402 469 3477 καὶ
496 3398 672 3502 ἀκάρδιος,
695 3402 878 3506 ὀφθαλμοὶ
906 3401 1024 3482 αὐτοῖς
1052 3402 1109 3479 καὶ
1138 3401 1179 3478 οῦ
1204 3400 1422 3496 βλέπουσιν,
1440 3440 1469 3496 ²!

226 3532 248 3567 “
266 3517 340 3600 ὦτα
365 3523 483 3605 αὐτοῖς
510 3525 568 3601 καὶ
593 3524 657 3602 οῦκ
682 3520 904 3602 άκοόονσιν·”
940 3521 1182 3630 ἀπετόφλωσε
1211 3521 1282 3624 γὰρ
1310 3520 1425 3604 ὅντως

226 3656 248 3691 “
267 3646 287 3723 ό
307 3645 385 3728 θεὸς
404 3653 468 3724 τοῦ
487 3651 613 3730 αἰῶνος
636 3647 761 3725 τούτου
783 3646 828 3725 τὰ
849 3644 1008 3746 νοήματα
1027 3653 1099 3725 τῶν
1119 3648 1294 3741 ἀπίστων,
1314 3650 1361 3728 είς
1379 3645 1425 3723 τὸ

226 3778 248 3814 “
266 3766 317 3867 μή
338 3767 498 3870 αὐγάσαι
521 3767 585 3849 τὸν
604 3766 796 3873 φωτισμὸν
814 3779 877 3848 τοῦ
902 3772 1112 3872 εὐαγγελίου
1137 3774 1201 3868 τῆς
1225 3768 1333 3874 δόξης
1359 3777 1426 3847 τοῦ

267 4089 289 4126 1.
309 4071 385 4141 ἰέναι]
399 4069 462 4126 εἶναι
476 4072 509 4126 B.
674 4090 700 4143 3.
719 4074 759 4127 ὅτι
771 4091 819 4144 pro
832 4073 874 4128 ότι
888 4073 921 4128 Β.
980 4077 1038 4128 τότε
1050 4093 1104 4130 om.
1118 4074 1221 4143 Migne.
1270 4075 1366 4128 Statim
1383 4077 1427 4131 καὶ

228 4151 396 4211 assumptum
409 4161 440 4197 ex
455 4143 487 4196 Β.
621 4161 647 4212 5.
665 4143 693 4196 ἐν
705 4145 749 4196 alt.
762 4155 931 4214 assumptum
944 4162 976 4198 ex
989 4146 1022 4199 B.
1162 4160 1186 4215 7.
1204 4143 1284 4216 ὅλως]
1298 4145 1376 4200 ὄντας
1392 4146 1427 4202 Β.

232 4229 272 4282 13.
291 4214 366 4266 οὐδὲν
378 4223 438 4282 post
450 4212 598 4281 Πνεόματος
611 4215 760 4283 transponit
774 4214 806 4268 Β.
1028 4229 1068 4287 ¹7·
1087 4216 1126 4270 ε’νε
1162 4217 1214 4272 cias
1237 4234 1275 4269 ιτο
1287 4216 1377 4270 οὐσίας
1392 4216 1427 4271 Β.

233 4299 272 4369 ιη.
291 4285 332 4336 καὶ
341 4285 419 4369 prius
431 4300 484 4338 om.
498 4283 530 4337 Β.
689 4301 731 4355 23.
750 4283 794 4339 οῦν
806 4302 860 4338 om.
873 4284 906 4338 B.
1071 4287 1113 4340 26.
1163 4305 1208 4340 aec
1220 4235 1273 4340 δτα
1286 4287 1371 4341 αὐτοῖς
1384 4288 1429 4341 καὶ

229 4374 275 4405 ουκ
287 4354 425 4407 ἀκουοοσιν
437 4364 575 4423 assumpta
587 4373 618 4407 ex
635 4354 665 4406 B.
795 4356 836 4409 28.
856 4355 994 4425 διονγόσαι
1009 4357 1040 4410 Β.
1055 4357 1148 4411 sedes.
1162 4375 1243 4427 supra
1256 4357 1289 4410 88
1302 4374 1325 4409 c.
1341 4354 1429 4426 [buw-

228 4423 308 4489 γάσαι
324 4424 351 4476 in
368 4424 416 4477 Es.
428 4439 480 4493 552
495 4442 517 4486 ο,
535 4424 614 4495 69οα
631 4424 858 4479 αΤὶςολεηδοτίίο
874 4427 927 4488 cit„
941 4427 967 4480 in
987 4428 1022 4480 xii
1039 4427 1137 4498 Proph.
1151 4427 1202 4482 602
1216 4446 1244 4482 c:
1264 4427 1377 4497 αὐγάσαι
1393 4426 1429 4482 de

230 4501 299 4544 recta
312 4493 363 4546 fide
376 4493 410 4546 66
423 4494 440 4546 b
453 4493 623 4548 aTischend.
637 4493 695 4564 eiu]
793 4562 797 4572 Ι
