3038 5018
93 303 202 386 vi.41.
300 304 357 369 IN
387 304 421 368 S.
445 304 702 370 JOANNEM.
748 305 843 371 LIB.
866 306 927 371 IV.
972 305 1075 371 CAP.
1098 306 1127 371 1.
1228 307 1290 371 501

93 476 166 549 τῶν
187 472 339 568 ἐννοιῶν,
358 471 401 550 δι’
423 466 474 550 ὧν
497 468 541 570 ἦν
566 469 658 556 εἰκός
685 472 1042 574 μεταποιηθήσεσθαί
1064 507 1141 557 πως
1166 475 1224 552 ἐπὶ
1249 470 1321 551 rba

93 595 246 693 ἄμεινον,
275 600 323 679 εἰς
351 596 516 696 ἀκαίρους
544 596 787 702 ὀλιγοψυχίας
814 599 1013 703 ε’κτελευτᾷ.
1060 594 1084 697 ἢ
1112 595 1184 699 γὰρ
1212 597 1292 702 οῦχὶ

93 723 150 798 καὶ
177 717 310 819 ἀληθές
334 720 389 799 ἐπ’
409 719 527 802 αὐτοῖς
546 718 590 819 δὴ
611 717 726 798 πάλιν
743 727 816 803 τοῖς
833 722 1017 805 Ἰουδαίοις
1043 719 1085 801 τὸ
1110 720 1292 823 εἰρημένον

93 840 313 944 εῦρήσομεν;
355 842 616 947 χαλεπαίνουσι
650 841 722 945 γάρ
755 841 814 922 διὰ
844 846 952 925 ποίαν
986 846 1124 939 αίτίαν;
1169 846 1222 928 τίς
1254 842 1292 923 δὲ

60 966 221 1050 ὄαῦτοῦς
257 972 305 1050 είς
341 974 447 1046 τοῦτο
485 963 633 1066 κέκληκε
669 965 803 1068 λόγος;
845 966 1067 1078 γογγάζουσι
1104 969 1140 1048 δέ
1172 968 1269 1048 διατί
1278 1000 1288 1064 3

95 1090 208 1170 καίτοι
239 1096 385 1189 μᾶλλον
413 1090 520 1194 ἐχρῆν
548 1088 861 1196 φιλομαθέστερον
888 1097 961 1176 τοῖς
992 1093 1184 1194 εἰρημένοις
1214 1094 1290 1172 ε’πι·

95 1217 233 1313 στῆσαι
261 1211 325 1293 τὸν
353 1221 447 1310 νοῦν,
476 1215 533 1293 καὶ
563 1213 608 1320 ἐξ
634 1213 751 1294 αὐτῶν
779 1214 848 1315 ἤδη
876 1214 1187 1296 κατασκάπτεσθαι
1219 1221 1293 1296 τῶν

94 1336 318 1439 πραγμάτων
339 1335 405 1436 τὴν
425 1336 605 1439 ἀλήθειαν,
625 1335 684 1418 διά
707 1373 746 1418 τε
770 1342 833 1437 τῆς
858 1341 896 1418 έν
918 1345 991 1424 τοῖς
1015 1341 1292 1420 άπατελεσθεῖσι

94 1463 368 1565 μεγαλουργίας,
391 1467 441 1547 είς
466 1460 710 1562 δοκιμωτάτην
733 1462 821 1542 ίέναι
845 1463 1007 1562 σύνεσιν,
1030 1461 1183 1568 πότερόν
1204 1476 1327 1544 ποτεδ

42 1610 82 1652 10
95 1586 323 1692 διαψεόδοιτο
353 1582 527 1688 Χριστὸς,
560 1590 660 1695 άρτιν
690 1586 824 1686 ἑαυτὸν,
858 1591 916 1668 καὶ
949 1596 1054 1668 τοῦτο
1089 1587 1134 1694 ἐξ
1167 1591 1294 1696 οὐρανοῦ

98 1707 376 1808 καταβεβηκότα
412 1716 544 1806 καλῶν,
582 1709 695 1812 ἤγουν
731 1711 905 1810 ἀληθεύει,
943 1715 1003 1792 καὶ
1039 1720 1166 1793 τοῦτον
1200 1712 1293 1817 έχων

95 1834 213 1917 αὐτοῖς
238 1831 301 1913 τὸν
319 1830 454 1936 τρόπον
472 1832 672 1914 ἁλίσκοιτο.
712 1836 804 1915 οἴσω
828 1835 899 1938 γὰρ
916 1834 961 1935 ἦν
979 1836 1161 1938 κρίνοντας
1178 1838 1294 1941 ὀρθῶς

95 1960 404 2059 παιδαγωγεῖσθαι
429 1964 549 2041 καλῶς
572 1955 663 2059 πρὸς
687 1955 753 2057 τὴν
774 1967 838 2037 τοῦ
863 1960 1112 2064 συμφέροντας
1137 1962 1289 2064 εῦρεσιν·

95 2079 195 2158 ἀλλὰ
228 2080 410 2184 ζητοῦντες
447 2079 548 2161 οὐδέν
578 2083 849 2187 χαλεπαίνουσι,
882 2082 994 2162 καίτοι
1025 2083 1083 2162 διὰ
1121 2091 1193 2164 τῶν
1224 2084 1293 2184 ἤδη

44 2230 82 2290 15
96 2203 374 2312 παριρχηκότων,
413 2205 523 2306 ἄρτον
560 2203 672 2289 ὅντως
718 2206 808 2307 ζωῆς
854 2209 913 2285 καὶ
955 2203 1126 2305 ἀληθινόν
1167 2206 1293 2288 ε’πιδεί-

96 2327 226 2434 ξαντος
257 2326 383 2409 ἑαυτὸν
415 2336 478 2408 τοῦ
509 2333 685 2432 Χριστοῦ,
713 2325 1073 2481 άητιδιοιστέλλοντός
1102 2363 1141 2410 τε
1174 2337 1225 2439 τῷ
1255 2333 1293 2411 ε’ν

95 2451 197 2558 τόπερ
229 2455 288 2531 καὶ
320 2457 408 2558 σκιᾷ
436 2451 670 2556 χορηγηθέντι
692 2449 816 2602 μάηνα
846 2450 938 2533 κατὰ
969 2487 1035 2553 την
1062 2453 1192 2559 ἔρημον
1220 2461 1322 2539 ταΐςο
1393 2476 1395 2483 ’

96 2573 277 2746 πατράσιν
305 2533 432 2654 αὐτόν.
475 2585 496 2623 “
508 2576 556 2655 Ο
584 2571 656 2677 γάρ
684 2572 871 2727 ἐρχόμενος
898 2576 990 2680 πρὸς
1016 2577 1071 2677 μὲ,
1100 2578 1293 2687 φησιν,οῦ
1337 2583 1445 2714 §666⁵-

97 2697 186 2796 “μὴ
211 2697 365 2804 πεινάση
388 2697 567 2779 πάποτε·”
596 2702 644 2783 ὡς
667 2705 739 2779 τῶν
756 2703 866 2780 έκεῖνο
888 2699 1136 2807 φαγόντων
1099 2736 1141 2782 το
1159 2700 1289 2802 μάννα,

45 2858 86 2898 20
96 2821 269 2926 βραχεῖάν
287 2857 366 2900 τινα
384 2857 442 2903 και
430 2820 711 2923 εὐαπόβλητον
729 2824 918 2923 κομιδῆ
877 2859 944 2925 την
961 2824 1203 2905 άπάλαυσιν’
1185 2859 1293 2928 εσχη-

97 2943 212 3024 κότιον
234 2949 314 3049 περὶ
342 2942 408 3045 τὴν
430 2945 559 3049 σάρκα·
590 2953 662 3027 τῶν
686 2947 723 3026 δὲ
749 2946 842 3051 πρὸς
868 2947 976 3028 αὑτὸν
998 2949 1122 3028 ῖόντων
1146 2947 1204 3027 διά
1230 2952 1294 3046 τῆς

96 3070 262 3165 πίστεως,
281 3071 344 3149 οῦκ
362 3075 410 3153 είς
430 3071 555 3167 ὁμοίαν
573 3077 646 3154 τοῖς
664 3069 744 3151 τότε
766 3069 833 3171 τὴν
850 3070 978 3171 ὄνησιν
995 3070 1290 3170 άναβησομένων,

96 3192 386 3292 καρπωσομένων
404 3193 442 3272 δὲ
459 3200 604 3292 μᾶλλον
622 3197 761 3294 διηνεκῆ
780 3199 844 3294 τῆς
861 3193 1026 3295 εὐλογίας
1043 3193 1109 3294 τὴν
1127 3193 1245 3299 χάριν.

153 3313 365 3421 Σφάλλεται
389 3318 507 3396 τοίνυν
524 3322 597 3395 τῶν
613 3317 795 3398 Ἰουδαίων
812 3318 832 3397 ὁ
857 3326 949 3414 νοῦς,
967 3317 1061 3417 μόνα
1081 3319 1231 3413 βλέπων
1249 3318 1295 3399 τὰ

45 3467 83 3528 25
96 3438 154 3516 ἐπὶ
185 3441 249 3536 τῆς
281 3443 360 3540 γῆς·
405 3475 463 3520 και
495 3448 601 3519 τοῦτο
632 3437 677 3539 ἦν
709 3440 779 3544 ἄρα
811 3441 854 3522 τό
885 3443 938 3522 ἐπ’
969 3443 1088 3526 αὐτοῖς
1120 3440 1295 3548 διδόμενον
1337 3517 1380 3567 P..

97 3570 118 3607 ‘⁴
138 3562 501 3661 Σκοτισθήτωσαν
469 3597 503 3643 οι
527 3564 782 3712 ὀφθαλμοὶ’
739 3571 857 3645 αυτῶν
881 3573 946 3644 τοῦ
971 3599 1022 3665 μη
1049 3564 1208 3664 βλέπειν,
1235 3601 1294 3648 και
1337 3583 1464 3647 lxvffiu.

97 3682 200 3762 τ“ίιν
220 3687 395 3766 νῶτον’
353 3693 470 3766 αυτῶν
493 3686 551 3766 διὰ
574 3685 708 3771 παντὸς
732 3686 988 3794 σόγκαμψον,”
1007 3687 1066 3767 ἵνα
1089 3663 1324 3788 μηδαμόθενΙι
1345 3655 1465 3716 Μὰ

97 3807 188 3907 πρὸς
214 3806 281 3906 τὴν
307 3816 380 3889 τῶν
408 3810 511 3890 θείων
538 3812 745 3913 μυστηρίων
773 3810 998 3894 άνανεόοντες
1027 3818 1173 3913 γνῶσιν,
1194 3815 1295 3893 κακοὶ

96 3938 212 4015 κακῶς
230 3929 425 4012 ἀπόλοιντο
444 3930 502 4012 διὰ
521 3931 586 4018 τάς
603 3941 713 4039 σφῶν
732 3935 849 4014 αῦτῶν
867 3934 1046 4029 ἀπονοίας,
1067 3939 1125 4015 καὶ
1146 3935 1188 4014 τὸ
1211 3937 1295 4015 λίαν

43 4093 84 4152 30
95 4054 244 4158 ἀκρατὲς
269 4061 318 4140 εἰς
342 4057 533 4136 ἀπείθειαν.
573 4056 922 4158 ἀναμιμνησκόμενοι
941 4057 984 4137 δέ
997 4092 1075 4141 πως
1097 4057 1143 4136 τὰ
1166 4060 1204 4136 ἐν
1222 4064 1296 4141 τοῖς

133 4272 160 4328 5.
179 4257 332 4382 δίχγίιρΒ.
463 4275 506 4313 11.
499 4257 669 4383 ,κολῶηη
636 4260 777 4326 δηλοῦνΒ.
905 4261 946 4315 18.
965 4259 1057 4331 φησὶν,
1069 4259 1134 4325 πρός
1145 4279 1178 4326 με
1189 4277 1295 4315 ιονςηο

98 4328 191 4383 ordine
347 4345 388 4400 23
407 4351 451 4397 της
463 4330 583 4401 ενλογιας
642 4352 688 4399 την
699 4331 789 4385 ευλ
780 4351 820 4383 ιον
833 4329 883 4383 Ed.
974 4344 1025 4399 27-
1025 4345 1069 4398 3.0
1088 4326 1294 4383 ἵνα-ἀπείθειαν

99 4400 162 4453 citat
179 4410 273 4453 catena
290 4399 317 4452 in
331 4399 451 4454 Psalmos
463 4417 478 4453 e
490 4417 621 4471 genere]
598 4419 613 4454 e
623 4418 655 4454 us
668 4417 748 4471 quam
790 4400 923 4468 ‚signavit
937 4344 1016 4466 Μαί(
1018 4408 1048 4452 ut
1006 4399 1143 4469 (supra
1154 4400 1206 4469 338
1219 4417 1255 4462 c
1267 4399 1296 4454 in

100 4469 171 4523 Bibl.
185 4469 284 4523 Nov(
269 4470 306 4523 ni.
319 4484 381 4540 395.
550 4472 593 4524 28.
609 4419 720 4552 γνῶσιν]
734 4468 801 4524 ἓλλο
801 4471 870 4540 μ’ψιν
884 4470 942 4523 Cat.
988 4468 1123 4523 heutrum
1135 4469 1215 4524 habet

100 4539 255 4609 Raeg.1‘aris
272 4557 330 4610 139.
437 4557 479 4610 29.
497 4541 644 4595 ἀπόλωνται
658 4542 723 4605 Mn,
737 4539 783 4595 sed
795 4539 935 4594 οπόλοιντο
946 4539 1026 4594 habet
1039 4538 1108 4594 cod.
1123 4539 1189 4611 λος.
