3038 5018
93 302 147 366 vii.
162 319 213 387 25.
394 307 450 371 IN
481 309 514 372 S.
538 310 559 371 J
565 309 792 374 OANNEM.
838 311 934 376 LIB.
951 313 991 376 V.
1227 317 1291 378 649

94 467 333 554 ἀνατείνοντες
358 478 460 575 χεῖρα
481 472 547 572 τήν
570 472 702 579 δεξιάν,
721 479 803 578 τῇδε
828 476 1288 577 κάκεῖσεπερικομίζοντες,

94 591 293 672 δεικνύουσι
317 593 383 692 μὲν
401 594 465 675 τόν
482 595 686 701 ἐλέγχοντα,
706 601 903 700 διαγελῶσι
922 599 960 679 δὲ
978 601 1045 700 ἤδη
1067 599 1133 699 τὴν
1151 602 1291 680 ἐκείνων

94 715 270 796 ἀτίθασον
285 715 482 821 ἀγριότητα
499 720 793 820 κατηννασμένην
812 724 971 825 ὁρῶντες,
991 725 1032 802 οὐ
1051 730 1221 831 λογισμῷ
1239 731 1292 832 τῷ

94 838 272 945 σιόφρονι·
290 841 402 922 πόθεν
412 875 423 939 ;
449 850 640 945 θεοπρεπεῖ
654 843 692 924 δὲ
710 852 855 943 μᾶλλον
873 845 1019 944 δυνάμει
1037 851 1094 925 καὶ
1113 848 1271 955 ἐξουσίᾳ.
1303 861 1326 923 d

63 980 81 1041 5
152 965 373 1064 Σημειωτέον
409 967 447 1046 δὲ
483 971 539 1047 ὅτι
574 975 648 1051 τοῖς
684 967 814 1052 ἀλλοις
851 967 969 1049 ἅπασι
1004 975 1077 1048 τῶν
1111 971 1292 1051 Ἰουδαίων

94 1084 219 1190 ὄχλοις
239 1088 499 1196 Ἱεροσολυμῖται
526 1091 628 1189 μόνοι
655 1095 825 1172 τάναντία
853 1097 958 1200 φασὶ,
986 1096 1045 1174 καὶ
1072 1091 1179 1191 ὅπως,
1207 1097 1288 1195 ε’ρῶ.

94 1213 351 1312 εἰσηγουμένου
368 1213 455 1294 ποτὲ
473 1213 518 1293 τὰ
537 1214 721 1295 κάλλιστα
740 1224 804 1297 τοῦ
823 1222 991 1319 Σωτῆρος
1006 1217 1108 1317 ἡμῶν
1126 1222 1292 1320 Χριστοῦ

94 1333 398 1437 παρειστήκεισαν
415 1341 448 1417 οἱ
467 1343 661 1442 Φαρισαῖοι
686 1340 926 1443 διαπριόμενοι
951 1343 1010 1421 ε’πὶ
1034 1338 1182 1437 τούτοις,
1200 1344 1288 1421 ἀνα·

96 1459 354 1558 κεκαλυμμένοι
372 1459 410 1540 δὲ
428 1461 497 1561 ἤδη
513 1461 605 1564 πρὸς
625 1462 801 1564 ἀνήμερον
819 1462 967 1566 θράσος,
982 1467 1040 1544 καὶ
1057 1462 1103 1543 τά
1121 1466 1160 1543 ἐκ
1177 1462 1294 1569 φόνου

45 1610 83 1652 ¹0
95 1580 264 1684 πράττειν
288 1584 519 1686 ἐπειγόμενοι·
555 1585 647 1688 πρὸς
673 1585 717 1685 δὴ
744 1597 850 1667 τοῦτο
874 1586 980 1671 αὐτὸς
1005 1588 1143 1693 ἔφασκε
1170 1609 1290 1692 παρα·

97 1714 293 1803 νομοῦντας
317 1707 477 1813 ἐλέγχων
501 1707 627 1792 αύτούς
652 1709 733 1793 τοὺς
758 1710 813 1789 ὅτι
837 1709 1016 1814 προσήκοι
1041 1718 1159 1818 φονᾶν
1177 1713 1288 1812 ε’γνω·

96 1829 203 1913 κότας
222 1842 243 1878 “
258 1832 317 1910 Ού
336 1836 502 1930 Μωυσῆς
519 1833 669 1913 δέδωκεν
688 1835 769 1933 ύμῖν
787 1833 851 1913 τὸν
868 1833 1001 1930 νόμον;
1032 1840 1092 1914 καὶ
1114 1835 1227 1919 οὐδεὶς
1250 1835 1295 1941 ἐξ
1305 1862 1322 1905 e

97 1962 118 1999 “
138 1954 236 2051 ὑμῶν
259 1963 355 2034 ποιεῖ
378 1955 442 2035 τὸν
465 1955 583 2054 νόμον·
626 1957 664 2035 τί
684 1992 728 2054 με
756 1958 886 2061 ζητεῖτε
911 1960 1113 2037 ἀποκτεῖναι
1126 1959 1160 2055 ;”
1190 1962 1248 2037 καὶ
1272 1960 1292 2037 ὁ

1337 1822 1389 1885 Sup

96 2078 161 2173 μέν
188 2076 337 2176 σύμπας
364 2088 428 2159 τοῦ
455 2079 570 2180 λόγου
598 2080 736 2164 σκοπὸς
763 2079 828 2164 τάς
855 2087 928 2160 τῶν
956 2077 1158 2182 ἡγουμένων
1185 2115 1292 2160 κατα·

47 2223 83 2283 15
97 2200 233 2307 τοξεύει
269 2203 426 2304 καρδίας·
475 2202 740 2303 ύποπλήττεται
777 2204 811 2282 δ’
851 2204 915 2282 οὖν
950 2203 1047 2303 ὅμως
1082 2205 1104 2303 ή
1142 2207 1294 2305 ἀγελαῖα

97 2323 250 2425 πληθύς,
270 2329 461 2432 ἀφορητῶς
479 2326 517 2405 δὲ
536 2331 736 2406 διατεθεῖσα
760 2329 840 2429 περὶ
866 2325 947 2409 τοὺς
972 2326 1103 2429 λόγους
1124 2328 1290 2430 ύβριστι·

98 2447 252 2551 κότερον
271 2449 484 2551 ἀπεκρίνατο
507 2448 671 2551 λέγουσα
688 2461 709 2497 “
721 2449 918 2549 Δαιμόνιον
936 2449 1036 2554 έχεις·
1066 2451 1119 2533 τίς
1136 2484 1181 2530 σε
1200 2448 1297 2553 ζητεῖ
1338 2472 1378 2520 Ib-
1394 2486 1432 2522 ιο.

96 2581 119 2618 “
138 2573 341 2651 ἀποκτεῖναι
354 2572 387 2668 ;”
425 2573 510 2652 ἀλλ’
540 2569 636 2670 οἶμαι
667 2573 780 2653 παντί
808 2608 859 2680 τῳ
892 2577 1004 2672 δῆλον
1032 2572 1215 2677 ὑπάρχειν,
1245 2575 1294 2656 ὡς

97 2694 240 2798 ε’πείπερ
259 2700 381 2776 ἐθεᾶτο
403 2701 589 2801 φονῶντας
611 2696 679 2798 ἤδη
697 2696 779 2781 τοὺς
799 2697 1028 2800 Φαρισαίους,
1047 2693 1160 2775 ε’κεῖνά
1178 2703 1293 2801 φησιν

46 2819 118 2896 τοὸ
136 2818 307 2922 Χριστός.
346 2826 423 2904 πῶς
448 2821 511 2900 οὖν
528 2820 751 2924 ἀρνουμένων
769 2823 921 2901 ἐνταῦθα
947 2827 1063 2915 τινοῖν,
1082 2822 1141 2898 καὶ
1166 2816 1208 2899 τό
1227 2820 1322 2904 Τίςο
1342 2841 1459 2898 444Δ.

97 2976 142 3021 σε
162 2940 258 3043 ζητεῖ
272 2946 485 3039 ἀποκτεῖναι,
503 2943 684 3041 βοώντων,
701 2946 986 3045 Ἱεροσολυμῖται
1004 2940 1107 3040 μόνοι
1125 2943 1294 3021 τάναντία

98 3073 172 3149 τοῖς
206 3065 334 3149 ἀλλοις
373 3063 490 3146 ἀπασι
527 3066 856 3172 καταφηφιζόμενοι
890 3065 1062 3166 λέγουσιν
1092 3072 1175 3163 Οὐχ
1208 3064 1294 3148 οὗτός

98 3191 184 3269 ἑστιν
212 3192 243 3270 ’δν
272 3191 415 3298 ζητοῦσιν
442 3193 662 3282 ἀποκτεῖναι;
701 3189 739 3267 εὖ
767 3187 805 3267 δέ
832 3192 891 3267 καὶ
918 3196 1024 3268 τοῦτο
1052 3191 1215 3283 Ζητούσιν,
1238 3188 1296 3265 ἵνα

98 3321 171 3397 τοῖς
204 3314 359 3418 ἀρχουσι
389 3314 511 3413 μόνοις
542 3308 783 3418 ἐπιγράφηται
811 3309 858 3390 τά
889 3309 1118 3411 τολμήματα.
1170 3311 1295 3391 οὐκοῦν

45 3462 84 3522 25
96 3436 246 3520 πιθανός
274 3471 328 3521 τις
352 3438 444 3535 ἡμᾶς
469 3436 648 3515 ἀναπείθει
674 3433 784 3536 λόγος
808 3436 949 3531 ἐννοεῖν,
972 3436 1020 3517 ὡς
1047 3435 1067 3512 ὁ
1092 3430 1156 3531 μέν
1180 3432 1296 3519 ἀλλος

97 3566 169 3639 τοῖν
182 3560 364 3639 Ἰουδαίων
383 3557 540 3660 ἠγνόησε
559 3561 671 3656 δῆμος
689 3554 753 3637 τὸν
770 3558 808 3637 έν
825 3563 898 3640 τοῖς
916 3555 1124 3660 ἡγουμένοις
1143 3555 1294 3654 σκοπὸν,

96 3683 382 3786 Ἱεροσολυμῖται
404 3680 447 3761 δέ
465 3714 508 3782 γε
532 3679 623 3759 κατὰ
648 3679 876 3762 τὰπλεῖστα
900 3677 1069 3763 συνόντες
1096 3681 1294 3763 αὐτοῖςκαὶ

138 3920 161 3956 1.
185 3901 357 3957 ἀνατείνοντες
377 3899 435 3954 Βα.
456 3897 644 3971 [ἀνατείνοντος
661 3899 697 3968 (ἓ)
714 3896 760 3970 8.]
776 3898 950 3955 ἀνατείνοντες
968 3896 1018 3951 Ed.
1084 3899 1130 3964 τήν
1148 3895 1235 3964 δεξιὰν
1253 3913 1295 3949 as·

98 3983 238 4042 sumptum
251 3988 284 4024 ex
299 3971 356 4024 Bm.
447 3987 474 4040 3.
492 3970 618 4025 ἀτίθοσον
630 3969 772 4024 edidimus.
786 3970 938 4024 ἀτίθοσσῶν
951 3968 984 4022 Β.
996 3965 1068 4021 unde
1079 3966 1231 4020 άτιθάσσων
1243 3965 1294 4019 Ed.

98 4062 125 4109 4.
143 4042 223 4096 πόθεν
234 4040 377 4095 edidimus.
390 4040 470 4094 ποθεν
483 4040 516 4093 Β.
528 4062 592 4094 ποτε
606 4040 657 4095 Ed.
776 4041 803 4093 8.
821 4036 1030 4105 παριστήκεισαν
1042 4036 1114 4090 Aub.
1174 4036 1294 4090 ἀνακεκο-

99 4111 236 4201 λυμμίνορ]
245 4111 472 4198 Ιἀνοιεεκολοιμένοι
486 4110 520 4164 Β.
532 4110 722 4199 ἀνακηκλιμένοι
735 4109 847 4179 conjecit
859 4106 932 4194 haqd
945 4107 1013 4161 male
1025 4106 1098 4160 Aub.
1187 4123 1218 4228 φη
1236 4105 1294 4172 ἀνή·

97 4181 336 4307 ’όῖρῖίίεῖῗηδῖῗω
348 4180 400 4236 Ed'
419 4265 459 4319 15.
478 4175 1039 4321 ιδᾷἑιῖῖίέῖᾞωῖῖωριῖίῖἷδῖῖηῖῖοι
1053 4175 1295 4316 ιιεγεέῗησῖήῖῖῖί

98 4323 232 4390 πληθοῖσσ
244 4321 360 4391 φορήτος
374 4321 434 4391 (sic)
451 4321 483 4375 B.
496 4320 569 4375 undo
580 4318 596 4387 ή
608 4318 689 4390 ἀγέλη
701 4319 840 4384 πλαθεῖσα,
891 4321 974 4386 ρητός
988 4317 1088 4378 Holst„
1100 4315 1116 4382 ἡ
1128 4314 1209 4395 ἀγέλη
1224 4352 1230 4368 .
1244 4352 1251 4366 .
1266 4353 1272 4366 .
1288 4354 1293 4366 .

100 4432 107 4446 .
121 4395 242 4463 φορητῶς
253 4392 326 4446 Aub.
434 4407 478 4445 υ.
496 4391 537 4444 καλ
549 4391 725 4459 ψηφιζόμενοι
740 4389 772 4442 B.
785 4409 848 4441 κατα
914 4390 1025 4454 ιζόμενοι
1037 4395 1151 4439 correxlt
1162 4386 1209 4439 Ht.
1223 4382 1294 4437 unde

100 4462 151 4517 Ed.
295 4478 337 4528 24·
357 4462 386 4514 τὸ
400 4463 518 4529 τόλμημα
530 4478 554 4514 α.
568 4468 594 4513 et
606 4459 643 4514 ita
654 4457 764 4512 adnotat
776 4457 848 4513 Aub.
862 4457 895 4511 de
909 4457 968 4511 Cat.
984 4455 1059 4512 Harl.
1203 4467 1245 4525 οη.
1264 4476 1294 4529 γε

98 4541 267 4601 assumptum
280 4550 311 4586 ex
327 4532 349 4586 B
362 4549 417 4602 mg.
430 4548 454 4590 a.

143 4634 213 4678 τοι.
230 4633 253 4677 1.
694 4627 751 4692 40
