3038 5018
97 298 164 362 viii.
181 320 230 381 14.
290 299 346 364 IN
378 301 411 363 S.
435 301 690 365 JOANNEM.
737 300 890 366 LIBNJV
935 299 1038 364 CAP.
1062 298 1109 362 ΙΙ.
1235 301 1297 364 717

1346 456 1441 507 ιΟοτ.“
1432 472 1467 506 ιτ.

97 463 304 567 μαρτύρατο
350 474 372 511 “
396 464 513 544 Οὐδὲν
559 464 632 568 γὰρ
681 466 822 572 ε’μαυτφ
872 463 1055 543 σόνοιδα”
1105 461 1369 588 διαρρήδην*

98 590 250 694 ἀναβοᾷ.

156 709 301 812 Λεγέτω
331 720 521 814 τοιγαροῦν
548 710 604 818 ἐφ’
632 709 775 820 ἑκόστιρ
806 710 944 792 τούτων
972 713 993 792 ὁ
1022 716 1222 814 Φαρισαῖος
1250 708 1299 793 ib

98 840 172 941 περὶ
203 837 342 915 σεαυτοῦ
368 839 553 944 μαρτυρεῖς,
577 839 594 929 ἡ
622 838 789 945 μαρτυρία
817 872 876 915 σου
905 841 964 916 οὐκ
994 835 1080 916 ἔστιν
1105 831 1241 928 ιἰληθῆς,
1268 836 1298 912 εί

66 959 157 1042 5καὶ
182 955 237 1036 ότι
262 955 427 1056 μάλιστα
452 965 528 1044 τοῖς
548 961 714 1059 ἐπιτιμᾶν
733 959 829 1064 αὐτῷ
853 955 904 1059 μὴ
929 958 1223 1062 παραιτουμένοις
1247 966 1300 1064 τῷ

97 1080 244 1161 πάντων
269 1079 455 1186 Δεσπότη,
483 1081 526 1161 τὸ
556 1078 647 1161 κατὰ
677 1087 750 1161 τῶν
779 1083 908 1162 ἄλλων
937 1081 983 1162 τὰ
1015 1081 1180 1187 χείριστα
1209 1084 1300 1183 δρῦν

98 1207 325 1304 ίππηλατεῦν.
366 1204 470 1305 πλὴν
484 1207 595 1285 ε’κεῖνο
618 1206 773 1307 λέγομεν
791 1203 1037 1301 ἀναλαβόντες
1062 1210 1231 1301 εἰσαῦθις,
1250 1207 1334 1288 <bed

98 1328 162 1407 οὐκ
189 1329 365 1430 ἀναγκαία
388 1327 454 1428 μὲν
472 1331 511 1408 ε’κ
531 1335 686 1428 νομικῶν
703 1326 936 1428 ε’νταλμότων
954 1329 977 1429 ἡ
996 1336 1069 1409 τῶν
1088 1328 1299 1431 Φαρισαίων

99 1451 315 1555 ἀντίῤῥησις,
348 1449 421 1532 ἀπὸ
455 1451 493 1532 δέ
524 1449 635 1551 μόνον
664 1452 883 1554 πεποιημένη
914 1460 979 1533 τοῦ
1010 1460 1224 1556 κρατοῦντος
1261 1454 1299 1532 έν

48 1615 86 1656 ιο
99 1575 280 1682 συνηθείᾳ,
305 1575 365 1655 καὶ
392 1584 457 1656 τοῦ
480 1574 531 1675 μὴ
557 1575 705 1678 πρέπειν
730 1579 919 1661 δοκοῦντος
946 1584 1020 1661 τοῖς
1045 1576 1212 1656 ἐπιεικέσι
1235 1573 1300 1654 τὸν

98 1696 246 1800 τρόπον·
289 1700 451 1802 λοιδορία
482 1697 520 1778 δὲ
552 1697 699 1797 μᾶλλόν
731 1702 832 1779 ἐστιν
863 1699 887 1799 ἡ
918 1700 1125 1804 όντίῤῥησις
1158 1697 1297 1798 νομικὴ,

100 1820 377 1901 ῦποκλέπτουσά
407 1857 485 1907 πως
518 1823 627 1901 αὐτοῦ
658 1821 740 1908 τοῦς
772 1821 841 1923 ἤδη
876 1820 1120 1924 θαυμάζοντας
1152 1826 1211 1903 καὶ
1244 1821 1299 1902 ότι

98 1944 274 2047 προσήκει
305 1945 486 2026 πιστεύειν
513 1944 847 2043 ἀναπεπεισμένους.
901 1945 1115 2049 διασύρουσι
1146 1945 1219 2050 γὰρ
1251 1948 1300 2031 ὡς

98 2069 163 2162 οὑκ
190 2069 421 2169 ἀληθεύοντα,
446 2071 504 2148 καὶ
531 2069 598 2169 τὴν
625 2074 698 2149 τῶν
725 2068 917 2171 εἰρημένων
943 2070 1072 2173 ἀρτίως
1098 2070 1299 2177 παραφθεί-

48 2220 85 2281 15
98 2224 220 2292 ροντες
245 2192 381 2290 πίστιν,
406 2192 488 2271 οὐδὲ
513 2198 591 2298 φῶς
616 2191 709 2272 κατὰ
735 2191 908 2293 ἀλήθειαν
929 2190 1021 2274 εἶναί
1042 2201 1152 2301 φασι,
1174 2192 1239 2274 τὸν
1259 2196 1299 2275 ε’κ

99 2318 162 2414 τῆς
181 2316 389 2422 δυσφημίας
406 2313 559 2419 ὄλεθρον
577 2324 654 2400 ταῖς
672 2317 809 2397 ἑαυτῶν
822 2319 1081 2402 ε’παντλοῦντες
1099 2322 1132 2398 οἱ
1150 2321 1328 2402 δειλαιοὶο

98 2445 286 2544 κεφαλαῖς.

148 2809 301 2892 ἐμαυτοῦ,
323 2811 448 2878 ἀλαθής
473 2811 560 2880 ἐστιν
584 2814 603 2878 ἡ
628 2811 788 2903 μαρτυρία
812 2836 883 2895 μου,
902 2817 952 2885 ὅτι
975 2808 1049 2880 οἶδα
1075 2815 1173 2882 πόθεν
1196 2809 1296 2880 ἦλθον

47 2948 86 2988 20
150 2935 204 3000 καὶ
231 2941 292 3001 ποῦ
321 2937 446 3011 ὑπάτω.

153 3099 309 3180 Τοῦθ”’
290 3135 378 3204 οπερ
396 3104 475 3182 ἐστι
492 3136 584 3182 κατα
567 3101 717 3210 φυσιν
736 3138 796 3183 και
782 3104 1002 3203 ἀληθῶς
985 3139 1110 3185 εαυτον
1128 3102 1294 3212 φόσκον-

98 3256 159 3306 τος
177 3220 265 3303 εἶναι
284 3259 347 3305 τοο
330 3231 532 3327 Χριστοῦ
550 3236 573 3273 “
586 3225 755 3328 Ἐγὼ’
705 3261 776 3330 γαρ
794 3235 865 3327 εἰμι
883 3263 924 3308 το
908 3227 1023 3334 φῶς
1041 3262 1105 3309 του
1089 3228 1374 3344 “’νθκόσμου,’
1343 3228 1427 3294 ΒΨ*

99 3345 290 3451 διαῤῥήδην
320 3349 506 3454 ἀνεφῶνει·
546 3354 761 3455 διεψεῦσθαι
792 3351 906 3431 πόλιν
935 3351 1043 3432 αὐτὸν
1073 3353 1097 3452 ἡ
1129 3355 1296 3461 φιλοκίν-

99 3475 203 3554 δυνος
220 3479 292 3551 τῶν
313 3474 524 3574 Φαρισαίων
544 3472 643 3580 φήθη
662 3474 815 3574 πληθύς.
856 3476 898 3554 οῦ
916 3474 989 3578 γὰρ
1007 3473 1145 3581 ᾔδεσαν
1162 3479 1295 3558 ἀσυνε-
1309 3518 1328 3559 α
1344 3504 1464 3561 489Δ.

48 3604 240 3679 λότοῦντες
267 3595 435 3692 ἐκτόπως,
461 3594 517 3675 ότι
543 3595 610 3696 τὴν
636 3597 728 3677 ἰδίαν
752 3597 842 3682 τινὲς
870 3597 958 3678 όταν
979 3633 1027 3700 -γε
1054 3602 1298 3702 ἐκδιηγοῦνται

99 3719 224 3824 φύσιν,
252 3720 311 3799 καὶ
338 3719 384 3799 τὰ
410 3721 594 3803 οῦσιωδιῦς
622 3721 739 3804 αὐτοῖς
767 3720 1013 3826 ἐνυπάρχοντα
1041 3724 1226 3826 λέγουσιν,
1255 3726 1297 3805 οὐ

99 3841 335 3949 φιλοκόμπως
357 3842 485 3927 αὐτοὺς
509 3852 616 3924 τοῦτο
641 3848 731 3946 δρᾶν
749 3844 794 3925 τὰ
820 3846 937 3925 είκότα
963 3853 1179 3953 φρονοῦντες
1205 3852 1293 3931 ὖπο·

99 3964 317 4064 τοπήσομεν,
346 3967 431 4046 ἀλλ’
461 3965 541 4046 οὐδὲ
575 3967 686 4075 δόξαν
713 3970 861 4071 ε’ροῦμεν
888 3977 1100 4076 φιλοθηρεῖν
1128 3971 1194 4073 τὴν
1221 3972 1298 4053 διοί·

100 4123 211 4186 κενον,
230 4091 421 4192 ε’κτρανοῦν
439 4090 477 4172 δέ
502 4099 658 4190 μᾶλλον,
677 4092 764 4195 ὅπερ
788 4094 879 4173 εἰσὶν
898 4097 1054 4193 ἀληθῶς.
1094 4095 1168 4176 οἷον
1190 4095 1228 4177 δέ
1253 4098 1298 4199 δή

138 4344 179 4381 11.
197 4315 360 4415 λοιδορη(-·-
371 4329 550 4416 λοιδοριο)Β.
561 4330 669 4401 λοιδορη
683 4329 734 4385 Ed.
839 4348 880 4387 η.
899 4331 1066 4386 αῦτοῦΒΗ
1037 4331 1128 4388 αντοῦς
1141 4330 1232 4387 Holet.
1245 4331 1297 4388 Ed.

103 4415 144 4467 14.
163 4398 313 4470 εἰρημένων]
327 4398 497 4469 ὁρωμένωνα.
677 4418 720 4472 23.
738 4402 931 4474 φιλοκίνδυνος]
945 4401 1204 4474 φιλολοίδοροςΟοῑ.
1219 4404 1296 4458 Harl.

101 4469 524 4610 όῗωὲλίῖῗῦὲίζῗῆίὲμῗιο.
537 4474 806 4613 Mssffl‘s‘de.
819 4471 878 4528 ω
871 4473 1125 4616 Ὓῗῗῦῗόῦῖῗ.
1136 4475 1298 4601 mm*
