3038 5018
223 296 286 359 138
524 297 563 360 Β.
586 295 795 361 CYRILLI
825 292 1114 359 ALEXANDR.
1331 288 1419 367 i·14·

148 488 151 495 ·
221 457 377 558 Τριάδος
404 461 551 569 βιβλίῳ,
571 463 613 540 τὸ
632 459 767 559 πολλὰ
781 457 914 562 ’λέγειν
936 458 986 539 ἔτι
1011 457 1069 537 διαί
1094 490 1149 537 τοι
1171 463 1277 535 τοῦτο
1298 448 1419 555 παρή·

221 615 347 679 σομεν.

175 733 212 789 14
557 715 633 782 ·Καί
660 716 678 783 ὁ
704 716 804 791 Λότοο
831 717 912 804 σὰρξ
939 715 1080 790 ὲτὲνετο.

278 920 506 1017 Είσβέβηκεν
533 919 601 1018 ήδη
634 928 796 1022 καθαρῶς
827 920 885 1000 διά
918 919 1046 1000 τούτου
1074 923 1123 1001 είς
1155 914 1219 995 τὸν
1246 916 1327 1014 περὶ
1358 915 1422 1011 τῆς

220 1042 524 1143 ε’νανθρωπήσεως
552 1043 676 1146 λόγον.
728 1045 781 1123 ὅτι
810 1044 880 1146 γάρ
910 1044 982 1128 υίὸς
1014 1040 1204 1143 ἀνθρώπου
1232 1034 1359 1139 γέγονέ
1382 1054 1455 1114 τε5

222 1167 280 1242 καὶ
305 1163 559 1269 κεχρημάτικεν
586 1168 606 1245 ὁ
633 1166 852 1267 Μονογενὴς,
872 1168 1048 1273 ἐξηγεῖται
1076 1170 1219 1270 σαφῶς·
1255 1161 1422 1258 σημαίνει

190 1287 294 1391 ᾱγάρ
319 1297 437 1386 τοῦτο,
454 1293 512 1369 καὶ
539 1292 656 1391 ἕτερον
680 1291 790 1387 ούδέν,
813 1289 855 1371 τῦ
881 1289 1001 1392 σάρκα
1026 1288 1192 1390 γενέσθαι
1217 1285 1281 1364 τὸν
1300 1283 1422 1384 Λόγον

223 1418 342 1491 εἰπεῖν·
382 1412 506 1510 ὅμοιον
524 1414 596 1515 γάρ
622 1415 669 1498 ῶς
696 1419 725 1492 εί
750 1416 808 1493 καὶ
833 1412 1051 1515 γυμνότερον
1069 1413 1227 1517 ἔφασκεν
1244 1409 1289 1487 ‘0
1310 1411 1421 1507 Λόγος

222 1535 412 1638 ἅνθρωπος
439 1539 577 1640 ἐγένετο.
619 1537 723 1642 ξένον
750 1537 788 1617 δὲ
815 1537 927 1616 πάλιν
955 1539 1037 1637 ἡμῖν
1065 1535 1088 1637 ἢ
1116 1534 1293 1632 ἀσύνηθες
1322 1530 1423 1609 οὐδὲν

222 1661 315 1739 οὕτω
343 1660 461 1760 λέγων
484 1660 653 1764 εἰσφέρει,
676 1660 856 1744 πολλάκις
883 1665 946 1761 τῆς
973 1662 1067 1744 θείας
1094 1663 1238 1766 γραφῆς
1266 1659 1323 1736 καὶ
1349 1653 1422 1733 ἀπὸ
1440 1684 1480 1724 10

222 1780 332 1881 μόνης
359 1788 422 1883 τῆς
450 1782 587 1885 σαρκὸς
613 1785 702 1863 ἀλον
725 1786 982 1885 ἀποκαλούσης
1007 1785 1049 1863 τὸ
1075 1783 1174 1892 ζῶον,
1201 1776 1358 1861 κατὰτὸ
1384 1780 1423 1855 ἐν

223 1912 274 2014 τῷ
301 1904 471 2012 προφήτῃ
500 1909 658 2006 κείμενον
680 1906 789 2008 Ἰωήλ
819 1919 840 1954 “
858 1907 996 2012 Ἐκχεῶ
1024 1907 1096 1986 ἀπὸ
1124 1915 1188 1985 τοῦ
1212 1903 1423 2001 Πνεύματός

223 2040 245 2076 “
262 2064 332 2127 μου
356 2032 414 2111 ε’πὶ
440 2037 566 2111 πᾶσαν
590 2030 743 2132 σάρκα·”
778 2035 836 2110 καί
865 2032 906 2111 οῦ
934 2030 1047 2131 δήπου
1076 2038 1263 2128 νομιοῦμεν
1287 2026 1423 2132 ἀψύχῳ
1478 2075 1484 2088 ·

223 2155 281 2233 καὶ
315 2153 408 2259 μόνῃ
440 2161 485 2258 τῇ
522 2155 724 2260 ἀνθρωπείῳ
756 2158 866 2256 σαρκὶ
902 2153 945 2234 τὸ
977 2161 1070 2234 θεῖον
1103 2150 1423 2256 χορηγηθήσεσθαι

224 2282 374 2377 Πνεῦμα
398 2275 463 2357 τὸν
479 2277 672 2381 προφήτην
691 2284 811 2358 εἰπεῖν·
848 2277 1036 2381 ἀμοιρήσει
1062 2277 1133 2377 γάρ
1161 2278 1253 2356 οὕτω
1278 2271 1416 2374 γελοιά·
1439 2304 1479 2362 15

194 2434 328 2498 οτητος
365 2402 529 2497 οὐδαμῶς
566 2397 608 2479 τῦ
646 2401 877 2500 δηλούμενον,
910 2402 994 2481 ἀλλ’
1027 2406 1066 2480 ἐκ
1102 2399 1228 2500 με’ρους
1260 2397 1301 2477 τὸ
1334 2396 1423 2475 ὅλον

222 2522 436 2619 συλλαβῶν,
456 2522 527 2604 ἀπὸ
551 2529 615 2623 τῆς
640 2523 776 2626 σαρκὸς
801 2523 961 2628 ὀνομάζει
988 2524 1051 2604 τὸν
1069 2524 1271 2626 ἄνθρωπον,
1291 2519 1358 2599 ἔδει
1384 2519 1422 2598 δὲ

222 2652 368 2742 μᾶλλον
390 2648 483 2726 οὕτω
511 2651 569 2726 καὶ
597 2649 664 2752 οῦχ
687 2648 825 2751 ἑτέρως·
866 2653 924 2727 καὶ
950 2646 1008 2727 tc&
1031 2649 1139 2729 ποίαν
1160 2646 1286 2739 αἰτίαν,
1305 2647 1419 2743 ἀναγ·

224 2776 334 2867 καῖον,
349 2773 397 2853 ῶς
416 2770 536 2860 ἔοικεν,
552 2777 672 2852 εἰπεῖν.
701 2771 779 2850 ἔστι
798 2773 915 2851 τοίνυν
935 2770 1083 2873 λογικὸν
1101 2770 1176 2867 μὲν,
1192 2769 1364 2849 σύνθετον
1384 2767 1421 2845 δὲ

224 2889 319 2991 ὅμως
341 2890 429 2998 ζῷον
449 2895 469 2972 ὁ
493 2894 691 2994 ἅνθρωπος,
708 2897 747 2974 ἐκ
770 2899 892 3000 ψυχῆς
911 2893 1078 2994 δηλονότι
1098 2896 1154 2972 καὶ
1173 2898 1237 2992 τῆς
1255 2891 1421 2991 ἐπικήρον
1439 2928 1480 2967 20

222 3020 374 3114 ταυτησὶ
395 3020 452 3094 καὶ
471 3015 595 3117 γηίνης
613 3018 759 3119 σαρκός.
794 3017 912 3114 ἐπειδὴ
931 3017 969 3097 δὲ
986 3017 1174 3116 ἐπεποίητο
1191 3016 1291 3116 παρὰ
1307 3021 1419 3122 Θεοῦ,

223 3141 282 3216 καὶ
306 3138 476 3243 παρήχθη
500 3139 591 3240 πρὸς
617 3140 768 3242 γε’νεσιν,
792 3142 856 3219 οὐκ
880 3141 971 3244 ἔχων
993 3141 1037 3248 ἐξ
1060 3141 1185 3224 οἰκείας
1211 3139 1355 3243 φύσεως
1380 3137 1423 3217 τό

223 3296 262 3341 τε
295 3261 483 3366 ἄφθαρτον
511 3268 568 3342 καὶ
600 3265 816 3364 ἀνώλεθρον·
857 3264 956 3372 μόνῳ
985 3266 1056 3366 γὰρ
1083 3273 1196 3344 ταῦτα
1221 3262 1424 3364 πρόσεστιν

59 3403 152 3458 m.
196 3385 408 3466 οοῦσιωδῶς
432 3389 483 3491 τῳ
503 3391 597 3491 θεῷ·
630 3386 934 3490 κατεσφραγίζετο
960 3392 1011 3494 τῳ
1032 3386 1204 3483 πνεύματι
1230 3391 1292 3485 τῆς
1317 3387 1421 3488 ζωῆς,

225 3507 353 3610 σχίσει
381 3513 425 3612 τῇ
453 3508 543 3610 πρὸς
571 3509 613 3588 τὸ
642 3517 735 3589 θεῖον
757 3511 798 3589 τὸ
824 3509 910 3609 ὑπὲρ
935 3510 1001 3609 τήν
1024 3510 1137 3613 φύσιν
1160 3511 1425 3612 ἀποκερδαίνων
1441 3537 1480 3596 25

57 3663 179 3728 ειεοαη.
225 3631 363 3734 ἀγαθόν
381 3643 402 3678 “
417 3633 648 3737 Ἐνεφύσησε
678 3633 759 3738 γάρ,
787 3639 912 3741 φησὶν,
943 3639 990 3719 είς
1017 3635 1059 3713 τὸ
1087 3634 1285 3736 πρόσωπον
1313 3635 1424 3712 αὐτοῦ

226 3767 247 3804 “
263 3755 378 3855 πνοήν
400 3754 498 3856 ζωῆς,
524 3761 581 3837 καὶ
610 3757 746 3858 ἐγένετο
775 3760 795 3837 ὁ
823 3758 1011 3860 ἅνθρωπος
1039 3765 1087 3843 είς
1114 3758 1239 3865 ψυχήν
1265 3757 1422 3858 ζῶσαν·”

264 3975 287 4012 1.
306 3979 345 4012 τοι
358 3976 412 4012 om.
426 3958 459 4012 B.
567 3979 592 4026 4.
612 3960 653 4013 διὰ
669 3962 744 4013 τοῦτο
757 3960 866 4029 καθαρὸς
879 3960 912 4014 Β.
1019 3977 1045 4031 5.
1064 3961 1105 4032 τε]
1124 3969 1151 4023 ÷
1167 3963 1214 4031 ἤδη
1228 3961 1278 4015 Ed.
1291 3961 1375 4015 invito
1390 3963 1424 4018 B.

226 4041 288 4100 7.γ
319 4029 426 4098 ενήσθαι
441 4028 472 4082 Β.
583 4047 623 4096 14.
641 4028 869 4101 χορηγηθήσεσθαι
883 4032 953 4086 ΠΕ.
966 4032 1163 4104 χορηγήσεσθαι
1177 4032 1227 4085 Ed.
1332 4050 1373 4102 19.
1393 4037 1426 4088 τὸ

225 4051 331 4170 λογιιῦάν
344 4100 376 4153 Β.
466 4116 508 4153 20.
527 4098 596 4168 ὅμως
608 4111 775 4169 assumptum
789 4120 820 4154 ex
836 4102 868 4155 B.
883 4102 964 4156 cnrd.
1061 4119 1103 4158 21.
1122 4103 1230 4169 ταυτησὶ
1243 4102 1312 4156 edidi
1325 4121 1339 4157 e
1352 4103 1424 4159 eod.

226 4168 288 4223 Mos
309 4171 384 4223 uensi
401 4169 502 4224 scholia
518 4188 599 4240 super
611 4170 754 4239 Evangelia
770 4172 925 4235 continenti,
938 4173 966 4226 in
979 4173 1007 4226 S.
1022 4174 1124 4243 Synodi
1139 4172 1302 4228 Bibliotheca
1314 4191 1425 4228 conser-

224 4188 344 4310 τοιοῦοι
361 4241 436 4306 (olim
449 4241 495 4306 42)
509 4241 615 4310 signato
633 4259 684 4295 sec.
702 4241 763 4296 circ.
777 4260 793 4296 x
809 4261 888 4323 quem
905 4252 1032 4314 tanquam
1050 4263 1081 4297 ex
1097 4244 1190 4297 eodem
1207 4245 1280 4298 fonte
1294 4261 1324 4297 ac
1338 4244 1423 4301 cord.

224 4305 350 4363 haustum
368 4311 414 4364 sed
432 4312 517 4364 multo
534 4312 623 4365 minus
639 4313 758 4381 plenum,
771 4330 856 4367 ranna
873 4316 957 4367 citans
975 4313 1133 4386 bsignavi]
1147 4314 1238 4383 ταύτης
1255 4314 1269 4383 η
1284 4315 1316 4368 B.
1328 4314 1424 4384 ταύτης

225 4376 276 4432 Ed.
325 4381 461 4503 ἐπεποιὲῳτο
476 4380 507 4435 Β.
521 4380 602 4435 Cord.
614 4382 738 4450 πεποίητο
751 4383 803 4437 Ed.
940 4401 983 4439 22.
1002 4386 1063 4454 ἕχον
1078 4385 1110 4439 Β.
1254 4403 1296 4452 25.
1313 4387 1379 4454 πρὸς
1391 4389 1424 4441 τὸ

223 4447 294 4501 θεῖον
307 4448 340 4503 Β.
354 4450 407 4505 Cor
448 4453 513 4519 πρὸς
526 4453 592 4506 θεὸν
604 4451 655 4506 Ed.
704 4451 800 4507 Statim
818 4455 849 4507 τὸ
868 4454 932 4522 ὑπὶρ
970 4456 996 4511 ’ν
1006 4454 1091 4528 φύσιν
1105 4465 1167 4527 post
1181 4455 1371 4527 ἀποκερδοίνων
1387 4467 1424 4514 tr.

223 4517 276 4571 Ed.
288 4518 378 4573 invitis
392 4521 424 4574 B.
439 4521 521 4574 cord.
630 4521 672 4576 26.
691 4477 985 4593 φησὶνοω.Β.()οίά
1450 4533 1452 4536 ’
