3038 5018
87 291 109 357 i.
127 293 240 374 16,17.
276 292 330 359 IN
363 294 676 360 S.JOANNEM.
724 292 818 360 LIB.
842 295 870 359 1.
916 295 1016 360 cAP.
1040 295 1100 361 IX.
1224 297 1286 359 153

91 463 260 563 Σωτῆρος
285 461 445 566 ὀνομάζει
469 467 583 570 χάριν,
602 460 626 568 ἦ
649 467 706 543 καὶ
731 463 773 543 τὸ
799 465 913 543 πλέον
931 465 969 542 ἐν
987 461 1077 569 δόξη
1094 467 1287 561 κεκτῆσθαι

88 583 276 687 χαρίζεται,
295 583 362 684 τὴν
379 594 452 665 τῶν
474 586 698 688 πραγμάτων
722 587 856 691 ἄριστα
881 584 1076 688 δοκιμάζων
1094 584 1218 693 φύσιν,
1238 588 1286 670 ὡς

86 708 392 814 πνενματοφόρος.

148 832 290 910 Ούκοῦν
308 831 494 934 ἐπειδήπερ
512 843 527 914 ι’
546 832 612 932 μὲν
631 836 850 937 κατακρίνων
869 834 962 940 νόμος
990 831 1077 928 ἐδόθη
1105 831 1163 913 θιίι
1182 848 1283 911 Μαο-

55 951 185 1049 5σίως,
207 953 330 1055 γέγονε
353 955 391 1035 δὲ
411 953 469 1037 διδ
487 967 550 1036 τοῦ
571 963 801 1058 Μονογενοῦς
825 958 847 1057 ἦ
872 962 1059 1038 δικαιοῦσα
1080 956 1191 1063 χάρις,
1210 961 1316 1038 πῶςν
1340 972 1402 1028 108
1413 969 1454 1024 Α·

92 1076 156 1154 οῦν
175 1078 238 1156 οῦκ
257 1080 409 1176 ἀμείνων
427 1082 464 1159 έν
483 1078 583 1185 δόξῃ,
603 1083 728 1183 φησὶν,
747 1081 827 1159 ὁδί
848 1080 890 1161 οῦ
908 1079 955 1159 τά
972 1079 1116 1183 κρείττω
1138 1113 1284 1176 νενομο-

95 1196 260 1296 θέτηται;
296 1203 488 1300 ἀληθεύσει
511 1202 555 1300 δὴ
580 1204 642 1282 οὖν
660 1207 716 1282 καῖ
737 1204 757 1282 ὁ
775 1203 936 1310 μελῳδὸς
960 1205 998 1282 ε’ν
1018 1202 1200 1300 Πνεύματι
1225 1201 1290 1280 τὸν

97 1320 231 1423 Κύριον
249 1324 349 1422 ἡμῶν
367 1326 512 1425 Ἰησοῦν
530 1324 593 1406 τὸν
607 1324 771 1429 Χριστὸν
789 1327 911 1426 πάσης
931 1328 1020 1424 ὁμοῦ
1037 1331 1101 1424 τῆς
1119 1331 1290 1427 λαμπρᾶς

92 1449 166 1522 τιῦν
184 1447 296 1545 ἁγίων
311 1448 474 1548 πληθύος
500 1452 727 1553 ὑπερκεῖσθαι
753 1455 852 1545 βοῶν
871 1461 892 1498 “
910 1451 975 1533 Τίς
1000 1448 1083 1552 γάρ,
1102 1453 1231 1554 φησὶν,
1252 1450 1289 1527 ε’ν
1333 1456 1447 1572 ¹12¹&

45 1603 79 1645 ιο
95 1577 116 1613 “
135 1568 300 1674 νεφέλαις
328 1572 549 1672 ίσωθήσεται
576 1578 627 1680 τῷ
657 1575 790 1681 Κυρίῳ,
817 1571 841 1673 ἢ
869 1576 923 1659 τίς
949 1570 1210 1672 ὁμοιωθήσεται
1238 1587 1290 1679 τῷ
1336 1598 1359 1651 ⁷·

93 1702 116 1738 ‘⁶
136 1694 258 1800 Κυρίῳ
285 1696 322 1773 ἐν
342 1699 427 1779 υἱοῖς
445 1700 540 1776 Θεοῦ
555 1697 589 1794 ;”
619 1696 767 1803 νεφέλαι
792 1696 948 1800 μὲνγὰρ
972 1702 1008 1777 αῖ
1035 1701 1167 1795 νοηταὶ,
1183 1729 1288 1775 τουτ·

94 1815 204 1909 έστιν,
239 1820 272 1896 οῖ
310 1815 404 1918 ἅγιοι
445 1823 628 1924 προφῆται
669 1819 980 1925 παραχωρήσουσι
1020 1817 1063 1898 τὸ
1105 1825 1204 1898 νικᾶν
1240 1824 1292 1926 τῷ

95 1942 258 2047 Χριστῷ,
286 1939 470 2041 οἰήσονται
501 1943 539 2022 δὲ
566 1948 638 2023 δεῖν
666 1945 830 2040 οὐδαμῶς
861 1942 1038 2049 ῖσομέτρῳ
1065 1941 1157 2046 πρὸς
1184 1939 1292 2024 αὐτὸν.

96 2064 325 2162 ἁμιλλᾶσθαι
359 2071 454 2170 τιμῇ,
492 2063 558 2166 τήν
595 2065 759 2170 δευτέραν
790 2067 1060 2173 ἀποφερομένου
1093 2064 1197 2171 τάξιν
1227 2073 1324 2146 τοῦδ

45 2214 80 2276 15
93 2185 194 2287 παρά
219 2186 357 2271 πάντας
384 2190 612 2290 ἐγνωσμένου
639 2189 738 2292 παρὰ
766 2195 873 2286 θεοῦ,
894 2189 1058 2269 τουτέστι
1087 2187 1288 2272 Μωυσέως·

96 2312 163 2389 υἱοὶ
188 2308 226 2389 δὲ
251 2317 283 2390 οῖ
310 2313 595 2416 χρηματίσαντες
621 2322 683 2393 τοῦ
702 2319 798 2394 Θεοῦ
822 2312 914 2393 κατὰ
938 2310 1002 2392 τὸν
1019 2316 1084 2412 τῆς
1107 2312 1292 2410 ἐπιδημίας

95 2430 229 2536 καιρὸν,
257 2436 319 2514 οὐκ
348 2435 638 2538 ἀπαραλλάκτως
667 2436 951 2536 ὁμοιωθήσονται
978 2441 1030 2543 τῷ
1058 2434 1149 2516 κατὰ
1178 2436 1293 2543 φύσιν

96 2562 185 2664 Υῖῳ,
205 2559 304 2637 ἀλλὰ
329 2557 372 2638 τὸ
397 2564 523 2639 οῖκεῖον
540 2560 801 2661 ε’πιγνιύσονται
826 2560 966 2662 μέτρον,
985 2557 1105 2640 ὀπίσω
1128 2558 1292 2659 μάλιστα

94 2688 274 2761 τεθεῖσθαι
306 2683 475 2784 λέγοντος
507 2680 633 2763 ἑαυτὸν
662 2692 725 2762 τοῦ
757 2685 860 2784 ἁγίου
891 2691 1107 2779 βαπτιστοῦ,
1136 2685 1219 2785 περὶ
1250 2682 1293 2761 οῦ

45 2840 82 2882 ιο
95 2811 213 2909 φησιν
241 2807 261 2884 ὁ
289 2807 434 2908 καρδίας
462 2807 561 2890 εῖδιύς
589 2818 610 2854 “
630 2807 710 2885 Ούκ
737 2807 922 2909 ἐγήγερται
952 2809 989 2885 ε’ν
1017 2812 1197 2908 γεννητοῖς
1228 2841 1292 2906 γν-
1338 2816 1461 2897 s3M2tth.

96 2939 119 2976 “
138 2935 268 3008 ναικῶν
285 2929 411 3032 μείζων
428 2928 595 3009 Ἰωάννου
615 2937 679 3008 τοῦ
697 2928 937 3024 βαπτιστοῦ.”
976 2928 1141 3028 ἀληθεύει
1164 2927 1208 3029 δὴ
1231 2930 1293 3009 οῦν
1338 2897 1421 2934 xm.

1339 3053 1421 3113 Supra

95 3054 117 3131 ὁ
148 3050 319 3155 μακάριος
352 3051 638 3157 Εὐαγγελιστὴς,
669 3059 859 3132 τεθεᾶσθαι
896 3051 1015 3152 λέγων
1047 3063 1069 3101 “
1085 3052 1151 3153 τὴν
1182 3054 1224 3132 δά
1339 3130 1391 3164 ver.
1406 3127 1443 3180 ¹4

97 3186 120 3224 “
140 3177 257 3272 αὑτοῦ,
287 3174 398 3282 δόξαν
428 3180 476 3262 ὡς
511 3183 740 3279 Μονογενοῦς
770 3175 869 3279 παρὰ
904 3172 1077 3279 Πατρὸς,”
1108 3176 1324 3256 τουτέστινο

96 3300 189 3401 ἥπερ
216 3298 262 3379 ἂν
288 3303 417 3402 πρέποι
448 3307 500 3408 τῷ
532 3304 570 3380 ἐκ
599 3306 693 3380 Θεοῦ
725 3298 869 3402 Πατρός
893 3304 971 3406 Υῖηῖ
999 3304 1209 3400 Μονογενεῖ,
1237 3303 1295 3379 καὶ

45 3452 84 3513 25
100 3424 179 3527 οῦχὶ
197 3429 343 3522 μᾶλλον
361 3431 436 3507 τοῖς
454 3430 501 3507 εῖς
519 3421 748 3529 ἀδελφότητα
767 3423 993 3524 κεκλημένοις
1011 3424 1130 3522 αὑτοῦ,
1148 3418 1198 3503 ὧν
1217 3424 1296 3503 ε’στι

97 3545 334 3649 πρωτότοκος.

140 3799 162 3837 1.
181 3783 312 3853 χαρίζεται
324 3783 462 3853 κεκτῆσθαι
472 3784 580 3838 inverso
591 3782 684 3839 ordine
698 3783 730 3839 B.
878 3803 904 3850 4.
923 3780 1072 3852 ἐπειδήπερ]
1085 3780 1152 3905 dmg
1162 3781 1217 3836 ἐπει
1233 3781 1248 3849 ι)
1262 3780 1296 3836 Β.

100 3851 128 3908 6.
145 3851 190 3943 οῦν
201 3863 228 3907 et
239 3857 347 3936 ἀμείνων
358 3863 496 3925 assumpta
507 3871 539 3908 ex
554 3852 586 3909 B.
701 3867 726 3925 7.
745 3852 903 3941 ἅληθςύειδῖ
918 3853 951 3908 Β.
1066 3868 1107 3907 10.
1164 3851 1250 3938 Κυρίῳ
1262 3850 1296 3905 αθ

100 3925 368 4077 1ίθριγῖίρήιίίιαητείάλάνίῗες
380 3993 413 4049 Β.
427 3993 440 4066 [
458 3923 745 4086 ρηᾪτήάάνῖςῖῦοᾶ.]
759 4016 803 4066 χρι
811 3941 851 4049 ¹3.
861 3922 1047 4050 ,θάίθδιντιῗλλ
1056 4013 1104 4081 γρι
1118 3935 1173 4047 .15.
1181 3920 1296 4046 ,ΘῳΕΚ

101 4064 210 4120 Lacuna
222 4083 250 4120 m
263 4066 296 4121 E.
426 4017 467 4119 ιθ,
486 4062 710 4135 ὀπίσω-ίαυτδν]
724 4066 810 4121 οπίσω
821 4066 923 4133 μᾶλλον
933 4061 1162 4134 προστεθησεσθαι
1173 4062 1296 4132 λέγοντος

99 4137 178 4191 αὑτὸν
191 4136 224 4189 Β.
331 4153 374 4190 22.
393 4135 478 4206 λέγων
489 4152 543 4190 om.
557 4135 590 4190 B.
