3038 5018
256 301 321 365 502
562 301 600 365 B.
624 298 834 365 CYRILLI
864 299 1154 364 ALEXANDR.
1352 297 1465 378 vi.42.

259 469 494 549 Μωνσαῖκοῖς
521 464 795 568 συγγράμμασι,
818 473 986 573 πατρῷον
1007 465 1132 566 ὥσπερ
1158 463 1238 544 τινὰ
1265 469 1340 547 τοῖς
1363 462 1464 543 Ἰου-

258 589 369 672 δαίοις
395 592 530 690 κλῆρον
551 591 675 669 ἐνόντα
698 589 762 668 τὸν
784 592 839 669 ἐπὶ
867 598 941 674 τοῖς
969 592 1129 690 ἀρίστοις
1156 622 1195 667 τε
1222 591 1281 667 καὶ
1309 590 1468 687 ἀγαθοῖς

258 711 473 813 γογγυσμδν
490 711 701 815 εὑρήσομεν·
737 715 821 792 ἀλλ’
843 719 890 796 είς
914 710 1044 815 πικρὸν
1062 717 1269 814 καταλῆγον
1292 709 1334 789 τὸ
1362 717 1464 812 πρᾶ-

224 856 336 936 Βγμα
360 834 475 933 τέλος,
497 839 555 916 καὶ
582 835 697 916 πάλαι
725 836 790 933 μέν
813 839 851 916 ἐν
875 839 1016 920 ἐκείνοις
1040 838 1064 933 ἡ
1088 843 1203 934 πεῖρα,
1227 838 1286 914 καὶ
1314 842 1382 912 νῦν
1404 836 1469 914 ἐπὶ

259 956 395 1042 τούτοις
423 957 524 1039 οῦδὲν
545 959 652 1059 ἧττον
676 960 863 1067 ἐπέδειξεν.
901 959 1095 1064 ε’γάγγυῷν
1121 962 1245 1039 ἐκεῖνοι
1273 957 1367 1037 κατά
1396 955 1501 1056 τὴν5

258 1080 400 1183 ἔρημον,
426 1087 483 1161 καὶ
507 1082 704 1187 ἀχάριστον
728 1086 911 1164 ἐποιοῦντο
935 1083 1027 1164 κατά
1050 1087 1146 1163 Θεοῦ
1170 1081 1236 1181 τὴν
1259 1078 1465 1180 καταβοήν,

90 1186 172 1319 3⁰⁰¹·
186 1202 212 1236 ¹⁴
258 1205 344 1283 ἀλλ’
374 1216 396 1252 “
410 1204 479 1285 ῦπῦ
510 1213 583 1286 τῶν
614 1207 733 1313 ὄφεων
766 1207 1015 1306 ἀπώλλυντο,”
1049 1204 1211 1307 καθάπερ
1242 1239 1314 1285 πον
1348 1209 1410 1284 καὶ
1444 1206 1467 1284 ὀ

258 1327 379 1436 σοφῦς
410 1330 664 1433 διεμαρτύρατο
697 1336 859 1414 Παῦλος·
902 1331 1123 1435 γογγύζονσι
1153 1334 1211 1409 καὶ
1239 1330 1338 1408 οῦτοι
1369 1326 1468 1408 κατὰ

258 1456 434 1555 Χριστοῦ,
460 1456 519 1532 καὶ
546 1454 609 1533 τὸν
635 1455 829 1553 νομοθέτην
856 1457 915 1534 καὶ
944 1451 1132 1555 λυτρωτὴν
1159 1461 1236 1538 ταῖς
1264 1455 1359 1532 οὕτω
1388 1486 1464 1551 μα·

91 1566 214 1696 ζωὴ·
260 1583 360 1677 κραῖς
387 1577 575 1660 ἀπειθείαις
604 1577 817 1680 ὑβρίζουσιν·
847 1576 933 1656 ἀλλ’
960 1578 1149 1657 ἐντελεῖται
1176 1587 1197 1624 “
1211 1581 1262 1683 τῷ
1290 1573 1465 1677 δράκοντι
1482 1610 1517 1654 ιο

260 1708 282 1744 “
301 1701 360 1778 καὶ
383 1698 527 1805 δήξεται
551 1698 707 1797 αῦτοῦς,”
728 1700 819 1780 κατὰ
846 1698 888 1779 τὸ
912 1699 1170 1803 γεγραμμέιιον·
1206 1699 1467 1802 προκείσονται

231 1819 299 1901 οδέ
323 1820 423 1921 θοίνη
448 1827 499 1929 τῷ
521 1822 710 1931 παμφάγῳ
734 1827 826 1925 θηρὶ,
847 1823 1041 1924 καταλήγει
1064 1822 1137 1928 γάρ
1162 1827 1211 1907 ὡς
1235 1822 1279 1929 ἐξ
1300 1820 1468 1925 ἀνάγκης

260 1948 315 2024 ἀεὶ
332 1945 423 2048 πρὸς
441 1945 545 2030 τέλος
563 1947 585 2046 ἡ
603 1946 760 2027 ἀπείθεια
779 1947 821 2026 τὸ
838 1944 1087 2053 παγχάλεπον.

208 2249 246 2305 4²
263 2247 321 2314 Καί
347 2248 459 2321 ἕλειον
488 2246 555 2335 Οὐχ
584 2245 678 2316 οὗτόι
709 2249 796 2316 ἐστιν
823 2249 951 2316 Ἰιισοΰι
980 2251 998 2318 ὁ
1024 2247 1098 2316 οἰὸς
1125 2246 1264 2337 Ἰωσιίφ,
1292 2244 1332 2312 οὗ
1367 2243 1468 2325 {mdc

310 2369 446 2450 οἴδαμεν
474 2374 529 2440 τὸν
557 2375 683 2462 πατέρα
711 2374 764 2438 καί
789 2374 850 2440 τάν
872 2376 1018 2463 ματέρα,
1049 2375 1120 2440 misc
1147 2370 1204 2440 οὖν
1229 2376 1317 2448 λέτει
1344 2375 1400 2441 ὅτι
1428 2375 1467 2441 ὲκ
1483 2396 1518 2457 15

309 2505 366 2565 τοῦ
393 2500 534 2589 οὐρανοῦ
562 2503 790 2584 καταβέβηκας

308 2677 361 2759 Ὦ
388 2685 532 2781 πολλῆς
558 2683 722 2781 ἀμαθίας,
751 2686 809 2761 καὶ
837 2681 980 2790 ἀκράτιρ
1011 2683 1102 2788 μέθη
1132 2682 1466 2781 κατεσκοτισμέυης

86 2819 212 2872 rme.
256 2805 423 2889 διανοίας·
457 2815 479 2851 “
492 2803 686 2910 ἐπαχύνθη,
714 2804 804 2886 κατὰ
831 2804 874 2885 τὸ
902 2806 1159 2908 γεγραμμένον,
1187 2806 1210 2904 ἡ
1238 2805 1368 2908 καρδία
1398 2813 1466 2885 τοῦ

220 2934 278 3001 ι1“
297 2935 388 3008 λαοῦ
412 2927 573 3008 τούτου.”
613 2934 739 3032 θεωρεῖ
761 2927 831 3031 γὰρ
858 2928 969 3014 ὅντως
995 2927 1108 3027 οὐδέν,
1133 2927 1184 3007 ὧν
1203 2928 1270 3008 ἔδει
1296 2928 1466 3008 συνιέναι

253 3058 439 3153 λαμπρῶς,
459 3051 694 3153 καὶγέλωτος
713 3052 874 3158 ἄξιοικαὶ
894 3059 1023 3158 φρονεῖ
1040 3056 1098 3133 καὶ
1124 3054 1333 3162 φθέγγεται·
1366 3057 1465 3158 χρῆν
1477 3090 1513 3130 ιο

251 3170 323 3275 γάρ
360 3174 475 3273 δήπου
510 3182 657 3274 μᾶλλον
685 3172 811 3258 αὐτοῦς
848 3174 914 3275 τὴν
943 3184 1007 3255 τοῦ
1035 3176 1231 3281 πανσόφου
1265 3177 1464 3261 Μωυσέως

250 3299 513 3396 έκμελετιῦντας
550 3296 784 3403 συγγραφὴν,
817 3306 891 3382 τοῖς
927 3333 966 3379 τε
1002 3306 1074 3377 τῶν
1108 3299 1219 3401 ἁγίων
1255 3307 1464 3404 προφητῶν

250 3421 500 3524 ἐντρυφῶντας
528 3420 755 3523 κηρύγμασιν
780 3423 890 3502 ἐκεῖνο
919 3429 1021 3520 νοεῖν,
1045 3425 1094 3505 ὡς
1121 3423 1162 3500 οῦ
1191 3422 1274 3526 δίχα
1301 3423 1459 3526 σαρκὸς,

251 3540 331 3621 οὐδέ
358 3549 431 3622 τῶν
459 3541 518 3624 διά
545 3543 715 3641 σώματος
742 3544 1034 3646 περιβλημάτων,
1060 3547 1108 3627 ὡς
1135 3545 1227 3643 ἡμᾶς
1254 3546 1462 3652 ἀφίξεσθαι

250 3668 498 3767 προσεδοκᾶτο
536 3665 711 3768 Χριστὸς,
743 3665 827 3746 ἀλλ’
863 3669 900 3747 ἐν
932 3666 1136 3773 ἀνθρωπεία
1172 3673 1297 3775 μορφῇ
1336 3673 1459 3776 φανή-
1475 3703 1512 3765 25

220 3795 385 3871 οσεσθαι
413 3789 706 3893 προεκηρύττετο,
729 3796 787 3871 καί
815 3793 851 3870 ε’ν
877 3797 928 3899 τῷ
956 3797 1063 3898 κοινῷ
1090 3791 1134 3891 δὴ
1162 3788 1277 3899 τούτῳ
1305 3791 1462 3873 πάντων

79 3912 173 4040 ffjffi·
250 3912 510 4018 εὑρεθήσεσθαι
527 3912 701 4018 σχήματι·
732 3911 844 3994 διάτοι
862 3923 969 3994 τοῦτο
984 3912 1051 4014 τήν
1067 3913 1133 4012 μέν
1150 3917 1257 4018 ἀγίαν
1273 3917 1461 4019 παρθένον

249 4036 342 4144 ἕξειν
375 4040 412 4117 έν
443 4040 589 4140 γαστρὶ,
622 4036 790 4143 τέξεσθαι
827 4036 865 4117 δέ
897 4041 956 4117 καὶ
994 4035 1080 4136 νίῦν,
1112 4036 1335 4145 προφητικῦς
1370 4042 1460 4141 ἡμῖν

79 4154 155 4234 ¹²².
198 4257 205 4271 ι
249 4162 434 4265 ἀναφωνεῖ
458 4158 579 4263 λόγος·
615 4161 754 4260 ὀμόσας
783 4158 820 4240 δέ
848 4167 899 4268 τῷ
925 4162 1088 4270 μακαρίῳ
1117 4165 1251 4241 Δαυεὶδ
1278 4161 1461 4263 ἀλήθειαν

330 4389 362 4443 ςδ
374 4405 429 4443 om.
443 4389 477 4443 B.
588 4401 612 4459 7.
631 4388 787 4443 ἀπώλλυντο
800 4388 832 4442 Β.
846 4387 904 4458 (Β.)
917 4389 1052 4443 ἀπώλοντο
1065 4388 1117 4443 Ed.
1166 4388 1261 4443 Statim
1274 4391 1317 4445 καὶ
1328 4391 1411 4448 addit
1424 4394 1461 4451 Β.

349 4460 514 4515 οσκείσονται
530 4459 561 4512 B.
684 4475 726 4513 12.
745 4460 824 4532 θηρίῳ
839 4459 872 4512 Β.
933 4454 939 4461 ’
992 4459 1034 4514 26.
1052 4458 1134 4533 τούτῳ
1146 4460 1178 4529 δὴ
1190 4461 1298 4515 inverso
1309 4462 1411 4519 ordine
1425 4465 1461 4520 B.

357 4530 379 4584 ).
486 4530 529 4582 28.
548 4529 589 4582 καί
602 4546 656 4585 om.
670 4529 705 4584 Β.
811 4546 854 4600 29.
871 4529 996 4601 ἀνεφάνει
1010 4530 1044 4584 Β.
