3038 5018
80 292 190 379 iv.35.
266 293 323 358 IN
353 293 669 357 S.JOANNEM.
716 293 884 358 LIB.II.
930 295 1031 360 CAP.
1049 295 1091 359 V.
1216 297 1278 359 295

79 456 147 556 τήν
169 456 328 560 καρδίαν,
343 456 464 559 ἑτέραν
483 455 659 562 ὑπάρχειν
683 457 783 559 παρά
810 456 874 536 τὸν
898 460 936 537 ἐν
962 455 1059 565 ᾧπερ
1087 463 1192 556 ἐστι;
1225 460 1282 537 καὶ

79 586 157 663 πῶς
181 581 321 664 ἀπλοῦς
346 581 431 680 ἡμῖν
449 580 499 660 ἔτι
524 579 739 681 νοηθήσεται
759 579 874 676 Θεός;
906 583 1033 661 οῦκοῦν
1051 581 1282 686 ἀνθρωπίνως

80 704 146 802 μέν
164 710 329 784 λαλεΐται
347 702 393 783 τά
411 707 492 806 περὶ
507 708 612 782 Θεοῦ·
642 711 771 783 νοεῖται
790 703 828 783 δέ
846 706 968 801 οὕτως,
985 709 1033 790 ὡς
1051 703 1096 786 ἀν
1114 705 1317 809 άρμόττοιά

84 833 178 935 Θεῷ,
199 831 258 906 καὶ
283 825 325 908 τὸ
350 828 480 930 μέτρον
501 831 565 925 τῆς
590 825 761 930 ἡμετέρας
786 826 952 930 γλώττης
976 831 1042 929 τὴν
1063 833 1121 910 ε’πῖ
1147 827 1284 913 πάντας

49 952 149 1031 5οῦκ
176 949 338 1051 ἀδικήσει
367 951 492 1057 φύσιν.
533 951 600 1030 κάν
625 952 831 1053 εὑρίσκηται
859 962 1050 1055 τοιγαροῦν
1073 954 1093 1031 ὁ
1115 952 1213 1050 Υἱὸς,
1237 956 1285 1034 ὡς

83 1075 169 1176 περί
190 1107 285 1157 τινος
309 1073 429 1176 ἑτέρου
453 1073 573 1176 λέγων
597 1082 661 1154 τοῦ
687 1073 889 1175 θελήματος
913 1083 978 1154 τοῦ
1005 1075 1160 1177 Πατρός,
1180 1079 1280 1155 ἀδια-

85 1194 261 1303 φορήσεις
288 1202 515 1294 οἰκονομικῶς
540 1203 585 1300 τῇ
611 1203 682 1276 τῶν
701 1195 823 1298 λόγων
841 1199 1009 1304 ἀσθενείᾳ
1034 1202 1220 1301 περιτιθεὶς
1243 1196 1285 1275 τὸ

85 1317 136 1418 μὴ
163 1317 343 1398 δυ’νασθαί
364 1354 398 1398 τι
423 1316 542 1421 μεῖζον
561 1325 678 1417 εἰπεῖν,
696 1318 785 1419 μήτε
804 1316 876 1417 μὴν
895 1320 1019 1422 ἑτέρως
1038 1325 1287 1419 κατασημήναι

85 1441 130 1522 τὸ
148 1443 380 1541 δηλούμενον.
421 1448 478 1521 καῖ
505 1451 617 1522 ταῦτα
640 1441 704 1541 μέν
722 1441 879 1546 εἰρήσθω
905 1445 1018 1522 πάλιν
1036 1449 1084 1526 εἰς
1107 1441 1288 1550 ἀπόδειξιν

45 1600 74 1640 ῑο
87 1575 152 1649 τοῦ
170 1572 329 1647 νοεῖσθαι
348 1568 407 1645 καὶ
426 1565 568 1666 θέλημα
587 1574 650 1645 τοῦ
671 1566 816 1670 Πατρός
842 1565 905 1645 τὸν
923 1564 1022 1646 Υῖόν
1052 1570 1089 1647 ἐν
1107 1571 1152 1645 δέ
1171 1602 1211 1667 γε
1238 1573 1290 1675 τῷ

87 1691 307 1797 προκειμένῳ
331 1692 439 1794 ῥητῷ,
464 1687 574 1791 λόγος
597 1688 662 1787 μέν
685 1691 795 1772 οὐδεὶς
821 1692 1018 1792 ἀναγκάσει
1044 1690 1177 1797 θέλημα
1203 1698 1320 1771 νοεῖ-θ

89 1823 178 1895 σθαι
201 1822 275 1894 τοῦ
307 1812 451 1915 Πατρός
483 1812 546 1892 τὸν
569 1812 669 1908 Υίὸν,
698 1810 901 1919 ἀδιαφόρως
930 1813 968 1893 δὲ
996 1822 1141 1912 μᾶλλον
1168 1849 1286 1916 παρα-

90 1935 267 2045 δεξόμεθα
285 1934 350 2035 τήν
368 1939 424 2016 ἐπὶ
443 1943 516 2021 τοῖς
535 1936 751 2016 ἀπολωλόσι
771 1935 911 2035 βουλὴν
930 1936 1078 2039 ἀγαθήν.

140 2136 206 2224 Οὐχ
233 2132 323 2212 ὑμεῐο
350 2138 461 2209 λέγετε
489 2139 539 2202 ὅτι
565 2136 614 2200 ἔτι
641 2136 844 2222 τετράμιινόα
872 2136 939 2201 ἐστι
968 2135 1019 2199 καί
1047 2137 1065 2201 ὁ
1093 2136 1245 2223 θερισμὸς
1306 2144 1343 2205 35

45 2258 77 2334 Ι’5
617 2261 745 2347 ἔρχεται
758 2290 767 2341 ;

151 2409 304 2516 Δέχεται
327 2408 440 2489 πάλιν
465 2415 529 2487 τοῦ
557 2407 671 2509 λόγον
698 2406 762 2492 τάς
790 2406 958 2512 ἀφορμάς
985 2405 1056 2486 ἀπὸ
1085 2413 1207 2509 καιροῦ
1235 2407 1293 2485 καῖ

94 2533 317 2638 πράγματος,
336 2536 394 2613 καὶ
417 2529 488 2612 άπῦ
512 2538 584 2610 τῶν
602 2534 639 2610 ἐν
657 2530 826 2630 αἰσθήσει
852 2537 897 2635 τῇ
921 2531 1105 2636 παχυτέρα
1130 2563 1291 2627 πνενμα-

95 2665 203 2738 τικῶν
226 2653 463 2758 θεωρημάτων
489 2653 710 2735 ἀναπλάττει
738 2653 919 2755 διήγησιν.
960 2650 1034 2755 ὥρα
1061 2655 1127 2752 μὲν
1151 2651 1223 2754 γάρ
1250 2650 1323 2752 ἧνα
1345 2673 1409 2728 199
1422 2671 1463 2725 Δ.

97 2786 267 2886 χειμῶνος
295 2777 345 2857 ἔτι
371 2778 446 2857 κατ’
466 2780 574 2857 ἐκεῖνο
601 2785 733 2881 καιροῦ,
753 2773 949 2879 ἀρτιθαλὴς
975 2775 1097 2855 δὲκαὶ
1122 2777 1198 2859 νέος
1223 2781 1295 2854 τῶν

45 2937 84 2977 20
98 2901 317 3005 σπερμάτων
345 2904 365 2979 ὁ
398 2899 559 2997 κάλαμος
591 2899 695 3002 μόγις
727 2899 793 2998 μέν
819 2904 882 2998 τῆς
915 2900 1068 3002 ἀρούρας
1102 2898 1293 3005 ε’ξέφριττε·

99 3033 222 3128 καιροῦ
247 3024 283 3105 δέ
308 3023 499 3128 τεσσάρων
523 3030 646 3122 μηνῶν
672 3022 920 3114 διιπεάσαντος
945 3027 993 3104 είς
1018 3019 1083 3120 τὴν
1108 3028 1172 3100 τοῦ
1198 3021 1294 3122 θερί·

100 3148 220 3253 §mos
242 3155 342 3252 χεῖρα
369 3154 560 3227 πεσεῖσθαι
584 3152 841 3248 προσεδοκᾶτο.
881 3149 963 3241 Οὐχ
984 3148 1078 3247 ὑμεῖς
1102 3143 1164 3222 οῦν
1183 3148 1299 3248 φησιν

99 3276 134 3351 οῖ
168 3272 353 3373 άνθρωποί
383 3282 474 3374 φατε
511 3270 557 3349 ’ίτι
593 3271 639 3348 έτι
671 3266 865 3375 τετράμηνός
899 3269 970 3346 ἐστι
1006 3272 1066 3346 καὶ
1100 3275 1114 3347 ί
1149 3264 1299 3375 θερισμός

102 3395 258 3504 ἕρχιταις

47 3585 87 3643 25
108 3583 195 3648 Ἰδοὺ
223 3584 309 3657 λε’ςω
336 3579 408 3659 ὑμῖν
436 3584 580 3669 ἐπάρατε
608 3583 683 3647 τοὺς
711 3582 902 3670 ὀφθαλμοὺς
930 3582 1020 3657 ὑμῶν
1049 3582 1102 3646 καί
1130 3583 1291 3647 θεάσασθε

300 3709 358 3772 τὰς
385 3707 504 3796 χώρας,
532 3710 581 3773 ὅτι
609 3706 721 3771 λευκαί
749 3704 810 3771 εἰσι
838 3707 920 3794 πρόα
948 3708 1110 3793 θερισμόν.
1315 3709 1337 3773 b

161 3861 359 3943 Τοντέστιν
384 3863 511 3964 ὀλίγον
533 3868 605 3941 τῶν
631 3865 688 3942 ἐπὶ
713 3866 779 3965 γῆς
805 3857 1028 3964 πραγμάτων
1049 3858 1113 3939 τὸν
1135 3863 1199 3957 τῆς
1223 3862 1301 3936 δια-

105 3986 200 4070 νοίας
234 3984 429 4092 ὀφθαλμὸν
461 3986 732 4089 ἀνοχλίσαντες,
760 3983 824 4064 τὸν
854 3981 1090 4082 πνευματικὸν
1121 3984 1304 4083 ε’παθρεῖτε

144 4200 169 4237 2.
187 4181 246 4251 ἡμῖν
257 4189 426 4251 assumptum
439 4196 470 4232 ex
485 4178 517 4232 B.
593 4195 623 4302 ὃ.
642 4181 760 4232 λαλεῐτοι
772 4187 800 4232 et
812 4176 976 4245 ἀνθρωπίνως
987 4175 1056 4228 inter
1068 4191 1096 4227 se
1109 4175 1259 4243 transponit
1273 4174 1306 4228 B.

109 4270 205 4308 10-12,
218 4251 261 4304 Ab
273 4252 334 4304 Υἱὸν
346 4250 378 4303 πά
392 4251 453 4303 Υίὸν
465 4249 579 4303 transilit
618 4289 625 4303 .
729 4265 770 4303 12.
789 4248 937 4316 ἀδιαφόρως
952 4245 984 4299 Β.
996 4254 1022 4299 et
1034 4245 1073 4298 sic
1085 4244 1197 4332 conjecit
1211 4245 1306 4330 ng.

108 4323 161 4381 Ed.
172 4340 227 4392 mg.
243 4323 375 4392 διαφόρως
388 4321 424 4375 D.
439 4319 489 4374 Ed.
591 4336 632 4386 14.
652 4314 961 4388 ἕτιαεαιιιηρῐιιωεκΒ.
1008 4315 1066 4368 ἐστι
1074 4336 1083 4378 3
1103 4315 1258 4386 καιτάἔξης
1272 4315 1307 4369 Ι).

113 4413 154 4466 ¹9·
174 4394 269 4447 ἐκείνου
284 4393 315 4445 Β.
458 4407 500 4461 23.
519 4393 587 4461 φατε
602 4389 634 4444 Β.
648 4390 738 4462 λέγετε
753 4388 803 4444 Ed.
850 4389 888 4441 ἔτι
900 4394 1069 4456 assumptum
1081 4403 1112 4438 ex
1127 4383 1160 4439 B.
1173 4395 1306 4456 utsupra.

112 4530 156 4584 25.
169 4515 293 4584 ιμτιοιη,
306 4512 337 4565 ο.
412 4511 600 4583 ιοειπαιρετε.
614 4511 693 4566 edidi.
707 4472 887 4581 επιερίῖἕῗο.
900 4506 1030 4577 wopan
1044 4505 1080 4560 ο.
1093 4505 1224 4577 amant„
1239 4505 1290 4560 Ed.
