3038 5018
228 294 293 358 860
531 293 570 358 Β.
595 293 806 358 CYRILLI
837 293 1124 359 ALEXANDR.
1330 317 1362 358 v.
1376 313 1433 380 34

228 460 248 539 ὁ
267 467 424 543 τοιοῦτος
444 462 501 540 καί
520 461 584 540 οὐκ
602 458 675 540 ἀπὸ
693 468 835 539 σκοποῦ
853 458 903 560 μὴ
921 459 1067 544 πάντως
1082 461 1290 561 ἐπείγεσθαι
1308 459 1435 562 λέγειν

59 607 173 664 24η
196 582 269 664 ιτὸ
297 583 439 683 ἀληθὲς,
467 582 508 664 τὸ
537 583 575 664 δὲ
602 585 688 663 λίαν
714 584 907 686 προθύμως
935 587 1107 683 ἐθελῆσαι
1135 592 1335 688 μαρτυρεῖν,
1361 587 1435 690 οὐχ

227 707 316 811 άπερ
347 707 418 812 ἕχει
448 715 512 787 τοῦ
543 706 756 811 πράγματος
789 707 812 807 ἡ
845 707 966 813 φύσις,
995 708 1107 814 ἑαυτῷ
1141 705 1180 788 δὲ
1213 715 1360 806 μᾶλλον
1387 707 1434 786 τὸ

227 834 355 911 δοκοῦν
377 833 653 938 ἀποφαίνεσθαι.
694 829 952 935 ε’ντεχνείττατα
980 832 1099 910 τοίνυν
1122 833 1142 911 ό
1169 832 1300 934 Κύριος
1328 831 1434 929 ἡμῶν

225 954 369 1055 Ἰησοῦς
392 952 603 1058 άΧριστδς,
621 955 824 1054 μᾶλλονδὲ
850 957 898 1039 ὡς
917 952 1021 1053 Θεὸς,
1041 958 1099 1034 καί
1123 954 1190 1055 τὴν
1209 959 1266 1036 ἐπὶ
1291 953 1467 1043 τούτοις5

225 1083 298 1158 τῶν
317 1079 527 1182 Φαρισαίων
544 1077 825 1180 προανατρίπων
844 1078 960 1158 αἰτίαν
978 1079 1094 1183 φησίν
1109 1079 1224 1184 ’Ὑμεῖς
1242 1076 1433 1160 ἀπεστάλ-

227 1237 313 1282 κατε
339 1205 420 1309 πρὶς
439 1199 593 1296 Ἰωάννην·
624 1203 688 1281 ούκ
713 1203 941 1303 αὐτόκλητος,
961 1205 1066 1309 φησί,
1083 1201 1174 1306 πρὸς
1193 1200 1259 1303 τὴν
1277 1203 1330 1282 ἐπ’
1351 1204 1434 1300 ε’μοὶ

224 1327 357 1431 ψῆφον
382 1328 402 1405 ό
429 1323 646 1424 βαπτιστὴς,
669 1324 740 1432 ἔξω
767 1329 831 1425 τῆς
858 1327 917 1405 ε’πί
944 1324 1060 1434 τούτιρ
1088 1327 1244 1406 κείσεται
1271 1330 1455 1430 γραφῆς,

191 1448 414 1552 ίιὲλευθεραν
438 1447 633 1549 ἐποιήσατο
656 1445 955 1551 τὴνμαρτυρίαν.
993 1454 1087 1553 ὑμεῖς
1114 1452 1311 1553 ἐρωτῶντες
1336 1451 1431 1530 ἀπε-

226 1572 395 1652 στείλατε
417 1574 499 1678 πρὶς
517 1572 670 1669 Ἰωάννην,
693 1578 752 1650 καί
777 1570 1008 1677 μεμαρτύρηκε
1032 1575 1071 1681 τῇ
1095 1571 1247 1682 ἀληθείᾳ.
1286 1571 1430 1676 ε’ρωτεό·
1450 1612 1491 1653 10

226 1729 332 1794 μενος
359 1695 430 1799 γάρ
457 1695 541 1799 παρ’
565 1693 714 1793 ἐκείνων,
741 1694 841 1797 οἵπερ
869 1693 965 1795 ἦσαν
991 1692 1081 1798 πρὸς
1109 1694 1217 1775 αὐτὸν
1242 1698 1434 1775 ἀπεσταλ-

57 1816 165 1940 ξξξῗξζ
226 1818 335 1919 με’νοι,
367 1825 397 1900 εί
429 1816 536 1903 αύτάς
571 1821 672 1898 ἐστιν
704 1819 723 1897 ὁ
758 1816 920 1919 Χριστός
952 1830 974 1867 “
993 1816 1228 1920 Ὡμολόγησε
1265 1821 1324 1899 καί
1363 1821 1434 1900 οὐκ

60 1946 100 1996 ²⁸·
227 1952 249 1990 “
268 1942 462 2046 ἠρνήσατο·
494 1938 733 2044 ὡμολόγησεν
752 1941 807 2021 ότι
831 1939 902 2042 ἐγὼ
927 1943 989 2022 ούκ
1015 1945 1085 2040 είμὶ
1104 1943 1124 2021 ὁ
1144 1943 1319 2046 Χριστὸς,
1340 1944 1432 2022 ἀλλ’

226 2076 250 2114 “
267 2065 322 2147 ότι
350 2065 620 2165 ἀπεσταλμένος
648 2070 717 2163 είμί
745 2063 949 2168 ἔμπροσθεν
976 2066 1142 2145 ἐκείνου.”
1181 2065 1434 2175 μεμαρτύρηκεν

226 2190 290 2270 οῦν
308 2226 344 2302 τη
363 2189 517 2300 ἀληθείᾳ,
538 2186 688 2289 ἀλήθεια
707 2187 778 2291 γάρ
796 2189 817 2267 ά
836 2185 1011 2290 Χριστός.
1451 2221 1489 2283 15

174 2415 213 2473 34
251 2406 342 2483 Ἐτώ
369 2407 405 2474 δὲ
432 2408 469 2473 οὐ
496 2406 585 2496 παρά
614 2405 790 2495 ἀνθρώπου
816 2405 876 2472 τείν
903 2406 1082 2496 μαρτυρίαν
1110 2408 1278 2487 λαμβάνω,
1305 2407 1394 2472 άλλά

196 2609 214 2652 ο
538 2535 636 2598 ταῦτα
663 2533 749 2606 λὲτω
776 2530 829 2596 ίνα
857 2528 948 2608 ὑμεῖς
976 2539 1113 2602 σωθῆτε,

283 2697 366 2800 Ούχ
384 2698 432 2779 ὡς
451 2697 637 2800 ἄχρηστον
656 2694 904 2792 ἀποπέμπεται
924 2693 990 2795 τὴν
1006 2693 1175 2776 Ἰωάννου
1193 2692 1329 2798 φωνὴν,
1347 2697 1434 2777 οῦδὲ

225 2817 338 2922 ἀργόν
355 2820 545 2926 ἀποφαίνει
563 2823 627 2919 τῆς
645 2818 814 2918 ἀληθείας
832 2816 896 2898 τὸν
914 2817 1091 2922 μάρτυρα·
1122 2816 1145 2919 ἢ
1170 2817 1241 2922 γάρ
1263 2815 1308 2897 ἀν
1327 2817 1434 2926 ἔδοξε

225 2944 366 3026 δικαίως
393 2941 499 3026 αὑτός
525 2977 560 3022 τι
588 2941 672 3022 καθ’
700 2945 826 3023 ἑαυτοῦ
853 2949 926 3021 τῶν
950 2941 1096 3022 ἀτόπων
1120 2942 1344 3045 ἐργάζεσθαι,
1363 2952 1488 3023 τοῦτο

226 3069 353 3170 χρῆναι
376 3064 612 3147 πιστεύεσθαι
636 3064 856 3168 παραλόγως
878 3066 1067 3165 ἐκπέμπων
1089 3063 1131 3145 όν
1155 3063 1261 3150 αὐτὸς
1286 3066 1432 3172 ἔπεμψε

58 3203 181 3267 Ms·
225 3194 319 3283 βοῦν
346 3199 367 3235 “
385 3187 625 3287 Ἑτοιμάσατε
653 3188 720 3286 τὴν
747 3188 832 3268 ὁδὸν
861 3189 1006 3289 Κυρίου,
1034 3189 1169 3272 εὐθείας
1199 3195 1331 3268 ποιεῖτε
1361 3187 1434 3274 τὰς

227 3322 250 3358 “
269 3313 413 3413 τρίβους
431 3321 495 3391 τοῦ
514 3317 611 3391 θεοῦ
629 3313 759 3412 ἡμῶν·”
785 3313 869 3392 ἀλλ’
890 3315 939 3395 ὡς
958 3312 1143 3420 ἀμετρήτῳ
1163 3309 1337 3419 δυσηκοίμ
1353 3319 1433 3392 τῶν

225 3434 406 3514 Ἰουδαίων
437 3434 649 3539 μαχόμενος,
683 3438 742 3517 ε’πί
777 3434 824 3514 τὰ
858 3432 964 3537 μείζω
996 3470 1035 3516 τε
1068 3441 1125 3515 καί
1158 3435 1431 3543 ἀξιολογώτερα

191 3578 213 3644 d
225 3565 342 3661 χωρεῖ,
379 3558 443 3638 οῦκ
485 3560 686 3660 ἀναγκαίως
727 3558 792 3657 μίν
829 3559 873 3665 ἐξ
910 3557 1075 3665 ἀνθρώπου
1118 3563 1241 3666 φωνῆς
1278 3557 1332 3651 την
1368 3561 1427 3664 ἐφ’
1444 3591 1485 3652 ²5

224 3683 337 3789 ἑαυτῷ
364 3680 531 3786 δέχεσθαι
558 3686 739 3790 μαρτυρίαν
767 3678 885 3780 είπάιν,
910 3689 1056 3781 μᾶλλον
1084 3683 1121 3763 δὲ
1149 3681 1222 3762 ἀπὸ
1249 3686 1312 3782 τῆς
1339 3716 1430 3785 πρε

223 3805 365 3906 πούσης
391 3805 557 3912 ἐξουσίας
582 3811 634 3913 τῷ
658 3804 750 3885 κατά
776 3804 890 3913 φύσιν
909 3805 985 3887 ὄντι
1005 3812 1098 3914 θεῷ,
1117 3810 1175 3887 καί
1200 3806 1273 3888 ἀπὸ
1300 3810 1363 3906 τῆς
1390 3811 1430 3887 ε’ν

222 3937 300 4015 ταῖς
334 3929 557 4030 θεοσημείαις
594 3931 781 4034 ὑπεροχῆς,
812 3930 1068 4033 λαμπροτέραν
1100 3931 1326 4031 ποιήσασθαι
1357 3931 1428 4032 τὴν

224 4050 418 4160 ἀπόδειξιν.
467 4049 631 4158 ἀθρύπιυ
662 4050 728 4149 μὲν
757 4050 828 4156 γάρ
862 4053 944 4133 ἔσθ’
976 4053 1035 4134 ὅτε
1065 4055 1347 4158 παρακρούσαιτ’
1379 4055 1428 4136 ἅν

223 4212 276 4261 τις
294 4177 430 4282 φωνὴν,
450 4179 497 4260 ὡς
522 4178 586 4256 οῦκ
611 4173 872 4276 ἀληθεύουσαν,
891 4182 920 4257 εί
939 4178 1001 4257 καί
1021 4211 1075 4260 τις
1096 4177 1147 4277 εἴη
1166 4176 1368 4282 τυχόντων
1387 4180 1426 4259 ἐν
1443 4210 1487 4269 30

260 4396 282 4434 1.
301 4382 401 4436 πάντας
416 4379 486 4434 B.D.
498 4381 594 4436 πάντας
607 4377 658 4433 Ed.
778 4395 803 4433 2.
823 4377 907 4506 fage]
921 4383 957 4452 τῷ
970 4379 999 4434 δὲ
1012 4379 1049 4433 D.
1168 4396 1209 4433 10.
1228 4380 1294 4448 πρὸς
1304 4377 1428 4450 Ἰωάννην

221 4460 390 4521 asumptum
404 4469 436 4504 ex
451 4449 482 4505 B.
569 4467 612 4505 τι.
629 4450 706 4516 offis
719 4448 751 4506 Β.
763 4450 850 4507 αὐτοῖς

998 4466 1041 4521 23.
1060 4449 1194 4522 άμετρὴτῳ
1209 4449 1240 4504 Β.
1253 4450 1356 4522 άμίτρφ
1370 4451 1426 4509 Ed.

222 4536 266 4586 24.
284 4541 312 4578 τε
324 4538 378 4575 om.
392 4520 424 4575 B.
