3038 5018
237 294 301 356 266
541 289 580 353 B.
605 287 812 352 CYRILLI
843 287 1131 353 ALEXANDR.
1350 286 1394 352 iv.
1406 286 1440 350 6.

237 453 387 554 ἀπαθὴς,
409 455 552 557 ἐπείπερ
579 452 767 556 ἅνθρωπος
795 452 952 552 γε’γονεν,
976 455 996 531 ό
1024 459 1153 532 κοπιάν
1177 451 1228 552 μὴ
1255 448 1438 558 πεφυκός·

239 581 351 662 ούτως
376 577 409 657 εἰ
427 611 462 657 τι
487 580 546 656 καί
565 576 667 676 λε’γοι
686 581 758 654 τιῦν
777 574 850 655 ὅσα
869 573 912 674 δὴ
931 576 1081 679 πρέπειν
1098 574 1277 681 ἀνθρώπῳ
1295 579 1445 672 μᾶλλον

241 699 438 803 οἰησόμεθα
457 703 538 796 δεῖν,
557 705 614 778 καί
633 701 697 778 οῦκ
715 699 786 800 ἄρα
804 704 856 806 τῷ
876 703 970 804 Θεῷ,
989 697 1039 797 μὴ
1058 699 1303 805 λεξιθηρῶμεν
1320 693 1442 790 εύθῦς,

206 823 371 923 ᾶμηδὲ
352 858 410 903 οτε
433 821 598 920 μάλιστα
616 818 741 925 τέχνης
759 821 843 920 ἡμῖν
860 825 924 919 τῆς
943 825 992 905 εἰς
1011 821 1195 916 εῦσεβειαν
1213 815 1338 916 δεῖ,’
1297 851 1378 899 τοτε
1396 816 1445 915 δὴ

240 944 481 1052 διαφερόντως
511 945 766 1044 ἀμαθαίνοντες
798 943 1107 1043 ἀλισκιόμεθα,
1072 978 1136 1024 τον
1162 940 1229 1044 μὲν
1255 946 1318 1042 τῆς
1349 938 1479 1042 μετάε

239 1071 375 1171 σαρκὸς
414 1069 613 1164 οἰκονομίας
650 1070 697 1151 ὡς
734 1064 953 1170 ποῤῥωτάτω
989 1065 1193 1164 πόιούμενοι
1230 1065 1443 1168 λόγον,ε’π’

239 1192 350 1292 αὐτὴν
375 1191 412 1273 δε
440 1198 579 1292 θερμῶς
603 1191 856 1284 ἀναβαίνοντες
881 1189 948 1290 τὴν
970 1224 1035 1270 του
1017 1187 1177 1292 Λόγου
1202 1186 1363 1288 θεότητα,
1382 1191 1446 1266 καί

239 1323 312 1396 τῶν
335 1314 423 1416 ὑπὲρ
449 1315 541 1414 ἡμᾶς
566 1311 791 1416 πραγμάτων
816 1315 855 1392 ἐκ
880 1317 1025 1411 πολλῆς
1051 1317 1116 1412 τῆς
1142 1312 1296 1411 ἀμαθίας
1322 1306 1440 1390 ἀπτό·

239 1474 349 1538 μενοι.
396 1444 425 1518 εἰ
453 1437 518 1537 μὲν
543 1436 615 1541 γοίρ
643 1436 736 1520 ὅλως
765 1438 806 1515 ού
835 1437 1091 1540 κεχρημάτικεν
1115 1435 1312 1538 ἅνθρωπος,
1333 1438 1363 1512 εἰ
1390 1429 1446 1532 μὴ

241 1563 389 1666 γέγονεν
407 1565 507 1666 ἔντη
533 1568 597 1640 τοῦ
623 1559 756 1639 δούλου
779 1564 916 1665 μορφῇ,
935 1564 1170 1663 θορυβεῖσθαι
1192 1559 1336 1653 δίκαιον,
1355 1553 1449 1636 ὅταν
1466 1593 1503 1634 ιο

212 1720 275 1767 οτι
293 1685 393 1789 λέγῃ,
403 1680 654 1786 δουλοπρεπὲς,
669 1685 897 1762 ἀπαιτεῖσθαι
914 1682 952 1762 δί
968 1689 1114 1782 μᾶλλον
1132 1681 1252 1763 πάντα
1270 1678 1363 1760 κατὰ
1379 1679 1449 1759 τὸν

241 1808 427 1911 πρέποντα
443 1813 496 1914 τῷ
514 1808 597 1913 θεῷ
617 1803 741 1906 λόγον·
782 1811 812 1884 εἰ
831 1803 870 1884 δὲ
888 1804 1092 1910 σωζόμενον
1111 1809 1149 1886 ἐν
1166 1806 1288 1886 πίστει
1310 1804 1448 1910 βεβαία

242 1935 301 2013 καί
337 1928 597 2012 ἀνενδοιάστως
634 1925 918 2031 τεθαρσήκαμεν,
955 1927 1010 2007 ὅτι
1046 1927 1139 2008 κατοί
1174 1927 1241 2028 την
1275 1925 1448 2007 Ἰωάννου

167 2057 183 2105 ’·
242 2053 368 2164 φωνήν
390 2066 411 2102 “
426 2056 474 2133 ‘O
500 2054 620 2154 Λόγος
647 2050 750 2158 σοίρξ
774 2049 912 2154 ε’γένετο
940 2053 1000 2131 καί
1028 2049 1236 2151 ἐσκήνωσεν
1262 2053 1300 2129 ἐν
1323 2048 1446 2148 ἡμῖν,”

241 2178 328 2259 ὅταν
358 2177 435 2283 ’ίδης
468 2179 517 2258 ὡς
547 2171 670 2278 σάρκα
704 2182 899 2272 λαλοῦντα,
932 2173 1116 2254 τουτέστιν
1149 2177 1197 2258 ὡς
1234 2173 1443 2276 ἀνθρωπον,
1463 2199 1501 2260 15

240 2300 344 2406 δέχου
368 2301 459 2402 πρὸς
484 2296 694 2405 ἀσφάλειαν
716 2304 780 2376 τοῦ
807 2295 1034 2398 κηρύγματος
1060 2297 1123 2377 τὸν
1147 2294 1326 2403 ἀνθρύπιρ
1350 2292 1444 2397 πρέ·

240 2457 357 2505 ποντα
375 2421 499 2523 λόγον.
538 2423 579 2500 οῦ
598 2418 670 2523 γὰρ
688 2416 733 2518 ἦν
751 2419 876 2521 ἕτεροις
898 2421 1090 2521 ἐπιγνῶναι
1114 2425 1257 2527 σαφοῦς,
1275 2417 1330 2499 ὅτι
1350 2414 1448 2502 Θεὸς

241 2543 291 2624 ὧν
319 2548 376 2623 καί
405 2540 536 2645 Λόγος,
565 2542 712 2645 γε’γονεν
741 2542 938 2644 ἅνθρωπος,
968 2548 996 2621 εἰ
1029 2541 1080 2643 μή
1114 2577 1149 2623 τι
1179 2545 1238 2622 καί
1266 2546 1394 2622 παθεῖν
1425 2541 1446 2619 ό

242 2666 394 2766 ἀπαθὴς,
413 2670 471 2746 καί
490 2666 658 2764 λαλῆσαί
673 2699 707 2744 τι
725 2664 892 2745 ταπεινὸν
911 2667 931 2744 ό
950 2664 1093 2773 ῦφηλδς
1111 2667 1375 2769 ἀναγέγραπτο.

75 2897 136 2952 179
149 2895 189 2954 A.
214 2907 231 2948 α
665 2879 755 2967 Ὥρα
784 2875 823 2944 εἰν
852 2881 898 2944 ὡς
925 2883 1015 2945 ἓκτει.
1465 2905 1503 2943 οο

299 3026 525 3130 Εύαφόρμως
541 3028 599 3106 ε’πί
616 3031 662 3130 τῇ
681 3031 782 3130 πηγῇ
801 3027 1026 3105 καταλύοντα
1044 3025 1190 3106 δεικνύει
1205 3025 1268 3107 τὸν
1286 3027 1448 3126 Ἰησοῦν.

242 3150 346 3249 ἡλίου
366 3148 436 3254 γάρ
455 3147 698 3248 ἀκμαιοτάτην
716 3147 789 3228 ἀπὸ
807 3146 931 3247 με’σων
949 3150 1094 3255 ἀψίδων
1111 3156 1185 3232 τοῖς
1208 3153 1266 3229 ε’πί
1289 3153 1352 3248 τῆς
1376 3155 1450 3251 γῆς

243 3268 308 3369 τὴν
340 3274 467 3351 ἀκτῖνα
499 3271 742 3375 καταχέοντος,
775 3276 834 3350 καὶ
866 3270 1032 3372 ἀκράτοις
1063 3269 1110 3352 τοί
1140 3271 1296 3371 σώματα
1328 3306 1446 3353 κατα-

245 3394 445 3499 φλέγοντος
469 3401 609 3490 βολαῖς,
629 3393 670 3473 τὸ
697 3393 762 3492 μὲν
786 3394 837 3473 ἔτι
864 3393 993 3494 πρόσω
1018 3395 1172 3498 βαδίζειν
1190 3396 1255 3475 οὐκ
1280 3392 1447 3497 ἀζήμιον,
1472 3456 1479 3465 -

244 3513 287 3596 τὸ
312 3517 350 3595 δὲ
376 3519 596 3596 ἀναπνεῦσαι
621 3517 742 3620 βραχὺ
766 3523 912 3616 μᾶλλον
934 3516 978 3616 ἦν
1000 3516 1291 3622 ἀκολουθότερον,
1314 3516 1374 3599 ὅτε
1400 3519 1504 3620 δὴοό

153 3628 156 3633 ,
244 3637 409 3738 μάλιστα
429 3643 486 3718 καί
506 3639 571 3738 τὴν
590 3643 646 3719 ε’πί
665 3647 817 3745 τρυφαῖς
836 3639 951 3719 αἰτίαν
968 3643 1096 3748 ῥηιδίως
1119 3639 1164 3721 ἀν
1180 3641 1445 3745 ἀπεκρούσατο,

246 3771 369 3866 καιροῦ
395 3771 458 3842 τοῦ
485 3761 682 3865 πρέποντος
708 3770 995 3864 συνηγοροῦντος
1019 3769 1070 3871 τηῖ
1094 3764 1293 3866 πράγματι.
1340 3765 1449 3864 ἕκτην

214 3885 282 3966 b8'
301 3888 366 3965 ούκ
392 3888 559 3989 ἀκριβῶς,
578 3885 663 3964 ἀλλ’
684 3888 727 3971 ἀς
746 3884 845 3980 ἕκτην
863 3885 949 3966 εἰναι
967 3885 1034 3986 τὴν
1055 3886 1144 3991 ύραν
1163 3890 1289 3995 φησίν,
1307 3888 1365 3985 ἵνα
1388 3892 1448 3968 καί

275 4086 471 4211 ffdxpdmp
453 4104 502 4156 ro
498 4086 581 4210 «iffi
574 4086 658 4158 τῳΒ
747 4085 871 4156 λεξιθηρ
855 4109 922 4155 ωμεν
932 4085 1004 4142 edidi
1016 4104 1049 4142 ex
1061 4086 1114 4142 Ed.
1127 4105 1181 4158 mg.
1194 4087 1383 4158 λεξειθηριιμεν
1396 4088 1449 4144 Ed.

275 4104 506 4280 Βλεξέιθηαμεύ
644 4156 1013 4227 λεξοθηριαμενους(εις)Β
1129 4158 1449 4216 maromontem:

246 4162 434 4282 ἀπαιτεῖσθεΒ
437 4227 614 4282 .ιίπαιτείσθω
727 4228 830 4296 λλον
841 4244 894 4280 om
909 4226 942 4282 Β.
1104 4244 1145 4282 12.
1164 4232 1200 4302 τῷ
1213 4247 1268 4284 om.
1283 4229 1315 4285 B.
1363 4231 1449 4354 σοις-

247 4295 337 4368 μινον]
351 4297 521 4366 σώζομενΒ,
536 4296 582 4351 sed
595 4297 631 4353 cs,
643 4298 673 4351 τδ
686 4296 816 4350 ενέλπίσι
830 4299 976 4366 σωζόμενον
986 4297 1055 4353 Infra
1069 4297 1153 4369 192d.
1246 4315 1287 4370 19.
1306 4315 1389 4354 nom

246 4367 474 4490 θναγὲγραπτοῖ).
487 4366 753 4439 ἀνογίγρατιταιΒ.’
737 4365 912 4437 ανεγίγραπτο
926 4367 977 4421 Ed.
1163 4384 1205 4424 20.
1223 4369 1304 4426 ὥςΒ.
1317 4370 1382 4426 ὧσιί
1395 4365 1449 4424 Ed.

248 4438 439 4563 ἔῇηῗριηδνηΒ.
409 4525 436 4562 m
450 4452 577 4562 cord*
594 4435 739 4508 πράγματι]
752 4437 979 4508 προοτόγματιΒ.
1071 4439 1114 4493 28.
1132 4439 1233 4495 ὥσεία.
1247 4440 1449 4496 Desuntverbn
