3038 5018
249 272 313 336 260
553 251 590 337 Β.
615 268 822 337 cmm
852 268 1142 337 ALEXANDR.
1334 264 1449 354 κιρ.

250 433 412 543 ἀφεσθαί
435 442 562 542 φησιν,
580 436 774 534 τοντέστιν,
794 438 868 516 οὐδ’
889 437 980 517 ὅσον
999 443 1047 520 είς
1070 438 1220 539 θεωρίαν
1241 431 1360 541 φιλήν
1383 436 1450 530 τῆς

248 567 321 639 τῶν
340 562 452 662 ἁγίων
468 560 629 667 ἐφίξεται
654 561 754 664 ζωῆς,
773 562 840 666 ούχ
864 559 997 667 ἀφεται
1023 565 1087 659 τῆς
1110 561 1251 640 ἐκείνων
1268 556 1446 661 μακαριό-

247 718 364 784 τητος,
383 683 559 787 ἄγευστος
580 687 737 785 διαμενεῖ
756 689 821 784 τής
843 688 882 764 ἐν
899 685 1138 792 εὐφροσύναις
1156 686 1350 786 διαγωγῆς·
1382 678 1448 790 ζωή

230 807 319 909 ’γάρ
350 807 462 892 ὅντως
493 809 615 909 ἐκείνη·
656 808 698 888 τὸ
726 808 763 889 δὲ
792 813 829 889 ἐν
856 810 1056 890 κολάσεσιν
1083 813 1261 904 ἀναπνεῖν,
1289 805 1449 886 θανάτον

246 930 380 1017 παντὸς
399 931 644 1034 ἀνιαρῶτερον,
659 935 714 1012 ε’πί
733 931 826 1038 μόνη
844 935 889 1038 τῇ
907 939 980 1013 τῶν
993 939 1112 1013 κακῶν
1131 928 1301 1030 αίσθήσει
1319 925 1481 1035 ψυχήν5

247 1055 400 1159 συνέχον
432 1059 469 1134 ἐν
499 1055 654 1155 σώματι.
707 1056 874 1156 τοιαύτην
905 1055 985 1136 τινά
1022 1060 1080 1136 καὶ
1114 1058 1134 1135 ὃ
1168 1061 1317 1136 Παῦλος
1354 1049 1447 1154 ζωῆς

217 1180 404 1284 οείσφίρει
442 1180 629 1286 διαφοράν.
682 1179 786 1260 ἀκουε
823 1182 861 1260 τί
895 1187 990 1287 φησι
1026 1179 1116 1284 πρὸς
1150 1178 1233 1264 τούς
1269 1180 1307 1257 ε’ν
1339 1179 1448 1281 κακίᾳ

78 1303 179 1430 ξῇήϋῑ·
248 1303 522 1405 νενεκρωμένονς
549 1302 607 1382 διά
636 1301 850 1423 Χριστόνθ
867 1304 1080 1385 Ἀπεθάνετε
1113 1302 1198 1406 γάρ,
1228 1305 1286 1382 καὶ
1317 1302 1339 1401 ἡ
1373 1299 1448 1403 ζωή

247 1437 269 1472 “
288 1429 389 1524 ύμῶν,
419 1425 607 1527 κέκρυπται
643 1428 681 1504 ἐν
715 1433 765 1533 τῷ
798 1432 882 1535 θεῷ
912 1425 983 1508 σύν
1014 1434 1066 1535 τῷ
1098 1432 1262 1535 Χριστῷ·
1304 1423 1391 1505 ὅταν
1426 1427 1448 1504 ὁ

246 1560 268 1596 “
285 1547 450 1652 Χριστὸς
470 1555 672 1655 φανερωθῇ,
690 1550 713 1649 ή
738 1550 807 1653 ζωη
835 1558 944 1649 υμῶν,
962 1548 1042 1631 τότε
1066 1554 1124 1631 καὶ
1143 1553 1239 1650 ύμεῖς
1257 1546 1329 1629 σύν
1347 1549 1448 1656 αύτῷ
1464 1587 1502 1627 ιο

246 1683 268 1720 “
286 1674 592 1777 φανερωθήσεσθε
610 1676 647 1752 ἐν
666 1670 786 1779 δύξη.”
826 1675 912 1780 ὁρᾷς
930 1674 1027 1758 ὅπως
1048 1675 1090 1755 τὸ
1113 1678 1151 1754 ἐν
1168 1673 1258 1781 δόξη
1276 1680 1444 1779 φανερω-

245 1800 349 1896 θήναι
376 1797 467 1893 μετά
495 1801 661 1898 Χριστοῦ
688 1796 755 1896 τὴν
780 1804 852 1878 τῶν
874 1799 985 1900 ἁγίων
1008 1797 1169 1902 ὀνομάζει
1196 1796 1289 1901 ζωήν
1301 1830 1312 1894 ;
1344 1800 1382 1876 τί
1408 1796 1448 1877 δὲ

246 1919 444 2019 ὅταν”ήμῖν
473 1923 530 1999 καὶ
559 1921 578 2000 ὁ
611 1919 814 2027 φαλμιρδὸς
845 1917 1036 2028 ἀναμίλπη
1066 1921 1183 2024 λε’γων
1210 1931 1233 1968 “
1250 1921 1317 2004 Τίς
1344 1924 1449 2001 ἐστιν

156 2019 164 2098 ’.
246 2055 268 2091 ‘⁶
286 2043 476 2146 ἅνθρωπος
504 2046 524 2123 ὁ
553 2043 671 2124 θίλων
699 2042 802 2146 ζωήν,
827 2046 979 2147 ἀγαπῶν
1006 2044 1137 2149 ἡμέρας
1164 2050 1248 2125 ίδεῖν
1274 2043 1444 2147 ἀγαθᾶΐὶ

209 2176 266 2240 d“
284 2177 428 2248 παῦσον
446 2167 513 2268 τὴν
531 2166 714 2270 γλῶσσάν
738 2202 809 2247 σου
837 2167 909 2249 ἀπὸ
935 2170 1079 2249 κακοῦ·”
1108 2165 1163 2273 ἀρ’
1183 2171 1262 2274 οὐχὶ
1288 2167 1353 2268 τὴν
1371 2176 1447 2249 τῶν
1463 2205 1500 2266 ι5

242 2294 355 2394 ἁγίων
370 2295 408 2371 ἐν
422 2292 559 2376 τούτοις
578 2295 724 2393 ἐροῦμεν
743 2295 1075 2393 κατασημαίνεσθαι
1093 2293 1204 2398 ζωήν;
1227 2295 1311 2372 ἀλλ’
1332 2292 1447 2392 ἔστιν,

242 2413 353 2512 οἶμαι,
373 2423 468 2494 πᾶσι
486 2416 698 2521 καταφανές.
737 2416 779 2495 ού
798 2413 869 2520 γάρ
888 2416 1003 2517 δήπου
1021 2424 1093 2497 τῶν
1112 2418 1264 2524 φαύλων
1282 2418 1447 2523 ἀποσχέ-

242 2546 329 2619 σθαι
350 2538 484 2618 κελεύει
501 2537 612 2633 τινάς,
633 2539 692 2618 ’ίνα
717 2537 760 2637 δή
786 2539 924 2644 τύχοιεν
942 2545 1005 2641 τῆς
1030 2547 1188 2626 είσαῦθις
1212 2541 1447 2638 ἀναβιῶσεως

241 2667 304 2761 τῆς
323 2663 471 2764 σαρκός·
503 2661 774 2762 ἀναστήσονται
800 2663 872 2766 γάρ
896 2668 954 2744 καὶ
979 2671 1008 2745 εί
1034 2667 1084 2765 μὴ
1108 2664 1353 2745 πεπαύσοιντο
1379 2674 1446 2745 τοῦ

241 2794 364 2865 κακοῦ·
405 2783 496 2888 πρὸς
528 2787 661 2886 ἐκείνην
694 2786 732 2866 δὲ
764 2794 911 2885 μᾶλλον
941 2787 1082 2893 ε’ρεθίζει
1115 2788 1181 2888 τήν
1212 2784 1314 2893 ζωὴν,
1347 2791 1385 2868 ἐν
1421 2786 1499 2896 ᾗιο

239 2909 383 2994 πάντως
408 2912 509 2989 ἐστὶν
527 2909 659 3012 ήμίρας
685 2913 769 2989 ἰδεῖν
787 2910 936 3013 ἀγαθὰς,
956 2913 993 2992 ἐν
1010 2911 1243 3016 μακαριότητι
1265 2915 1324 2993 καὶ
1351 2912 1446 3021 δόξῃ

240 3032 304 3113 τὸν
321 3035 530 3137 μακραίωνα
549 3034 738 3135 τρίβοντας
757 3035 852 3129 βίον.

211 3274 229 3317 0
471 3233 558 3297 Ἀλλ’
589 3233 668 3320 &pseu
698 3239 755 3298 τοῦ
784 3232 871 3298 Θεοῦ
898 3236 989 3310 μένει
1016 3236 1062 3301 ἐπ’
1095 3236 1205 3303 αὐτόν.

297 3398 521 3499 Γνμνύτερον
546 3399 630 3496 ἡμῖν
655 3397 713 3477 διά
741 3401 804 3497 τῆς
831 3401 870 3478 ε’ν
896 3400 1033 3483 τούτοις
1061 3403 1250 3504 ἐπαγωγῆς
1276 3398 1342 3481 τὸν
1367 3409 1446 3483 τῶν

238 3519 429 3622 εἰρημένων
447 3519 587 3600 σκοπὸν
606 3523 626 3600 ὁ
645 3519 817 3623 μακάριος
834 3520 944 3628 ἔδειξε
962 3524 1179 3623 βαπτιστής.
1209 3524 1444 3627 περιαθρείτω
1459 3565 1498 3625 25

238 3643 277 3724 δὲ
304 3642 417 3724 πάλιν
444 3646 464 3723 ὁ
493 3642 732 3750 φιλοζητητὴς
757 3642 824 3742 τήν
850 3653 914 3725 τοῦ
942 3646 1118 3745 νοήματος
1146 3647 1308 3747 δύναμιν.
1356 3658 1379 3694 “
1392 3650 1443 3729 Ὁ

237 3778 260 3815 “
278 3771 445 3865 ἀπειθῶν,
465 3771 570 3874 φησί,
590 3774 641 3875 τφ
659 3773 736 3875 Υίφ
761 3767 825 3847 ούκ
850 3766 981 3874 ὄψεται
1005 3767 1127 3871 ζωὴν,”
1147 3776 1232 3851 ἀλλ’
1252 3775 1270 3866 ή
1289 3767 1364 3877 ὀργή
1385 3774 1444 3852 τού

238 3897 323 3973 Θεοῦ
347 3891 434 3998 με’νει
460 3894 513 3972 ἐπ’
538 3894 647 3972 αὐτήν.
689 3893 774 3969 ἀλλ’
800 3891 896 3994 ε’ίπερ
924 3890 968 3992 ἦν
995 3893 1105 3977 ὅντως
1133 3894 1264 3997 ἔρημον
1288 3893 1442 3976 ε’ίτεσθαι

247 4148 249 4153 .
273 4112 298 4166 3.
316 4095 490 4166 εὐφροσύναις
504 4093 536 4147 Β.
550 4093 698 4164 εὖφροσύνη
714 4094 763 4149 Ed.
827 4169 831 4176 .
875 4114 900 4162 4.
920 4060 1093 4151 κολάσθιωΒ.
1212 4112 1235 4167 7.
1255 4098 1294 4151 δεῖ
1305 4114 1355 4166 pro
1366 4098 1394 4151 τί
1407 4097 1441 4152 Β.

237 4184 263 4237 9.
282 4167 310 4219 ἐν
325 4170 360 4239 τῷ
381 4171 438 4238 θεῷ
459 4165 509 4220 σὺν
526 4168 562 4235 τῷ
581 4169 685 4236 Χριστῷ
706 4165 756 4219 hoc
774 4165 868 4219 ordme
887 4167 919 4221 B.
937 4167 1020 4220 Cord.
1037 4168 1156 4222 Cramer.
1169 4171 1219 4222 σὺν
1233 4170 1340 4238 xpm&
1358 4169 1388 4221 εἰι
1402 4172 1441 4241 τῷ

238 4241 295 4309 θεῷ
309 4237 334 4290 b.
348 4239 397 4292 σὺν
409 4241 445 4309 τῷ
458 4239 564 4308 Χριστῷ
578 4237 605 4289 ἓν
616 4238 652 4306 τῷ
666 4239 723 4307 θεῷ
738 4235 789 4290 Ed.
828 4237 917 4290 Verba
929 4237 1027 4291 desunt
1039 4238 1067 4291 in
1080 4255 1104 4292 a.
1259 4255 1300 4292 11.
1320 4221 1391 4295 ἀπως
1408 4239 1441 4296 Β.

235 4313 289 4364 πῶς
303 4307 354 4362 Ed.
497 4307 537 4361 18.
555 4308 624 4362 τινὰς
637 4307 734 4360 κελεύει
747 4307 852 4361 inverso
865 4307 958 4362 ordine
973 4308 1004 4362 B.
1142 4325 1185 4363 21.
1205 4307 1254 4377 ήμέ
1287 4309 1376 4365 ςίδιῑν
1389 4309 1443 4365 hoc

235 4379 328 4432 ordine
343 4379 413 4431 B.D.
567 4393 609 4446 230
628 4377 697 4443 μένα
712 4377 743 4430 Β.
756 4380 827 4443 μενεῖ
841 4378 890 4431 Ed.
1044 4393 1086 4503 τη.
1106 4379 1151 4446 τὴν
1164 4379 1229 4448 ζωὴν
1242 4331 1293 4433 θῶ.
1306 4379 1393 4433 invito
1408 4379 1442 4436 B.

233 4448 294 4572 «gx
308 4446 336 4517 ἡ]
350 4449 420 4572 daz&
432 4449 458 4502 τί
471 4448 494 4501 Β
508 4448 718 4517 suprascriptum
732 4466 786 4501 non
800 4449 876 4518 quasi
889 4450 1016 4504 correctio
1029 4466 1057 4503 se
1089 4448 1198 4504 additio.
1306 4450 1349 4504 28.
1368 4450 1442 4518 μένει

262 4540 352 4587 qum
411 4559 417 4572 .
