3038 5018
239 282 302 344 144
532 281 579 348 B.
603 279 814 344 CYRILLI
845 279 1130 344 ALEXANDR.
1348 277 1369 340 i.
1386 292 1436 361 πρ

238 448 373 553 χάριτος
393 446 485 551 ἐχειν
503 443 569 544 τὴν
587 446 698 552 δόξαν
718 445 787 550 ἔφη
806 443 970 526 τὸνΥίὸν
987 446 1007 523 ὁ
1024 446 1331 549 πνευματοφόρος·
1363 439 1438 521 εἶτα

205 577 304 655 (1ποῖ
331 604 419 651 ποτε
451 568 630 673 προκόψει
663 567 704 650 τό
742 573 888 671 πλῆρες,
920 567 943 670 ἢ
975 569 1083 649 ποίαν
1116 568 1210 652 ὅλως
1241 566 1438 672 ε’πιδέξεται

238 693 463 798 προσθήκην,
486 693 527 774 οὗ
556 693 711 773 ἐπέκεινα
738 691 871 792 μηδέν,
907 694 1044 788 ου’κοῦν,
1066 694 1134 796 οὐχ
1161 688 1184 796 ᾗ
1213 691 1330 793 Λόγος
1359 693 1437 769 ἐστὶ

240 820 298 898 καὶ
318 817 410 901 θεὸς
430 815 645 920 προκόπτειν
664 815 807 917 εἴρηται,
827 818 910 895 ἀλλ’
931 816 985 895 ὅτι
1005 813 1168 917 μειῷνως
1186 819 1239 895 ἀεὶ
1257 813 1434 915 θαυμαζό·

240 975 360 1042 μενος,
382 939 609 1046 χαριέστερος
627 937 726 1043 παρὰ
744 946 816 1022 τοῖς
835 941 948 1040 ὁρῶσι
968 939 1026 1019 διὰ
1045 947 1116 1019 τῶν
1133 934 1471 1035 ἀποτελεσμάτων5

241 1068 471 1162 ἁνεδείκνυτο,
496 1064 782 1168 προκοπτούσης,
812 1067 860 1146 ὡς
888 1062 967 1143 ἐστι
993 1069 1139 1161 μᾶλλον
1167 1067 1274 1142 εἰπεῖν
1303 1061 1435 1159 ἀληθί-

241 1223 383 1294 στερον,
401 1194 464 1288 τῆς
482 1195 555 1268 τῶν
573 1186 824 1290 θαυμαζόντων
842 1186 959 1293 ἕξεως,
973 1187 1066 1289 ἤπερ
1084 1189 1192 1266 αὐτοῦ
1210 1195 1273 1265 τοῦ
1292 1189 1439 1279 τελείου,

241 1312 332 1415 πρὸς
357 1312 476 1418 χάριν,
497 1314 544 1396 ὡς
570 1317 677 1392 θεοῦ.
723 1310 878 1414 εἰρήσθω
907 1308 945 1391 δὲ
973 1320 1085 1390 ταῦτα
1113 1312 1309 1415 χρησίμως,
1327 1317 1354 1388 εί
1381 1314 1439 1387 καὶ

242 1437 322 1516 ἐστι
339 1433 599 1539 παρεκβατικὸς
618 1437 638 1514 ὁ
658 1434 780 1537 λόγος.

214 1594 232 1638 e

195 1726 232 1787 15
412 1720 571 1787 Ἰωάννιιο
597 1715 754 1809 μαρτυρεῖ
780 1721 854 1808 περὶ
881 1721 991 1799 αὐτοῦ,
1019 1719 1071 1785 καί
1099 1721 1263 1808 κέκραγεν,
1457 1734 1495 1773 10

297 1907 512 1988 Ἀκολουθεῑ
526 1906 638 1988 πόλιν
656 1917 732 1992 ταῖς
751 1909 852 1992 ἰδίαις
871 1910 1016 1992 ἐννοίαις
1035 1911 1055 1988 ό
1078 1907 1294 2012 σοφώτατος
1313 1909 1438 2008 Εὐαγ-

242 2028 426 2134 γελιστὴς,
459 2034 517 2111 καὶ
553 2035 602 2117 ὡς
634 2040 707 2116 τοῖς
739 2034 858 2112 ὀπίσω
890 2033 1183 2137 χρεωστούμενον
1214 2030 1278 2110 τὸν
1310 2032 1441 2138 ἐφεξῆς

243 2153 423 2260 εὐρύθμως
441 2162 591 2235 ποιεῖται
610 2155 731 2258 λόγον.
770 2156 888 2254 ἐπειδὴ
908 2155 979 2258 γὰρ
997 2156 1067 2261 ἔφη
1088 2159 1168 2258 περὶ
1187 2164 1251 2234 τοῦ
1269 2159 1358 2233 Υὶοῦ
1377 2163 1441 2233 τοῦ

245 2284 342 2359 θεοῦ
359 2291 380 2326 “
392 2277 646 2377 Ἐθεασοίμεθα
664 2278 731 2379 τὴν
749 2279 861 2388 δόξαν
879 2283 998 2377 αὐτοῦ,
1013 2280 1123 2386 δόξαν
1142 2283 1189 2362 ὡς
1211 2285 1441 2378 Μονογενοῦς

244 2414 266 2450 “
284 2401 383 2506 παρὰ
411 2402 585 2504 Πατρός,”
605 2404 663 2483 ἵνα
689 2402 739 2502 μὴ
763 2405 871 2499 μόνος
898 2411 1004 2483 τοῦτο
1029 2406 1197 2511 φαίνηται
1224 2401 1351 2504 λέγων,
1375 2404 1441 2505 οὐχ
1457 2433 1497 2493 15

246 2527 295 2607 ἐνὶ
325 2524 512 2632 προσώπῳ
544 2535 607 2606 τοῦ
635 2526 888 2626 Ἐθεασοίμεθα
918 2529 1127 2629 πρέποντος,
1158 2527 1222 2606 τὸν
1254 2526 1442 2621 ὁμώνυμον

245 2650 420 2730 συνάπτει
445 2649 620 2753 μάρτυρα,
643 2650 727 2749 μίαν
752 2650 880 2754 ἔχοντα
907 2652 997 2753 πρὸς
1025 2649 1133 2730 αὐτὸν
1156 2655 1212 2729 καί
1241 2649 1307 2749 τὴν
1332 2649 1443 2746 αὐτὴν

247 2771 441 2869 εὐσέβειαν,
495 2780 673 2876 μαρτυρῶ,
703 2778 808 2879 φησὶ,
836 2782 1026 2875 τοιγαροῦν
1055 2773 1136 2874 ἐγώ·
1176 2772 1341 2872 τεθεάμαι
1370 2772 1442 2874 γὰρ
1480 2856 1484 2860 ,

81 2894 335 2998 omnbus>
357 2892 468 2976 εἷπον·
501 2906 674 3000 μαρτυρεῖ
696 2898 732 2978 δέ
759 2899 887 2996 ὁμοίως
913 2901 972 2977 καὶ
997 2899 1016 2976 ὁ
1042 2896 1259 2996 βαπτιστής·
1298 2897 1443 3001 ἀξιολο-

246 3020 392 3124 γωτάτη
424 3029 497 3101 τῶν
524 3024 829 3127 πνευματοφόρων
859 3022 944 3106 δυὰς
975 3026 1034 3101 καὶ
1067 3022 1260 3129 ἀξιόχρεως
1293 3021 1444 3126 ξυνωρὶς
1461 3057 1500 3096 ιο

246 3147 386 3247 ἀνδρῶν
409 3146 559 3253 ἀληθείᾳ
584 3146 913 3248 συντεθραμμένων,
932 3150 989 3225 καὶ
1019 3148 1083 3225 οὐκ
1111 3145 1253 3225 εἰδότων
1276 3142 1318 3223 τό
1346 3143 1442 3248 ψεύ-

247 3273 383 3349 δεσθαι.
426 3271 489 3348 θέα
517 3269 555 3348 δέ
584 3269 680 3355 ὅπως
707 3269 1023 3373 ἐμφαντικωτάτην
1046 3270 1129 3369 ἡμιν
1156 3266 1351 3367 ἐποιήσατο
1379 3266 1445 3366 τὴν

247 3390 432 3498 ἐξήγησιν·
465 3394 506 3471 οὐ
532 3390 604 3492 γὰρ
627 3392 738 3490 μόνον
761 3393 816 3472 ὅτι
840 3397 998 3501 μαρτυρεῖ
1019 3395 1173 3500 φησινό
1198 3391 1345 3482 Ἰωάννης
1370 3399 1444 3498 περὶ

248 3517 356 3610 αὐτοῦ,
378 3517 599 3617 προστίθησι
628 3516 665 3595 δέ
693 3519 879 3618 χρησίμως
907 3516 961 3596 ότι
991 3526 1050 3595 καὶ
1083 3516 1253 3622 κίκραγεν,
1281 3514 1353 3593 ἀπὸ
1381 3521 1447 3592 τοῦ

79 3658 200 3723 Ευῐα·
247 3649 268 3685 “
289 3637 397 3737 Φωνὴ
425 3645 584 3731 βοῶντος
612 3640 649 3717 ἐν
676 3644 722 3743 τῇ
750 3637 890 3746 ἐρήμῳ”
920 3638 1119 3736 λαμβάνων
1147 3648 1210 3717 τοῦ
1238 3637 1351 3740 λόγου
1379 3636 1446 3736 τὴν
1461 3675 1501 3735 25

247 3762 438 3869 ἇπόδειξιν·
478 3767 599 3844 καλῶς
629 3760 667 3841 δέ
698 3764 755 3840 καὶ
783 3772 889 3841 τοῦτο
917 3764 1011 3841 λίαν.
1061 3763 1221 3866 ἐνεχώρει
1249 3763 1320 3864 γάρ
1347 3797 1446 3846 τινας

212 3892 320 3965 δτῶν
341 3884 386 3964 δι’
405 3885 565 3968 ἐναντίας
589 3890 697 3964 εἰπεῖν
716 3885 812 3964 Πότε
837 3891 889 3993 τῷ
918 3891 1119 3987 Μονογενεῖ
1139 3888 1406 3988 μεμαρτύρηκεν
1425 3887 1446 3964 ὁ

246 4004 461 4107 βαπτιστὴς,
483 4006 506 4108 ἢ
534 4012 593 4087 καὶ
620 4010 717 4087 τίσιν
739 4013 867 4093 ἐκεῖνος
891 4015 971 4110 περὶ
995 4012 1132 4089 τούτων
1156 4012 1443 4105 ἀνεκοινώσατος

247 4307 252 4319 ¹
282 4235 511 4361 πέὶοιμποιΒ.
551 4235 699 4361 πληρηὶἀῧ.
787 4235 1051 4361 84ὀὲμὲἷῖηνὼρέὀ
1164 4237 1190 4291 6.
1209 4238 1372 4291 ἀπεδείκνυτο
1385 4238 1446 4322 cat.

245 4324 394 4433 'W
407 4317 857 4465 ’ἱ’,ἓ’,ἐῖέἳῗ,,,,,,,,,,,,ζ,
873 4348 907 4430 ss:
935 4324 1446 4459 ,,ἰ,α,,,ὶῖ,ιῖλξέῗῗὸῖἓῗ

249 4466 290 4518 ιη.
309 4450 350 4503 καὶ
363 4466 416 4503 om.
433 4448 464 4503 B.
550 4465 593 4502 21.
611 4446 923 4514 ανδρῶνκοοεςςιιιιΒ.
960 4448 1108 4502 Lacunam
1122 4448 1193 4502 Ι).Ε,
1273 4466 1315 4503 τι.
1335 4450 1365 4515 ἐμ
1424 4473 1448 4503 ι·

245 4521 360 4586 mim
373 4520 408 4573 D.
465 4534 508 4590 27.
520 4516 571 4591 τᾷ]
584 4520 614 4572 τὸ
626 4521 663 4591 τᾷ
677 4517 709 4572 Β.
764 4519 808 4572 28.
821 4517 915 4574 ἐκεῖνος
925 4519 986 4587 περὶ
997 4518 1109 4590 τοῦτων]
1121 4521 1179 4581 ἑνός
1188 4521 1249 4588 περὶ
1261 4519 1354 4574 τούτου
1394 4560 1401 4573 .
