3038 5018
247 290 313 354 500
550 291 590 356 Β.
614 288 821 356 CYRILLI
851 286 1140 353 ALEXANDR.
1342 282 1389 347 vi.
1401 300 1458 363 41.

219 453 390 554 οσμένως
408 455 550 535 οἴεσθαί
565 490 600 535 τι
617 464 730 536 ποιεῖν
748 454 921 557 ἑκάτερον,
935 453 1027 557 πρὸς
1045 451 1134 552 ὅπερ
1154 450 1286 556 ἀνέχοι
1304 450 1458 555 φύσεως

248 578 460 677 ἐπιτηδείως,
488 577 591 684 δέχου
619 580 657 658 δὲ
684 586 830 676 μᾶλλον
858 584 907 663 είς
934 586 1019 657 νοῦν
1047 576 1101 655 ὅτι
1130 574 1357 678 συνεργάτης
1387 571 1459 670 μέν

249 703 388 782 ἐστινὸ
409 701 538 803 Πατὴρ
556 707 608 809 τῷ
625 707 703 808 Υίῲ
730 705 788 781 καὶ
815 704 834 781 5
853 699 941 785 Υἱὸς
968 702 1014 779 αῦ
1039 698 1153 780 πάλιν
1170 705 1221 807 τῷ
1241 699 1375 800 Πατρὶ,
1394 698 1459 775 καὶ

250 824 348 926 ὅλης,
369 827 410 905 ἵν’
432 828 543 909 οὕτως
569 825 667 922 εἴπω,
685 829 749 923 τῆς
775 826 880 927 ἁγίας
899 822 1056 925 Τριάδος
1079 822 1183 926 έργον
1201 821 1344 921 ἐστὶνὴ
1368 820 1456 900 καθ’

237 951 341 1049 ,ἡμᾶς
369 950 531 1052 σωτηρία
559 952 616 1027 καὶ
644 950 666 1047 ἡ
694 950 733 1026 ἐκ
759 946 915 1027 θανάτου
939 946 1053 1026 πάλιν
1075 954 1124 1030 εἰς
1150 945 1240 1050 ζωὴν
1263 944 1490 1034 ἐπάνοδος.5

249 1074 450 1177 ἀρκούντως
476 1071 514 1152 δέ
541 1072 620 1152 ’ίσθι
645 1075 704 1151 καὶ
728 1071 791 1152 τὸν
813 1073 957 1174 Πατέρα
978 1068 1069 1172 πρὸς
1087 1078 1212 1151 πᾶσαν
1231 1069 1324 1175 ἔχειν
1343 1067 1460 1173 ίσχύν

250 1232 287 1278 τε
308 1201 366 1277 καὶ
385 1197 517 1303 χρείαν,
537 1198 667 1296 ὁμοίως
686 1194 723 1273 δὲ
742 1198 800 1275 καὶ
819 1194 881 1274 τὸν
900 1193 1000 1291 Υῖὸν,
1020 1197 1078 1274 καὶ
1096 1194 1246 1296 προσέτι
1264 1192 1305 1273 τὸ
1319 1192 1461 1295 ’Άγιον

251 1326 410 1419 Πνεῦμα·
451 1320 589 1426 ἔρχεται
618 1321 655 1400 δὲ
684 1318 742 1399 διὰ
769 1317 892 1417 πάσης
919 1323 983 1418 τῆς
1011 1319 1115 1421 ἁγίας
1143 1315 1297 1420 Τριάδος
1327 1313 1376 1394 τὰ
1409 1322 1460 1399 εἷς

248 1445 341 1544 ἡμᾶς
371 1443 502 1548 ἀγαθά,
534 1446 592 1523 καὶ
620 1441 666 1522 τὰ
694 1441 814 1523 πάντα
845 1445 883 1522 ἐν
911 1450 1026 1522 πᾶσιν
1054 1445 1074 1521 5
1105 1440 1198 1526 Θεὸς
1230 1443 1288 1522 καὶ
1322 1439 1459 1543 Πατὴρ

249 1567 461 1672 ὁλοκλήρως
479 1569 680 1670 εὑρίσκεται
700 1569 742 1646 δι’
764 1571 853 1646 Υίοῦ
872 1568 910 1645 ε’ν
930 1565 1125 1665 Πνεύματι.
1473 1600 1508 1641 10

82 1704 193 1762 841A.
220 1720 239 1761 ν
306 1689 561 1795 Ἐπιτηρητέον
585 1693 619 1768 δ’
641 1692 703 1770 οῦν
726 1690 821 1789 ὅμως
847 1693 996 1785 κάκεῖνο,
1016 1693 1065 1774 ὡς
1089 1688 1186 1770 πολύ
1213 1722 1248 1766 τι
1275 1687 1318 1766 τὸ
1347 1687 1454 1795 ἀξιό-

251 1828 365 1918 λογον
390 1819 427 1895 ἐν
452 1821 503 1922 τῷ
530 1813 712 1894 πιστεύειν
738 1820 785 1898 εἰς
814 1812 878 1893 τὸν
896 1811 988 1893 Υἱῦν
1012 1814 1222 1915 εὑρίσκεται.
1261 1810 1356 1917 ζωὴν
1382 1810 1459 1914 γὰρ

250 1939 321 2043 ἔχει
348 1937 391 2018 τὸ
421 1937 536 2041 γέρας·
577 1944 607 2018 εί
636 1935 673 2018 δὲ
701 1941 739 2018 ἐν
764 1943 841 2044 Υίῴ
869 1935 959 2017 κατά
990 1937 1104 2043 φύσιν
1131 1936 1409 2039 ἐπιγινώσκεται
1437 1936 1459 2013 5

252 2062 381 2165 Πατὴρ
406 2065 465 2143 καὶ
484 2062 587 2160 Θεὸς,
607 2064 660 2147 τίς
685 2060 730 2141 ἀν
755 2062 953 2167 ἀνάσχοιτο
979 2060 1108 2142 λοιπάν
1126 2069 1199 2141 τῶν
1220 2062 1290 2170 ἔξω
1316 2059 1455 2166 φερόν-

249 2222 322 2267 των
348 2185 456 2267 αῦτδν
480 2191 544 2286 τῆς
572 2188 697 2269 οὐσίας
726 2194 789 2266 τοῦ
817 2185 972 2288 Πατρὸς,
995 2190 1053 2267 καὶ
1081 2185 1273 2268 ἀπύλωτον
1296 2182 1458 2289 ἐχόντων
1474 2218 1506 2275 15

250 2317 298 2395 εἱς
321 2311 388 2411 τὴν
407 2314 465 2392 ε’πὶ
490 2309 604 2416 τούτῳ
630 2311 840 2414 δυσφημίαν
858 2310 900 2390 τὸ
921 2306 1065 2409 στόμα,
1099 2311 1140 2389 δι’
1161 2305 1250 2389 ὧνδε
1274 2307 1459 2388 δύνασθαι

252 2439 439 2515 διανιστᾶν
457 2441 505 2519 εἰς
531 2430 623 2535 ζωὴν
641 2432 683 2515 τῦ
709 2433 897 2517 πεπτωκὸς
926 2439 974 2517 εἰς
1000 2433 1154 2514 θάνατον
1173 2431 1457 2534 ἐπαγγέλλεται,

252 2557 311 2637 διὰ
336 2559 471 2638 τούτων
489 2559 616 2654 αὐτῶν,
637 2557 799 2655 οὐδεμιᾶς
825 2558 894 2657 ἤδη
918 2556 1202 2657 μεσολαβούσης
1226 2557 1457 2663 ἐξαλλαγῆς,

216 2687 301 2765 δεῖς
319 2679 516 2780 ταυτότητα
534 2678 694 2786 φυσικὴν
713 2680 896 2776 ἀναβαίνει
920 2685 972 2785 τῷ
995 2680 1233 2782 γεγεννηκότι·
1264 2680 1356 2784 ζωῆς
1384 2680 1459 2784 γὰρ

251 2805 358 2908 ἔργον
376 2804 464 2885 ’ίδιον
483 2803 525 2884 τὸ
544 2802 735 2906 ζωοποιεῖν,
755 2806 813 2884 καὶ
839 2806 982 2905 ε’πείπερ
1007 2802 1077 2905 ζωὴ
1101 2802 1193 2884 κατὰ
1218 2803 1335 2908 φύσιν
1352 2804 1460 2887 ε’στὶν
1473 2846 1507 2885 20

251 2930 272 3008 5
296 2927 435 3031 Πατὴρ,
460 2926 530 3030 ζωὴ
558 2926 701 3011 πάντως
729 2930 788 3006 καὶ
816 2929 836 3006 5
863 2927 955 3007 κατὰ
982 2926 1095 3033 φύσιν
1118 2927 1162 3034 ἐξ
1184 2929 1292 3007 αὐτοῦ
1319 2927 1457 3030 νοηθὴ·

251 3086 367 3150 σεται,
385 3052 550 3133 τουτέστι
569 3053 589 3130 5
611 3049 834 3152 Μονογενής.

202 3319 439 3408 ιιἜςόςτυζον
466 3315 523 3384 οὖν
550 3317 581 3384 οἱ
601 3315 757 3384 Ἰουδαῖοι
785 3319 860 3405 περὶ
889 3319 1000 3398 αὐτοῦ,
1026 3320 1076 3384 ὅτι
1107 3311 1197 3384 εἶπεν
1219 3317 1312 3394 ’Eub
1341 3317 1412 3397 εἰμι
1441 3322 1459 3389 5

531 3445 630 3532 ἄρτος
656 3447 675 3512 ὁ
703 3445 846 3524 καταβὰς
873 3445 910 3509 ὲκ
937 3448 993 3510 τοῦ
1021 3445 1172 3532 οὐρανοῦ.

308 3609 577 3709 Ἀγανακτοῦσι
609 3604 722 3688 πάλιν
755 3615 787 3688 οἱ
825 3614 898 3688 τῶν
931 3607 1123 3710 εἰρημένων
1154 3606 1254 3709 παρὰ
1285 3613 1459 3710 Χριστοῦ
1472 3615 1506 3705 ²5

253 3730 432 3815 συνιέντες
450 3730 559 3810 οὐδέν·
588 3731 725 3836 πέφυκε
744 3730 786 3809 δέ
799 3764 875 3814 πως
894 3733 931 3809 έν
950 3729 1087 3814 τούτοις
1112 3732 1267 3833 ὁρᾶσθαι
1293 3731 1390 3811 κατὰ
1415 3733 1457 3814 τῦ

253 3863 430 3937 πλεῖστον
448 3855 467 3932 ὁ
491 3853 699 3936 ἀπαίδευτος
722 3861 815 3938 νοῦς·
846 3855 888 3933 οῦ
906 3852 977 3959 γὰρ
997 3854 1137 3958 ἔχοντες
1155 3853 1458 3959 περιδράττεσθαι

293 4116 317 4152 1.
336 4120 361 4151 τι
373 4107 541 4168 assumptum
554 4116 586 4151 ex
601 4097 672 4151 B.D.
782 4113 806 4151 ν.
826 4098 973 4167 ἐπιτηδείως
988 4099 1021 4153 B.
1034 4100 1162 4168 ε’πιτηδειό
1209 4122 1238 4155 ος
1251 4099 1304 4154 Ed.
1352 4103 1459 4168 μᾶλλον

255 4168 289 4223 B.
301 4170 380 4223 πάλιν
392 4168 444 4223 Ed.
542 4186 568 4234 4.
588 4170 665 4239 ἔργον
677 4168 750 4223 ἐστὶν
760 4168 812 4223 hoc
825 4168 919 4223 ordine
933 4171 1004 4225 B.D.
1016 4172 1095 4241 ἔργον
1107 4189 1161 4227 om.
1199 4170 1258 4225 ord.
1295 4169 1374 4226 Nihil
1387 4172 1458 4228 dea.

254 4241 354 4293 notavi.
452 4241 477 4294 8.
496 4241 541 4307 τῆς
552 4237 626 4309 ἁγίας
638 4257 691 4293 om.
707 4239 739 4292 Β.
839 4256 881 4293 11.
900 4239 1094 4296 κατ’ἐκεῑνοΒ.
1197 4259 1239 4311 13.
1257 4241 1459 4311 κατὰφύσιν-

254 4312 320 4365 θεὸς
334 4310 366 4364 Β.
380 4311 547 4365 θεδςδκστά
559 4309 642 4432 (χύσιν
654 4311 848 4378 ἐπιγινώσκεται
862 4309 912 4364 Ed.
1016 4329 1057 4378 14.
1076 4312 1173 4366 δνοῐῐι.
1187 4312 1220 4365 Β.
1327 4329 1373 4368 20.
1392 4313 1460 4369 ἰ’διον

253 4381 330 4452 ἔργον
343 4382 447 4434 inverso
459 4379 552 4433 ordine
591 4419 598 4433 .
705 4396 748 4450 23.
768 4379 853 4433 Inscr.
866 4380 948 4434 rubro
968 4381 1038 4435 :B':
1058 4381 1098 4436 ὅτι
1112 4383 1277 4448 ζωοποιδντδ
1290 4384 1368 4454 ἅγιον
1381 4390 1460 4453 σόμα

253 4455 374 4521 χριστοῦ,
387 4452 462 4574 ἓυαςί
476 4459 556 4520 caput
569 4448 716 4503 secundum
730 4450 772 4502 hic
784 4450 914 4520 incipiens
927 4451 960 4506 Β.
1003 4453 1028 4506 ol
1040 4470 1094 4507 om.
1109 4453 1142 4507 B.
1216 4453 1258 4507 τό.
1277 4454 1414 4513 συνιέντες
1425 4455 1460 4512 Β.

254 4520 374 4579 συνέντες
411 4521 438 4576 d.
547 4533 590 4589 27.
609 4521 712 4590 ἔχοντες
725 4519 758 4574 Β.
771 4522 838 4591 ἔχων
851 4521 902 4575 Ed.
