3038 5018
79 288 187 361 .vi.1.
267 294 324 358 IN
354 295 666 364 S.JOANNEM.
712 296 1127 365 LIB.111‚cAP.1v.
1229 295 1291 355 401

99 454 234 556 dmi„
264 462 323 538 Καὶ
354 457 397 540 τὸ
429 460 565 565 θράσος
597 467 660 562 τῆς
690 465 772 542 καθ’
802 466 935 542 ἑαυτῶν
964 461 1173 566 πλεονεξίας
1203 460 1290 537 ύπο-

99 578 308 678 τεμνόμεθα,
328 587 552 689 ὠφελοῦντες
574 593 719 683 μᾶλλον
736 582 818 669 τούς
843 587 943 688 οίπερ
970 583 1014 664 ἀν
1030 583 1188 686 γένοιντο
1212 583 1322 683 περὶο

100 699 194 798 ἡμᾶς
220 705 283 784 οὐκ
308 707 447 808 ἀγαθοὶ,
466 712 525 788 καὶ
549 712 688 807 ἀδίκως,
706 709 796 812 ἤπερ
815 709 1069 814 ὠφελούμενοι,
1088 706 1176 808 ὅπερ
1194 706 1293 783 ἐστὶν

100 825 268 927 ε’Μῑργῶἣ
299 828 350 927 μή
382 830 428 909 τά
459 834 593 911 ἑαυτῶν
626 831 819 933 ζητοῦντες,
852 831 952 911 ἀλλά
984 834 1042 911 καί
1074 831 1119 908 τά
1152 829 1290 930 ἐτέρων.

68 945 207 1048 5έργον
234 952 297 1030 οὖν
324 952 476 1055 ἀγάπης,
501 953 544 1034 τό
570 963 645 1040 τοῖς
670 959 924 1036 ἐθελοκακοῦσι
951 952 1001 1054 μή
1029 953 1294 1054 ἀυτεγείρεσθαι

99 1069 256 1170 πάντως,
280 1075 368 1176 μηδὲ
396 1078 702 1182 ἀποκεχρημένους
729 1085 780 1185 τῷ
807 1080 982 1159 δύνασθαι
1009 1075 1164 1179 πάσχειν
1192 1071 1293 1153 ούδέν

100 1191 168 1274 κάν
199 1197 372 1300 παρόντες
409 1202 652 1301 ἀλισκῶμεθα,
684 1202 891 1304 δριμύτερον
923 1200 1048 1303 ὥσπερ
1084 1202 1122 1278 ἐν
1153 1197 1293 1279 ἐκείνοις

101 1319 363 1424 ἀπεργάζεσθαι
381 1322 445 1405 τὸν
463 1324 588 1425 θυμὸν,
607 1334 832 1406 πλεονεκτεῖν
850 1327 914 1404 ούκ
931 1324 1058 1428 έχοντα
1076 1329 1140 1402 τοῦ
1157 1353 1290 1419 μισου-

99 1442 207 1538 μένου
231 1444 297 1542 τὴν
317 1448 477 1547 δύναμιν·
511 1449 534 1547 ή
558 1451 676 1529 τοίνυν
695 1449 828 1551 ἀγάπη,
848 1451 942 1554 φησὶ
966 1444 1126 1548 καθάπερ
1151 1447 1171 1523 ὁ
1192 1450 1292 1524 Παῦ-

48 1596 88 1636 10
102 1574 177 1662 λος,
196 1570 270 1647 “ού
287 1568 383 1670 ζητεῖ
397 1571 442 1650 τά
459 1574 614 1672 έαυτῆς,”
635 1575 724 1676 ἥπερ
743 1570 787 1672 ἦν
805 1576 842 1651 ἐν
861 1576 1013 1676 Χριστῷ
1031 1575 1204 1671 καθαρῶς.
1337 1559 1428 1685 {iffi}

155 1689 251 1798 Ὀξδ
278 1691 314 1772 δέ
343 1694 386 1794 δή
413 1695 525 1776 πάλιν
550 1698 726 1798 ἐνερείσας
750 1704 823 1780 τοῖς
849 1693 1105 1797 γεγραμμένοις
1130 1697 1194 1791 τῆς
1218 1695 1328 1771 δια-δ

100 1814 197 1898 νοίας
224 1814 266 1894 τὸ
294 1815 405 1914 ὅρμα,
431 1817 627 1918 θαυμάσεις
654 1822 806 1923 ἀρίστην
832 1820 1007 1922 εὑρίσκων
1032 1814 1232 1912 οἰκονομίαν
1255 1817 1294 1893 ἐν

99 1945 177 2021 ταῖς
205 1947 268 2019 τοῦ
296 1946 464 2045 Σωτῆρος
492 1943 592 2042 ἡμῶν
615 1940 856 2039 ἀποστάσεσι,
880 1949 956 2026 ταῖς
981 1944 1019 2019 ἐκ
1044 1946 1116 2020 τῶν
1138 1939 1293 2037 Ἱεροσο-

101 2061 226 2160 λύμων
248 2067 352 2169 φημί.
392 2065 618 2171 ἐξελαύνεται
645 2066 710 2163 μέν
734 2065 806 2169 γάρ
834 2063 904 2146 ὑπὸ
931 2069 995 2164 τῆς
1022 2069 1094 2142 τῶν
1114 2063 1294 2141 Ἰουδαίων

47 2211 87 2271 ¹5
100 2188 269 2271 ἀπονοίας
292 2187 482 2284 πολλάκις,
500 2188 689 2268 καταλύων
707 2189 745 2268 δέ
769 2186 869 2292 παρά
892 2194 965 2272 τοῖς
991 2184 1217 2287 ἀλλογενέσι,
1235 2186 1294 2263 καὶ

100 2310 353 2412 ἀνασῶζεσθαί
373 2348 451 2398 πως
476 2316 574 2392 δοκεῖ
593 2315 676 2414 παρ’
697 2314 848 2410 ε’κείνοις,
867 2315 925 2392 καὶ
947 2315 1012 2410 τῆς
1036 2309 1186 2406 δεούσης
1204 2309 1294 2386 ἀπο-

100 2432 202 2512 λαύει
219 2438 335 2533 τιμῆς·
367 2432 433 2534 τήν
452 2436 582 2533 ἀμείνω
601 2439 793 2541 φήφοντῇ
819 2436 863 2541 ἐξ
885 2437 996 2514 ἐθνῶν
1012 2432 1216 2538 Ἐκκλησία
1235 2429 1293 2509 διά

99 2557 228 2637 τούτου
257 2556 382 2655 διδούς,
413 2560 471 2638 καὶ
504 2557 546 2637 τὸ
577 2558 749 2655 μισόθεον
782 2566 855 2637 τῶν
885 2558 929 2664 ἐξ
954 2553 1108 2658 Ἰσραήλ
1141 2554 1198 2635 διά
1230 2558 1293 2653 τῆς

99 2681 227 2781 ἐτέρων
259 2683 445 2775 εὐλαβείας
480 2681 736 2787 ἐξελέγχεσθαι
774 2688 895 2776 ποιῶν,
928 2683 985 2759 καὶ
1014 2678 1056 2759 τὸ
1088 2683 1125 2758 έν
1153 2678 1322 2762 ἐκείνοιςο

46 2830 86 2870 20
99 2802 197 2902 ῶμδν
216 2802 274 2885 διά
295 2809 359 2904 τῆς
380 2809 417 2884 έν
435 2806 571 2889 τούτοις
593 2803 807 2908 ἡμερότητος
830 2804 1064 2900 ἐπιδεικνύων,
1082 2804 1139 2883 ἵνα
1165 2800 1209 2901 δή
1235 2799 1294 2881 διὰ

97 2926 244 3007 πάντων
272 2931 454 3034 φαίνοιντο
482 2926 611 3009 λοιπὸν
639 2925 954 3032 κεχρεωστημένως
986 2926 1055 3026 ήδη
1087 2928 1145 3003 καὶ
1174 2931 1294 3007 καλῶς

97 3053 161 3147 τῆς
185 3055 234 3135 είς
254 3049 336 3133 τούς
357 3051 513 3154 πατέρας
538 3051 753 3153 ἐπαγγελίας
777 3050 1022 3157 ἐξωθούμενοι.
1055 3046 1294 3145 ἀποπηδήσας

98 3173 136 3253 δέ
153 3180 227 3254 τῶν
243 3172 509 3278 Ἱεροσολύμων
520 3168 547 3253 ’ὁ
568 3176 708 3277 Κύριος,
728 3175 792 3253 ούκ
814 3179 862 3256 εἷς
880 3174 965 3270 μίαν
984 3177 1055 3249 τῶν
1073 3170 1293 3272 περιοικίδων

98 3298 266 3378 καταλύει
286 3299 406 3396 πόλιν,
425 3296 506 3378 ούδέ
524 3299 561 3376 ἐν
578 3305 655 3382 ταῖς
672 3295 815 3398 ὁμόροις
834 3293 1010 3395 αὐλίζεται
1028 3292 1173 3394 κώμαις,
1191 3291 1294 3400 πέραν

46 3446 85 3506 25
98 3419 136 3500 δέ
154 3420 276 3501 ἀπεισι
293 3421 350 3514 τῆς
368 3420 549 3516 θαλάσσης
569 3419 626 3513 τής
644 3416 849 3527 Τιβεριάδος,
863 3422 1052 3522 μονονουχὶ
1072 3417 1114 3498 δι’
1134 3420 1289 3523 ἐμφανε-

97 3542 233 3623 στάτου
257 3543 468 3647 πράγματος
493 3548 651 3625 ἀπειλῶν
669 3550 743 3626 τοῖς
761 3542 815 3621 ὅτι
833 3541 1011 3646 προσήκοι
1029 3541 1166 3620 διώκειν
1185 3537 1321 3620 αύτδνα
1346 3563 1409 3617 272
1418 3562 1456 3615 A.

97 3672 289 3762 δυσσεβῶς
316 3669 512 3773 ᾑρημένοις,
532 3666 585 3748 ότι
613 3676 788 3747 τοσοῦτον
813 3667 928 3745 αύτῶν
954 3664 1214 3764 ἀποστήσεται,
1234 3668 1292 3742 καὶ

96 3788 230 3875 παντὸς
247 3799 312 3871 τοῦ
331 3792 452 3874 ἔθνους
473 3789 597 3870 ἑαυτὸν
616 3792 842 3895 ἀπονοσφιεῖ,
861 3793 910 3873 ῶς
934 3792 993 3869 καὶ
1019 3787 1157 3882 ἀβατον
1175 3788 1292 3868 αὐτοῖς

96 3913 230 4017 τρόπον
249 3913 330 3994 τινὰ
353 3918 415 4012 τῆς
437 3913 526 4016 πρὸς
552 3912 660 3993 αὑτὸν
681 3916 903 4019 ἐπιστροφῆς
932 3908 1199 3993 κατασκευάσαι
1226 3909 1297 4009 τήν·

41 4068 85 4125 30
97 4038 192 4118 ὁδόν·
223 4039 319 4138 βατὴ
338 4037 410 4139 γάρ
428 4039 590 4137 ούδαμῶς
614 4045 688 4121 τοῖς
712 4038 911 4140 ἀνθρώπων
929 4039 1039 4115 ποσὶν
1057 4035 1080 4133 ἡ
1100 4033 1287 4147 θάλασσα.

96 4171 256 4241 τοιοῦτον
281 4162 323 4241 δέ
343 4196 377 4240 τι
403 4163 522 4240 καὶέν
548 4167 622 4245 τοῖς
646 4161 777 4268 έφεξής
804 4157 895 4263 πρὸς
923 4159 1048 4241 αύτούς
1076 4191 1147 4236 που
1175 4156 1292 4257 λέγων

132 4323 158 4376 6.
176 4322 236 4376 οὐδὲ
250 4323 352 4393 Migne.
469 4334 493 4392 7.
512 4318 649 4389 παρόντες]
663 4321 755 4375 πάντες
769 4320 801 4374 Β.
920 4336 946 4388 9,
965 4317 1079 4385 καθάπερ
1092 4317 1176 4386 φησίν
1189 4315 1290 4382 Migne.

99 4409 140 4447 10.
160 4396 255 4461 ζητεῖτε
270 4393 302 4446 Β.
404 4409 444 4446 11.
462 4394 517 4448 τοῖς
528 4400 695 4460 assumptum
709 4408 740 4443 ex
757 4390 787 4443 B.
802 4389 872 4444 Catt.
975 4404 1015 4453 ¹4·
1034 4390 1089 4442 ταῖς
1100 4392 1151 4441 τῶν
1162 4385 1292 4438 Ἰουδαίαν

96 4464 192 4519 ἀνοίαις
206 4463 288 4518 Cord.
300 4463 383 4517 invito
395 4480 419 4516 a.
528 4462 569 4516 16.
587 4460 711 4515 ἀπολαύει
726 4461 758 4514 Β.
772 4461 842 4514 Catt.
855 4457 995 4512 ἀπολαύειν
1008 4457 1058 4512 Ed.
1171 4471 1211 4521 24.
1229 4454 1291 4508 ,οὐδέ

97 4535 130 4587 Β.
146 4535 186 4586 καὶ
200 4535 251 4588 Ed.
359 4535 401 4587 26.
420 4533 545 4602 προσήκει
561 4533 591 4586 Β.

141 4623 211 4666 τοι.
229 4623 251 4664 1.
461 4658 462 4662 ,
662 4622 681 4686 3
698 4621 715 4664 ς
