3038 5018
528 987 769 1064 ΚΕΦΑΛΗ
812 988 854 1066 Ζ.

117 1240 190 1306 Ὀτι
212 1247 269 1307 τῶν
291 1247 462 1325 θεοπρεπῶν
485 1243 659 1325 ἇξιωμθτων
679 1247 745 1326 ἤτοι
767 1244 1032 1324 πλεονεκτημάτων
1055 1245 1141 1309 οὐδέν
1163 1246 1201 1312 ὡς
1224 1247 1256 1309 ἐκ

454 1378 582 1458 μετοχῆς
603 1372 621 1454 ίη
644 1375 774 1439 ἐπακτὸν
796 1375 830 1438 έν
852 1375 924 1458 TW.

140 1579 225 1646 Οὐδὲ
253 1580 287 1654 τί
296 1604 312 1669 ρ
340 1582 358 1649 ὁ
385 1581 500 1669 Πατιίρ
529 1582 629 1671 κρίνει
657 1581 783 1663 οὐδένα,
811 1582 896 1647 ἀλλὰ
924 1581 982 1648 τείν
1011 1581 1112 1670 κρίσιν
1139 1585 1246 1647 πᾶσαν
1304 1608 1340 1648 να

56 1721 76 1781 5
539 1723 665 1789 δέδωκε
692 1727 739 1809 τῷ
765 1721 841 1809 Υίῲ.

1304 1829 1321 1870 e

141 1891 370 1974 ἝΤΕΡΟΝ
394 1894 551 2000 εἰσφέρει
578 1903 729 1997 πρᾶγμα
757 1895 948 1999 θεσπρεπές
974 1929 1013 1974 τε
1038 1894 1097 1972 καί
1121 1893 1293 1998 ἐξαίσιον,

92 2015 151 2097 διὰ
174 2023 328 2098 πολλῶν
345 2019 546 2099 ἀναπείθων
566 2017 620 2096 ότι
643 2017 735 2102 Θεός
760 2021 839 2096 ἔστι
865 2017 957 2097 κατὰ
983 2017 1175 2123 φύσινκαὶ
1196 2018 1289 2114 σἰλη·

92 2146 208 2224 θινῶς.
250 2142 318 2220 τίνι
343 2139 414 2244 γὰρ
440 2140 485 2221 ἂν
510 2143 568 2221 καί
591 2140 698 2248 ἑτέρῳ
723 2141 852 2242 πρέποι
878 2136 920 2220 τό
946 2147 1060 2244 κρῖναι
1083 2139 1149 2237 τὴν
1173 2144 1288 2218 οίκου·

91 2264 214 2363 μένην,
245 2270 273 2342 εί
303 2262 353 2362 μὴ
383 2262 481 2372 μόνῳ
512 2271 564 2372 τῷ
599 2268 656 2344 ἐπὶ
689 2262 827 2347 πάντας
859 2262 934 2344 ὄντι
964 2268 1057 2370 Θεῷ,
1088 2260 1130 2341 δν
1159 2260 1203 2360 δὴ
1236 2262 1294 2341 καί

45 2420 79 2460 ιο
92 2384 182 2490 πρδς
209 2395 315 2467 τοῦτο
343 2397 521 2468 καλοῦσιν
549 2393 585 2468 σί
613 2393 700 2468 θεῖαι
731 2389 906 2490 λέγουσαι
934 2391 1082 2491 γραφαί,
1110 2384 1197 2466 ποτέ
1227 2383 1292 2483 μέν

93 2509 294 2591 “Ἀνόστα
328 2514 349 2591 ό
382 2510 485 2609 Θεὸς,
518 2519 638 2616 κρῖνον
668 2512 734 2612 τὴν
765 2513 869 2614 γῆν·”
913 2509 1001 2592 ποτέ
1032 2512 1070 2589 δέ
1103 2509 1148 2588 αὖ
1180 2507 1292 2589 πάλιν
1338 2510 1450 2624 figas·

93 2631 215 2715 ““On
234 2635 253 2714 ὁ
273 2635 367 2720 θεὸς
385 2634 505 2738 κριτής
523 2637 614 2733 ἐστι,
627 2644 754 2714 τοῦτον
771 2643 935 2716 ταπεινοῖ
950 2636 1008 2714 καὶ
1027 2641 1154 2713 τοῦτον
1173 2631 1290 2738 ὖψοῖ.”
1339 2640 1462 2754 ἐὼν·

93 2755 262 2838 δεδόσθαι
290 2757 403 2860 γεμίην
431 2757 484 2852 την
515 2761 616 2866 κρίσιν
645 2759 758 2866 ἑαυτῷ
786 2766 880 2862 φησι
908 2756 1007 2861 παρὰ
1036 2764 1100 2836 τοῦ
1130 2753 1289 2859 Πατρός,
1356 2741 1363 2756 ’

93 2880 161 2986 οθχ
192 2883 241 2965 ὡς
273 2880 343 2986 ἔξω
375 2885 439 2980 τῆς
475 2882 534 2961 ἐπὶ
570 2880 685 2987 τούτῳ
724 2881 880 2977 κείμενος
917 2879 1094 2986 ἐξουσίας,
1125 2880 1209 2957 ἀλλ’
1245 2882 1328 2962 ὡςᾱ

45 3026 79 3087 ¹5
93 3002 282 3106 ἅνθρωπος
310 3010 547 3104 οἰκονομικῶς,
575 3004 871 3106 πρεπωδέστερον
899 3006 1106 3082 ἀνακεῖσθαι
1138 3006 1182 3105 τῇ
1216 3002 1294 3106 θείᾳ

93 3127 204 3236 φύσει
232 3126 278 3208 τὰ
303 3127 423 3208 πάντα
451 3127 642 3223 διδάσκων,
665 3128 705 3228 ἧς
734 3131 792 3207 καὶ
820 3127 925 3211 αὐτὸς
954 3125 1041 3206 εἴσω
1068 3123 1243 3223 βεβηκὼς,
1270 3122 1293 3229 ᾗ

92 3251 158 3351 μέν
190 3255 269 3333 ἐστι
302 3251 423 3355 Λόγος
459 3256 516 3332 καί
554 3249 658 3342 Θεὸς,
692 3252 828 3332 οἴκοθεν
861 3251 931 3356 ἔχει
969 3249 1035 3349 τὴν
1066 3249 1123 3354 ἐφ’
1155 3245 1295 3328 ἅπασιν

1342 3369 1418 3420 100r.
1428 3370 1461 3421 iv.

93 3376 274 3482 ἐξουσίαν·
305 3374 329 3482 ᾗ
355 3374 393 3457 δέ
418 3377 563 3479 γέγονεν
581 3376 781 3476 ἅνθρωπος,
799 3375 890 3479 πρὸς
909 3373 950 3455 δυ
969 3373 1104 3478 εἴρηταί
1118 3407 1190 3453 που
1208 3384 1229 3419 “
1246 3374 1298 3452 Τί
1342 3449 1364 3500 7·

94 3510 117 3548 ‘⁶
133 3498 205 3602 γὰρ
224 3500 314 3605 ἔχεις
332 3498 352 3579 δ
370 3501 434 3579 οὐκ
453 3496 613 3597 ἐ’λαβες,”
634 3496 795 3603 δεδέχθαι
813 3497 1022 3601 πρεπόντως
1040 3499 1222 3598 ὁμολογεῖ.

45 3651 82 3692 20
152 3623 252 3724 Πρός
270 3623 314 3723 δὴ
333 3633 446 3703 ταῦτα
462 3621 576 3705 πόλιν
589 3624 661 3725 ἐρεῖ
675 3657 728 3706 τις
746 3622 856 3726 τυχὸν
875 3628 947 3701 τῶν
966 3624 1008 3700 δι’
1025 3623 1184 3706 ἐναντίας
1199 3619 1294 3702 Ἰδοὺ

93 3746 285 3852 διαρῤήδην
321 3749 342 3827 ό
378 3747 466 3832 Υἱός
508 3744 561 3841 την
605 3749 706 3855 κρίσιν
750 3745 912 3851 δεδέχθαι
954 3748 1048 3850 φησὶ
1091 3744 1191 3847 παρὰ
1230 3753 1294 3824 τοῦ

96 3869 254 3975 Πατρός.
294 3870 472 3971 λαμβάνει
500 3869 537 3951 δέ
567 3872 614 3953 ὡς
642 3870 706 3948 οὐκ
734 3870 826 3973 ἔχων
850 3869 1000 3969 δηλαδή.
1040 3875 1117 3952 πῶς
1145 3869 1208 3948 οὖν
1230 3870 1323 3949 οὑκο

94 3991 138 4074 ἂν
156 3995 209 4094 εἴη
232 3993 359 4097 μείζων
382 3998 440 4074 καί
464 3994 802 4101 μεγαλοφυέστερος
829 3996 849 4073 ό
874 3991 990 4077 διδοὺς
1015 3992 1089 4092 μετ’
1109 3992 1292 4099 ἐξουσίας,

94 4126 158 4199 τοῦ
178 4119 342 4216 δεομένου
361 4124 510 4214 λσβεΐν;

134 4304 157 4341 2.
176 4288 210 4342 ὣς
228 4295 396 4357 assumptum
415 4305 447 4340 ex
468 4287 499 4340 B.
554 4286 582 4340 ἐκ
600 4296 626 4340 et
644 4285 659 4354 η
678 4302 732 4340 om.
751 4284 783 4338 B.
802 4286 998 4355 cf.supra112
1018 4286 1045 4338 in
1064 4286 1180 4355 capitum
1199 4284 1294 4338 indice.

96 4374 122 4428 3.
142 4360 177 4446 περ
191 4375 239 4426 pro
251 4358 279 4412 έν
293 4358 324 4411 B.
433 4376 459 4427 9.
478 4360 555 4426 μόνον
568 4375 591 4411 a.
604 4359 674 4427 μόνῳ
686 4355 766 4430 habet
779 4355 860 4410 cord.
966 4372 1007 4410 11.
1027 4357 1118 4425 κρίνων
1131 4355 1163 4411 Β.
1179 4356 1233 4426 (67.
1247 4354 1293 4422 al.)

99 4444 141 4482 12.
160 4451 218 4483 εστι
230 4445 283 4482 om.
299 4427 330 4481 B.
459 4444 501 4482 20.
520 4430 599 4482 ταῦτα
612 4428 665 4496 ε’ρεῖ
677 4449 716 4482 τις
728 4429 808 4480 τοῦτο
819 4428 897 4481 πάλιν
909 4428 988 4497 τυχὸν
1003 4427 1035 4481 Β.
1164 4442 1206 4480 21.
1226 4426 1294 4495 φησι

97 4497 216 4570 δεδέχθαι
229 4500 333 4554 inverso
346 4497 438 4554 ordine
453 4498 485 4552 B.
594 4514 637 4552 τι.
655 4496 700 4552 οὖν
711 4514 765 4551 om.
781 4497 812 4552 B.

648 4599 742 4647 uu2
