3038 5018
232 276 296 338 492
498 248 502 259 ’
535 277 1122 346 B.cYR1LL1ALExANDR.
1256 270 1437 358 τεηομ.

235 439 408 542 ὑποταγὴ,
432 446 692 545 προσκειμένου
719 442 880 545 μηδενὸς,
908 446 970 525 οὑκ
999 441 1044 522 ἀν
1068 439 1211 522 δὺναιτό
1238 472 1291 523 τις
1319 439 1439 543 ἀψευ-

234 561 350 663 δήσας
378 572 498 647 εἰπεῖν.
546 567 600 648 θτι
629 567 667 646 δὲ
695 568 784 668 αὑτὴ
813 570 894 649 καθ’
920 567 1048 667 ἑαυτὴν
1075 568 1141 670 οὑχ
1169 562 1320 667 ὑπάρξει
1346 559 1440 642 ποτὲ

236 689 311 766 κατ’
341 687 430 769 ἴδιον
458 690 571 792 λόγον
599 694 621 791 ἡ
655 691 829 795 ὑποταγὴ,
859 690 1062 796 παχύτερόν
1088 724 1165 772 πως
1195 692 1254 768 καὶ
1284 685 1438 789 ἐναργέ·

236 845 368 914 στερον
397 814 451 894 ἐπ’
482 817 600 895 αὑτῶν
632 817 700 917 ἤδη
733 822 805 896 τῶν
836 813 1044 915 ποιημάτων
1075 809 1338 915 καταγαγόντες
1373 808 1441 888 τόν

204 935 363 1038 δλόγον,
381 938 621 1040 θεωρησομεν·
653 940 758 1045 δέχου
777 939 818 1019 δέ
832 975 911 1021 τινα
929 942 986 1019 ἐπὶ
1004 940 1141 1022 τούτοις
1159 931 1436 1037 συλλογισμόν.
1455 956 1474 1017 5

238 1065 267 1139 εἶ
293 1058 364 1163 γάρ
388 1065 426 1141 ἐν
443 1069 494 1170 τῷ
522 1063 785 1144 ὑποτάττεσθαι
810 1064 852 1143 τὸ
878 1061 965 1151 εἶναι
991 1063 1155 1161 δώσομεν
1177 1066 1229 1168 τῷ
1253 1057 1441 1164 ἀνθρώπῳ

237 1184 357 1288 τυχὸν,
386 1184 427 1264 τὸ
455 1184 505 1284 μὴ
533 1183 621 1265 εἶναι
648 1187 791 1270 πάντως
819 1184 927 1266 αὑτὸν
953 1188 990 1265 ε’ν
1014 1192 1065 1292 τῷ
1092 1184 1142 1285 μὴ
1172 1179 1461 1294 ὑποτάττεσθαι.

238 1308 468 1409 λογιοὺμεθα·
498 1317 576 1395 πῶς
595 1312 657 1389 οὑν
676 1311 819 1413 ἐλέγετο
836 1309 927 1412 πρός
946 1345 1025 1389 τινα
1043 1308 1143 1411 παρά
1166 1316 1229 1387 τοῦ
1252 1309 1441 1412 μελῳδοῦ,

238 1435 286 1515 ὡς
312 1430 399 1511 ὄντα
423 1432 488 1530 μὲν
506 1433 574 1532 ἤδη
600 1440 657 1514 καὶ
683 1433 963 1539 ὑπάρχοντα,οὑ
985 1432 1124 1533 μὴνὲτι
1150 1433 1209 1512 καὶ
1233 1433 1439 1530 ὑποτεταγ-

72 1565 151 1681 {gvi
173 1640 186 1694 7
208 1566 216 1630 .'
238 1556 344 1654 με’νον
367 1566 389 1604 “
403 1557 629 1660 Ὺποτάγηθι
655 1561 720 1665 τῷ,
736 1558 856 1666 Κυρίῳ
882 1560 939 1637 καὶ
966 1557 1145 1636 ἱκέτευσον
1170 1553 1277 1636 αὑτόν
1289 1554 1322 1652 ;”
1353 1555 1445 1658 δρᾷς
1462 1584 1500 1626 10

153 1668 158 1680 ⁸
188 1666 195 1680 ⁰
239 1679 302 1783 οῦν
328 1679 425 1764 ὅπως
449 1680 601 1780 ἀνόητον
625 1685 752 1787 κομιδῇ
778 1682 819 1763 τὸ
846 1679 956 1779 αὑτὴν
982 1680 1181 1787 ὑφεστάναι
1207 1677 1289 1758 καθ’
1310 1675 1444 1775 εἀιπὴν

211 1800 379 1882 οοῖεσθαι
413 1802 479 1903 τὴν
509 1806 715 1909 ὑποταγην;
756 1807 883 1887 οὐκοῦν
914 1802 1052 1908 ἀνάγκη
1085 1811 1142 1885 καὶ
1175 1807 1445 1903 συνομολογεῖν

240 1924 410 2031 ὑπάρχειν
426 1962 464 2007 τε
489 1931 548 2008 καὶ
572 1926 660 2008 εἶναι
687 1928 750 2009 τόν
767 1931 857 2008 Υὶδν
876 1932 914 2007 ἐν
938 1929 1006 2033 ἰδίᾳ
1033 1929 1142 2033 φύσει
1166 1926 1352 2029 πρότερον,
1371 1921 1442 2003 εἷθ’

240 2053 351 2135 οὕτως
369 2054 428 2132 καὶ
448 2050 712 2133 ὑποτάττεσθαι
731 2052 849 2154 λέγειν
867 2058 918 2159 τῷ
939 2053 1069 2153 Πατρί.
1109 2054 1147 2133 τί
1169 2053 1242 2147 οῦν,
1261 2049 1344 2130 εἰπέ
1361 2081 1443 2147 μοι,

239 2175 282 2255 τό
301 2176 500 2280 ἀναγκάζον
519 2179 609 2275 ε’στὶ,
627 2177 691 2256 τὸν
709 2178 747 2255 ε’κ
765 2179 829 2275 τῆς
845 2175 969 2258 οὑσίας
988 2175 1075 2255 ὄντα
1092 2183 1156 2255 τοῦ
1179 2174 1443 2278 γεννήσαντος,
1463 2207 1498 2266 15

239 2299 304 2379 τὸν
326 2301 597 2401 ἀπαραποίητον
620 2304 682 2398 τῆς
709 2299 853 2405 φάσεως
883 2301 992 2378 αὑτοῦ
1020 2304 1239 2403 χαρακτῆρα,
1263 2302 1326 2396 τῆς
1350 2295 1448 2399 πρὸς

242 2422 350 2503 αὑτὸν
368 2424 584 2504 ἀποπίπτειν
603 2423 780 2524 ἰσότητος,
799 2420 858 2502 διά
876 2420 918 2502 τὸ
937 2422 1140 2523 πειθήνιον;
1169 2424 1268 2522 ἡμεῖς
1286 2420 1351 2520 μέν
1369 2419 1449 2523 γάρ

211 2618 216 2625 .
242 2546 333 2648 ὀρθὰ
353 2554 567 2648 φρονοῦντες
591 2550 648 2627 καὶ
674 2547 850 2649 λε’γοντες,
870 2547 1063 2644 ὑμοοὺσιον
1082 2548 1168 2627 ὄντα
1192 2554 1244 2654 τῷ
1270 2580 1445 2648 γεγεννη-

241 2671 321 2751 κότι
339 2670 575 2772 γινώσκομεν,
596 2675 655 2750 καὶ
673 2668 739 2769 τὴν
759 2672 813 2776 ἐφ’
834 2667 973 2749 ἅπασιν
993 2672 1171 2770 ἰσοτιμίαν
1189 2672 1285 2776 αὑτῷ
1301 2670 1447 2771 περιτί-

211 2774 361 2892 θθεμεν,
386 2797 443 2874 καὶ
469 2796 544 2874 κατ’
564 2796 690 2875 οὑδένα
715 2794 850 2896 τρόπον
872 2799 935 2894 τῆς
960 2800 1176 2898 θεοπρεποῦς
1201 2794 1304 2903 ἀξίας
1330 2793 1446 2893 ηττᾶ·
1466 2833 1503 2885 29

245 2925 334 2998 σθαι
367 2917 598 3020 λογιοὺμεθα·
648 2916 699 2997 σὺ
734 2919 777 2997 δέ
809 2952 870 3015 μοι
908 2916 1037 2999 σκόπει
1074 2918 1165 2999 κατὰ
1196 2922 1275 2999 τίνα
1307 2918 1454 3020 τρόπον

246 3045 409 3135 ἐκβαλεῖς
439 3047 501 3140 τῆς
535 3041 725 3145 ἱσομέτρου
756 3039 848 3143 πρὸς
880 3041 944 3121 τὸν
973 3042 1119 3145 Πατέρα
1150 3046 1255 3142 τιμῆς
1287 3040 1348 3120 διὰ
1381 3040 1455 3141 τὴν

247 3166 443 3268 λεγομένην
463 3166 655 3268 ὑποταγὴν,
675 3164 738 3246 τὸν
756 3173 829 3249 τοῖς
855 3164 948 3249 ἴσοις
973 3163 1276 3269 ἐπαγλαὶζόμενον
1297 3165 1456 3268 ἀγαθοῖς

247 3285 306 3366 διά
324 3288 389 3387 τὴν
408 3288 607 3387 ταντότητα
625 3295 688 3388 τῆς
707 3289 842 3373 οὑσίας.

304 3413 411 3490 Ἀλλ’
432 3412 518 3491 αὑτὸ
544 3411 588 3510 δὴ
611 3422 727 3508 τοῦτο,
746 3417 851 3518 φησὶ,
871 3422 944 3497 τοῖς
968 3416 1052 3515 παρ’
1076 3415 1178 3514 ἡμῶν
1200 3416 1456 3515 ἐπαγωνιεΐται
1469 3449 1505 3512 25

249 3533 384 3634 λόγοις,
402 3533 444 3614 τὸ
462 3537 650 3615 πείθεσθαι
670 3541 720 3642 τῷ
740 3540 858 3638 Πατρὶ
876 3536 939 3615 τὸν
955 3535 1055 3634 Υὶὸν,
1074 3543 1133 3617 καὶ
1150 3538 1365 3638 θελημάτων
1384 3538 1455 3638 μὲν

249 3666 322 3739 τῶν
341 3660 439 3738 ἰδίων
456 3661 497 3738 οῦ
525 3658 673 3763 σφόδρα
699 3659 908 3765 φροντίζειν,
928 3659 1031 3741 εἴκειν
1053 3660 1091 3741 δὲ
1116 3669 1261 3759 μᾶλλον
1284 3671 1359 3746 τοῖς
1386 3673 1454 3744 τοῦ

221 3779 409 3885 οΠατρὺς,
428 3786 476 3866 ὡς
496 3783 742 3885 ὑπερκειμένου
761 3784 929 3882 δηλονότι
948 3790 1005 3864 καὶ
1024 3786 1189 3887 μείζονος.

305 3908 414 3986 'AM’
435 3906 522 3986 αὑτὸ
541 3907 584 4006 δὴ
604 3916 709 3986 τοῦτο
729 3905 820 3986 κατά
838 3907 905 4007 τὴν
923 3906 1006 4009 σὴν,
1026 3905 1055 3986 ὦ
1073 3909 1185 4005 οὗτος,
1205 3908 1342 4013 φωνην,
1361 3911 1456 4013 ὅπερ

252 4032 315 4110 οἴει
347 4030 429 4115 τοὺς
462 4029 552 4114 σοὺς
583 4029 787 4139 ὠφελήσειν
821 4032 963 4132 λόγους,
994 4030 1107 4113 πάλιν
1140 4032 1259 4134 ἕτερον
1290 4033 1457 4135 εὑρήσεις
1470 4075 1508 4132 30

253 4153 404 4253 οὐδενί]
432 4160 495 4253 τῆς
521 4155 670 4254 ἐνούσης
696 4156 777 4252 ὑμῖν
799 4157 953 4252 ἀμαθίας
979 4155 1125 4257 καρπόν.
1166 4160 1194 4235 εὶ
1219 4153 1285 4255 μὲν
1310 4155 1387 4260 γὰρ
1414 4157 1457 4237 τὸ

292 4383 315 4418 1.
335 4365 442 4432 μηδενὸς
469 4365 534 4431 μηδέ
545 4387 613 4421 τινος
627 4365 659 4418 Β.
766 4383 792 4436 3.
811 4365 893 4434 r‘yom.
908 4367 940 4420 B.
1047 4383 1072 4439 5.
1092 4366 1263 4436 θεωρήσωμεν
1276 4365 1309 4420 Β.
1354 4368 1457 4425 Statim

254 4435 293 4488 ’δι’
312 4457 342 4488 ov
354 4434 384 4488 δι’
397 4434 428 4486 Β.
442 4363 472 4502 θη
486 4435 537 4488 Εδ.
664 4453 705 4490 12.
724 4437 765 4489 καὶ
777 4446 945 4507 assumptum
959 4457 990 4492 ex
1005 4438 1037 4493 B.
1166 4456 1207 4504 ¹⁴·
1226 4438 1266 4491 καὶ
1279 4451 1457 4512 assumptum

252 4520 285 4558 ex
326 4545 332 4558 .
443 4505 482 4557 16.
501 4505 608 4575 φύσεως
620 4508 699 4560 αὑτοῦ
711 4506 761 4561 hoc
775 4506 866 4562 ordine
880 4507 952 4562 RD.
1060 4525 1102 4562 21.
1122 4507 1318 4579 δηρςομοιΒ.
