3038 5018
86 329 116 369 v.
130 325 181 393 30.
261 306 319 370 IN
350 306 383 369 S.
407 306 662 371 JOANNEM.
709 307 876 373 LIB.II.
921 309 1022 374 CAP.
1047 309 1107 374 IX.
1218 309 1280 370 355

86 469 257 569 ἐκβίβηκε
290 467 415 572 λόγον,
443 471 484 552 ου’
514 470 625 568 μόνον
653 472 708 552 ὅτι
740 474 816 553 κατ’
846 475 954 554 ἐκεῖνο
988 480 1122 576 καιροῦ,
1149 472 1231 550 καθ’
1262 469 1282 549 δ

86 595 240 674 ἐσεσθαί
275 603 369 701 φησι
403 591 470 693 τὴν
501 601 573 676 τῶν
605 604 738 700 νεκρῶν
771 598 981 694 ἀναβίωσιν,
1014 598 1144 679 δίκαιος
1180 593 1283 674 ἔσται

87 718 206 818 κριτὴς
230 717 507 820 ἐπαγγέλλεται,
527 718 627 799 ἀλλά
644 719 716 823 γάρ
734 719 802 821 ἤδη
821 728 879 800 καὶ
898 720 944 800 τὰ
968 724 1005 800 ἐν
1023 722 1112 825 τῷδε
1138 724 1189 826 τῷ
1212 717 1282 823 βίῳ

85 841 282 943 πράγματα
301 843 430 943 κρίνειν
447 843 563 945 ὀρθῶς
581 846 638 922 καῖ
659 846 799 927 δικαίως
816 843 1078 947 διισχυρίζεται.
1118 844 1156 921 τί
1178 840 1216 921 δέ
1239 836 1283 938 ἦν

54 961 127 1042 5τδ
146 963 357 1067 ζητούμενον
376 960 398 1063 ἢ
422 967 479 1043 καῖ
505 967 562 1045 ἐπὶ
584 966 680 1044 τίσιν
699 965 794 1048 ὅλως
819 967 840 1045 ὁ
866 963 987 1066 λόγος,
1007 966 1110 1046 ἀκονε
1139 962 1279 1044 λοιπόν.

86 1085 256 1188 ἐγεννήθη
284 1088 327 1166 δι’
356 1088 448 1187 ἡμᾶς
476 1090 515 1167 ἐκ
543 1087 719 1191 γυναικός·
764 1090 811 1173 ὡς
839 1088 911 1192 γὰρ
939 1091 959 1168 ό
989 1087 1137 1171 Παῦλός
1166 1093 1318 1194 φησινι1

87 1222 108 1257 “
128 1212 209 1291 Οὐκ
237 1210 406 1313 ἀγγέλων
427 1211 721 1310 ἐπιλαμβάνεται,
743 1210 844 1291 ἀλλά
871 1211 1077 1315 σπέρματος
1094 1209 1278 1313 Ἀβραάμ·

88 1345 109 1384 “
128 1334 209 1415 ὅθεν
245 1333 377 1440 ὤφειλε
414 1332 507 1416 κατά
545 1334 666 1415 πάντα
704 1341 779 1420 τοῖς
819 1338 992 1441 ἀδελφοῖς
1031 1335 1280 1434 ὁμοιωθῆναι.”

87 1458 205 1559 ἐπειδὴ
234 1457 271 1539 δέ
297 1459 444 1562 γε’γονεν
467 1459 656 1561 ἀνθρωπος
684 1462 742 1541 καὶ
770 1463 807 1540 ἐν
828 1465 875 1566 τῇ
899 1467 963 1539 τοῦ
987 1459 1119 1539 δούλου
1143 1463 1281 1563 μορφῇ,

38 1614 74 1653 ιο
88 1583 211 1682 γέγονε
242 1585 301 1662 καὶ
333 1580 402 1663 {ab
433 1580 543 1679 νόμον
571 1584 591 1662 ὁ
624 1583 817 1683 νομοθέτης
847 1587 895 1679 ὡς
924 1581 1016 1666 Θεὸς
1051 1584 1109 1661 καὶ
1139 1582 1283 1684 Κύριος.

87 1712 197 1785 λαλεῖ
218 1714 408 1808 τοιγαροῦν
425 1704 513 1785 ποτέ
538 1703 604 1803 μέν
623 1709 671 1791 ὡς
697 1705 767 1787 ἀπὸ
792 1706 912 1805 νόμον,
929 1703 1016 1787 ποτέ
1041 1705 1079 1785 δέ
1105 1706 1149 1784 αὖ
1173 1703 1286 1786 πόλιν

1327 1204 1395 1253 Heb.
1408 1205 1435 1254 ii.

1330 1269 1368 1330 16,
1382 1279 1419 1332 17.

88 1831 136 1910 ὡς
164 1825 253 1930 ύπέρ
280 1827 343 1909 τὸν
368 1828 488 1929 νόμον,
512 1835 570 1910 καί
595 1829 865 1933 ἀκατηγόρητον
888 1833 941 1910 ἐπ’
965 1833 1102 1934 ἀμφοῖν
1126 1829 1196 1933 ἔχει
1220 1827 1286 1929 τὴν

87 1952 268 2056 ἐξουσίαν.
303 1952 504 2056 διαλέγεται
522 1954 560 2034 δέ
579 1957 655 2033 νυνὶ
673 1951 764 2057 πρὸς
783 1954 984 2051 Ἰουδαίους,
1004 1957 1052 2037 ὡς
1071 1953 1289 2060 νομοφύλαξ
1298 1986 1315 2028 e

88 2079 145 2153 καῖ
174 2075 372 2177 ἅνθρωπος,
397 2081 445 2160 ὡς
473 2079 538 2156 οὐκ
565 2074 663 2161 εῖδῖος
690 2077 924 2179 παραβαίνειν
951 2075 1015 2161 τάς
1043 2075 1179 2156 ἀνωθεν
1207 2078 1283 2179 ὁρι-

38 2222 74 2281 15
88 2200 239 2281 σθεῖσας
271 2198 430 2297 ἐντολὰς,
458 2199 538 2280 ούδέ
570 2199 643 2281 ἀπὸ
673 2199 819 2303 γνιόμης
850 2200 977 2287 οῖκείας
1008 2199 1219 2304 ἀνεχόμενύς
1251 2234 1286 2279 τι

88 2329 210 2418 ποιεῖν,
234 2321 254 2402 ό
278 2322 328 2421 μὴ
355 2328 406 2430 τῷ
431 2325 513 2432 θείῳ
539 2323 637 2432 νόμῳ
662 2329 838 2404 συνδοκεῖ.
879 2320 938 2403 διὰ
964 2322 1070 2404 τοῦτό
1099 2329 1215 2430 φησιν
1233 2329 1286 2403 Ού

89 2441 236 2546 δύναμαι
267 2445 336 2548 ἐγῶ
369 2453 470 2527 ποιεῖν
498 2455 562 2528 ἀπ’
593 2451 736 2551 ἐμαυτοῦ
768 2444 863 2543 ούθέν,
893 2445 1003 2531 καθάς
1036 2446 1147 2527 ἀκούω
1181 2452 1284 2551 κρίνω·

89 2570 201 2675 ἑαυτῷ
229 2570 267 2649 δέ
295 2569 336 2648 τὸ
364 2568 413 2668 μὴ
442 2571 620 2650 δύνασθαί
644 2604 678 2648 τι
706 2578 818 2650 ποιεῖν
840 2569 903 2677 ἀφ’
928 2572 1054 2649 ἑαυτοῦ
1081 2576 1283 2672 μαρτυρῶν,

90 2691 109 2771 δ
127 2690 178 2791 μὴ
196 2691 339 2777 πάντως
356 2697 433 2773 ἐστὶ
453 2697 510 2774 καῖ
529 2693 681 2794 θελητὸν
699 2699 750 2801 τῷ
770 2693 878 2801 νόμῳ,
899 2696 1027 2795 κρίνειν
1045 2728 1085 2772 τε
1110 2697 1202 2772 οὕτω
1227 2699 1286 2772 καὶ

37 2851 76 2890 20
90 2816 240 2918 δικοίζειν
264 2824 337 2900 τοῖς
361 2817 585 2920 πράγμασιν,
609 2815 733 2918 ὥσπερ
761 2815 806 2895 ἀν
831 2819 994 2912 ἀκούσω,
1020 2814 1285 2918 διαγορεύοντος

90 2938 258 3039 δηλονότι
282 2951 345 3020 τοῦ
372 2939 491 3036 νόμου,
510 2940 573 3024 τάς
598 2948 670 3020 τῶν
686 2940 868 3019 Ἰουδαίων
886 2941 1063 3023 ἀπειθείας
1088 2937 1283 3045 ἐξελέγχει,

90 3065 148 3140 καὶ
166 3062 309 3164 τρόπων
328 3064 445 3142 αὐτῶν
466 3067 672 3164 ἀπογυμνοῖ
685 3061 728 3141 τδ
746 3061 897 3168 ἐξήνιον.
937 3069 1044 3140 τοῦτο
1067 3061 1139 3163 γὰρ
1160 3061 1203 3160 δὴ
1229 3065 1317 3139 καῖε
1341 3080 1402 3134 241
1414 3081 1453 3134 A.

90 3186 300 3290 ύπεμφαίνει
328 3191 449 3270 καλῶς
476 3187 674 3282 τεθειμένον
693 3185 734 3264 τό
758 3191 811 3266 Οὐ
833 3180 980 3290 δύναμαι
1008 3181 1076 3286 ε’γῖι
1102 3189 1202 3264 ποιεῖν
1222 3189 1285 3263 ἀπ’

90 3309 235 3411 ε’μιιυτοῖι
255 3304 352 3406 οὐδὲν,
373 3312 452 3388 ἀντὶ
470 3318 534 3389 τοῦ
552 3310 674 3406 Ὑμεῖς
693 3308 910 3413 ἀφυλάκτως
928 3307 993 3391 τάς
1016 3309 1183 3391 δοθείσας
1206 3311 1288 3405 ὑμῖν

39 3463 76 3521 25
90 3433 372 3533 παραβαίνοντες
400 3431 559 3531 ἐντολὰς,
583 3432 704 3512 πάντα
731 3430 901 3533 πράττειν
925 3433 988 3536 ἀφ’
1013 3432 1148 3510 ἑαυτῶν
1172 3434 1220 3513 ὡς
1247 3429 1291 3534 ἐξ

90 3554 276 3636 ἀκινδύνου
312 3557 441 3636 λοιπὸν
475 3555 714 3657 ἐθαρσήσατε,
749 3559 806 3634 καῖ
844 3551 909 3637 τοῖς
944 3555 1000 3660 ἐφ’
1036 3551 1180 3662 ἐκάστφ
1216 3559 1289 3633 τῶν

90 3677 314 3781 πραγμάτων
346 3681 478 3782 κρίσεις
510 3680 574 3758 ούκ
606 3676 876 3762 ἀκολουθούσας
910 3685 983 3763 τοῖς
1016 3678 1137 3759 θεόθεν
1168 3682 1285 3757 διατε·

91 3803 279 3905 ταγμένοις
303 3808 482 3883 ποιεῖσθαι
505 3800 734 3904 σπουδάζετε.
774 3801 958 3883 διδάσκετε
983 3803 1055 3904 γὰρ
1074 3813 1095 3848 “
1109 3807 1284 3881 διδασκα-
1332 3807 1455 3939 ξηΜὲθλ·

91 3939 112 3973 “
132 3928 213 4011 λίας
231 3929 436 4024 ἐντάλματα
456 3925 685 4029 ἀνθρώπων,”
697 3927 755 4005 καὶ
775 3924 883 4025 νόμον
898 3923 1082 4025 ὡρίσασθε
1102 3922 1143 4001 τὸ
1162 3929 1288 4002 οῖκεῖον
1367 3909 1374 3922 ’
1403 3910 1409 3923 '

39 4083 77 4139 30
91 4051 243 4149 θέλημα.

127 4260 153 4315 5.
173 4241 324 4313 ζητούμενον
336 4242 415 4297 edidi.
429 4246 575 4312 κρινόμενον
587 4245 642 4311 ἤτοι
655 4243 684 4295 τὸ
698 4241 848 4309 ζητούμενον
860 4240 891 4294 Β.
905 4243 1051 4324 κρινόμενον
1061 4239 1112 4293 Ed.
1155 4238 1170 4306 ἢ
1183 4246 1210 4291 et
1221 4237 1290 4294 ὅλως

93 4316 168 4387 [ὅλος
178 4312 260 4385 Cod.]
270 4323 407 4383 assumpta
419 4331 451 4367 ex
463 4313 495 4368 Β.
570 4330 609 4367 10.
622 4312 714 4382 γέγονε
726 4328 780 4365 om.
792 4312 823 4365 B.
859 4307 1289 4378 δνομοθετηςροεῑΚύριοςῑε.Β.

95 4403 135 4439 12.
155 4387 200 4438 τὸν
211 4393 380 4507 assumsstum
393 4401 425 4437 ex
440 4383 473 4439 B.
573 4401 613 4450 ιη.
632 4384 666 4438 ὣς
678 4399 731 4435 om.
746 4381 778 4435 B.
882 4380 922 4435 16.
942 4381 1178 4434 συνδοκεῖ-ποιεῖν
1189 4396 1243 4432 om.
1256 4377 1289 4432 B.

94 4473 135 4522 19.
155 4454 221 4509 οὕτω
234 4472 288 4508 om.
329 4494 335 4506 .
516 4471 558 4525 ²3·
576 4451 733 4522 τεθεωμίνον
746 4451 779 4505 Β.
838 4454 921 4505 ποιεῖν
933 4460 992 4520 post
1005 4449 1080 4503 ούδέν
1092 4449 1243 4519 transponit
1256 4447 1289 4502 Β.

93 4542 135 4598 25.
154 4526 354 4594 παραβαίνοντες
367 4541 421 4579 om.
436 4525 469 4580 B.
577 4524 620 4578 28.
638 4523 807 4578 διδασκαλίας
822 4521 890 4577 Β.Ι).
904 4522 1073 4577 διδασκαλίαν
1086 4519 1136 4575 Ed.

650 4623 736 4671 ΖΗ
