3038 5018
72 294 113 359 vi.
126 316 241 384 32,33.
277 297 329 361 IN
360 298 393 363 S.
418 297 674 363 JOANNEM.
720 296 905 362 LIB.III.
952 296 1054 361 CAP.
1071 295 1132 359 VI.
1206 292 1271 359 467

72 463 236 542 τουτέστι
268 461 381 543 πάλιν
409 465 461 544 Τί
489 466 569 544 ε’στι
601 472 730 558 τοῦτο;
768 469 826 543 καὶ
856 462 999 562 νοήσεις
1026 463 1194 556 ἐντεῦθεν,
1223 461 1271 542 ὡς

72 583 202 681 ἔμελλε
219 585 320 688 παρὰ
337 593 410 666 τῶν
424 589 606 668 Ἰουδαίων
623 587 917 689 ἀγνοηθήσεσθαι
935 581 1108 687 Χριστός.
1140 581 1181 664 τὸ
1200 580 1305 684 γάρᾶ

73 709 121 791 ὡς
150 710 188 787 ἐν
218 709 319 818 τύπῳ
351 718 514 814 κρατοῦν,
545 713 603 790 καὶ
636 711 690 791 ἐπ’
722 712 830 810 αὐτῆς
863 709 973 816 ἔδειξε
1005 712 1069 808 τῆς
1102 708 1272 806 ἀληθείας

74 832 277 935 ίσχύσανῆ
305 841 422 937 πεῖρα.
1058 934 1064 943 ·

41 973 60 1033 5
130 967 152 1003 “
173 953 262 1037 Εἷπε
292 957 331 1038 δὲ
360 961 525 1057 Μωυσῆς
557 955 649 1061 πρὸς
679 956 806 1042 αύτούς
836 959 973 1051 Μηδεὶς
1005 953 1272 1057 ἐγκαταλιπίτω
1318 957 1412 1087 {yffi

75 1089 96 1127 ‘⁶
115 1080 176 1160 ἀπ’
202 1083 311 1161 αὐτοῦ
338 1082 403 1166 ἕως
429 1081 473 1161 τὸ
500 1080 604 1184 πρωί
634 1084 693 1162 καὶ
717 1082 780 1163 ούκ
807 1081 969 1182 ἤκουσαν
989 1085 1148 1184 Μωυσῆ,
1173 1075 1273 1156 ἀλλά
1321 1101 1359 1140 ²⁰·
1414 1059 1421 1081 ’

74 1214 96 1251 ‘⁴
114 1202 308 1284 κατέλιπον
327 1207 386 1285 ἀπ’
406 1207 516 1284 αὐτοῦ
540 1238 632 1289 τινες
659 1211 707 1289 είς
732 1203 775 1284 τὸ
799 1202 904 1307 πρωί,
923 1205 981 1283 καὶ
1008 1201 1145 1310 ἐξέζεσε
1170 1200 1272 1279 σκιά·

76 1335 97 1371 “
116 1337 231 1425 ληκας
259 1335 317 1407 καὶ
345 1326 510 1430 ἐπώζεσε,
534 1333 593 1409 καὶ
620 1328 815 1432 ἐπικράνθη
842 1330 896 1408 ἐπ’
923 1325 1051 1411 αύτούς
1073 1323 1273 1424 Μωυσῆς.”

75 1447 117 1529 τὸ
143 1450 239 1553 πρωῒ
265 1451 378 1531 πάλιν
403 1456 441 1531 ἐν
465 1451 614 1550 τούτοις,
633 1450 696 1532 τὸν
718 1451 889 1556 λαμπρὸν
913 1452 1076 1550 ἡμῖνκαὶ
1101 1451 1273 1556 διαφανέ·

26 1606 63 1646 10
75 1608 213 1654 στατον
247 1579 312 1673 τῆς
348 1585 413 1657 τοῦ
450 1581 619 1680 Σωτῆρος
655 1577 756 1676 ἡμῶν
793 1578 978 1674 ἐπιδημίας
1019 1574 1305 1673 κατασημοίνειο
1412 1642 1417 1657 .

76 1697 209 1799 καιρὸν,
227 1698 286 1779 ὅτε
304 1698 502 1800 λελυμένης
518 1698 654 1803 τρόπον
671 1697 751 1780 τινά
769 1705 832 1799 τῆς
852 1733 890 1778 τε
913 1698 1005 1777 κατά
1026 1697 1135 1796 νόμον
1154 1704 1274 1794 σκιᾶς,

77 1824 136 1899 καὶ
154 1826 218 1920 τῆς
236 1826 274 1902 ἐν
292 1833 365 1909 τοῖς
385 1825 526 1905 ε”θνεσιν
543 1823 680 1930 ἀχλύος
698 1828 916 1922 διαβολικῆς,
936 1820 1056 1928 φωτὸς
1074 1821 1158 1920 ἡμῖν
1176 1821 1277 1919 δίκην

77 1944 255 2027 ἀνέτειλεν
286 1949 305 2026 ὁ
340 1947 562 2050 Μονογενῆς,
593 1952 651 2027 καὶ
687 1947 814 2051 ὄρθρος
852 1947 990 2051 ἐδείχθη
1027 1945 1275 2043 πνευματικός.

77 2069 254 2150 ἐπιτάττει
287 2073 405 2152 τοίνυν
436 2075 456 2151 ὁ
488 2071 660 2173 μακάριος
692 2075 858 2169 Μωυσῆς
890 2068 933 2147 τὸ
965 2073 1002 2149 ἐν
1032 2067 1134 2176 τύπερ
1165 2067 1279 2148 πάλιν

28 2225 64 2283 15
78 2190 195 2283 μάννα
221 2193 272 2295 μή
302 2195 659 2293 καταλιμπάνειν“είς
691 2193 734 2275 τὸ
765 2193 871 2297 πρωί.
924 2194 1175 2275 ἀνατείλαντος
1206 2190 1277 2293 γάρ

78 2317 163 2415 ἡμῖν
180 2326 244 2398 τοῦ
263 2319 564 2420 μνημονευθέντος
583 2321 712 2420 ἀρτίως
735 2325 869 2421 καιροῦ,
888 2320 1050 2419 περιτταὶ
1072 2313 1202 2397 λοιπὸν
1219 2316 1278 2395 καὶ

79 2440 218 2544 ἀκαιροι
246 2451 433 2528 παντελῶς
468 2448 503 2523 αἱ
534 2442 626 2523 κατά
658 2441 722 2522 τὸν
751 2441 861 2538 νόμον
888 2444 997 2538 σκιαὶ,
1026 2439 1085 2520 διά
1116 2439 1182 2541 τῆν
1209 2440 1278 2541 ήδη

79 2574 269 2667 παροῦσαν
301 2565 483 2667 ἀλήθειαν·
528 2573 681 2669 πρᾶγμα
713 2565 751 2644 δὲ
784 2564 896 2650 ὅντως
929 2569 1081 2670 ἀχρεῖον,
1111 2563 1276 2663 ἀναλάμ·

80 2694 221 2794 ψαντος
248 2691 316 2788 ἤδη
341 2696 519 2793 Χριστοῦ,
545 2689 611 2790 τήν
636 2693 674 2769 ἐν
699 2687 796 2796 νόμῳ
825 2689 1053 2789 δικαιοσύνην
1078 2690 1098 2768 ὃ
1128 2694 1306 2771 Παῦλοςι
1333 2711 1395 2768 319
1404 2709 1446 2765 Δ.

28 2850 68 2891 το
81 2814 242 2919 ἀπεδειξε
271 2815 389 2915 λέγων
412 2817 494 2917 περὶ
522 2815 640 2910 αὐτοῦ,
667 2824 690 2860 “
704 2815 747 2892 δι’
769 2811 810 2891 δν
833 2812 878 2891 τά
904 2811 1023 2893 πάντα
1051 2811 1277 2916 ἐζημιώθην,”
1322 2811 1389 2942 {³¹¹9ss
1402 2811 1438 2862 Β·

80 2937 126 3016 τὰ
155 2939 205 3017 ἐν
221 2936 318 3046 νόμερ
346 2938 513 3039 δηλονύτι
540 2937 762 3042 καυχήματα,
792 2948 813 2983 “
828 2941 885 3016 καὶ
917 2937 1073 3038 ήγοῦμαι
1104 2935 1280 3030 σκύβαλα
1314 3034 1319 3043 ¹

82 3071 104 3108 “
122 3057 221 3158 εἶναι,
238 3060 296 3140 ίνα
318 3060 483 3162 Χριστὸν
504 3065 661 3163 κερδανῶ
687 3063 745 3140 καὶ
772 3063 903 3163 εύρεθῶ
929 3064 967 3139 ἐν
991 3060 1087 3167 αὐτῷ
1111 3056 1162 3158 μή
1187 3057 1280 3163 ε”χων

83 3195 104 3231 “
121 3182 211 3286 ἐμήν
243 3185 472 3285 δικαιοσύνην
503 3183 570 3283 τῆν
599 3187 637 3264 ἐν
666 3183 775 3293 νόμῳ,
806 3184 907 3264 ἀλλά
938 3183 1005 3283 τῆν
1035 3181 1093 3263 διά
1122 3181 1279 3266 πίστεως

82 3321 104 3356 “
122 3312 246 3411 Ἰησοῦ
275 3309 474 3414 Χριστοῦ.”
519 3311 605 3415 ὁρᾷς
633 3309 697 3388 οὖν
724 3307 822 3392 ὅπως
850 3312 898 3393 ὡς
925 3305 1043 3412 σοφὸς
1071 3304 1280 3413 ἐφυλάξατο

30 3456 68 3516 25
83 3432 125 3512 τὸ
143 3433 194 3534 μή
213 3434 494 3533 καταλιμπάνειν
512 3439 560 3516 εἷς
578 3430 620 3513 τὸ
643 3431 759 3534 πρωΐ,
791 3430 903 3515 τύπος
927 3432 961 3510 δ’
982 3429 1028 3510 ἀν
1046 3427 1112 3511 εἶεν
1131 3435 1165 3510 oi
1188 3428 1279 3532 πρὸς
1305 3462 1311 3472 ·

84 3556 125 3638 τὸ
147 3558 241 3662 πρωί
264 3557 495 3662 τηρήσαντες,
515 3561 578 3656 τῆς
596 3553 806 3656 ἀπειθήσειν
823 3555 1033 3655 μελλούσης
1059 3555 1155 3662 αύτῷ
1178 3568 1278 3655 πλη·

84 3683 168 3766 θύος
185 3685 390 3782 Ἰουδαϊκῆς,
410 3679 462 3764 οἶς
484 3682 542 3762 καὶ
566 3679 608 3762 τὸ
630 3678 780 3763 ε’ντόνως
799 3678 933 3761 ε’θίλειν
950 3677 1014 3759 τὸν
1032 3680 1070 3756 ἐν
1089 3675 1280 3781 γράμμασι

84 3811 239 3906 τηρῆσαι
267 3805 386 3904 νόμον,
415 3808 474 3885 καὶ
505 3804 663 3907 σαπρίας
693 3807 752 3885 καὶ
782 3802 983 3902 σκωλήκων
1009 3801 1113 3881 ἔσται
1145 3804 1314 3903 mpod-b

124 3991 147 4028 1.
166 3974 286 4028 τουτέστι
298 3971 389 4044 πάλιν]
403 3973 460 4028 ἀντὶ
472 3976 519 4027 τοῦ
532 3972 650 4044 Nikeph.
758 3989 784 4043 5.
804 3970 996 4043 ίγκαταλιπίτω
1010 3970 1042 4025 Β.
1055 3967 1215 4024 κατολιπίτω
1229 3967 1279 4022 Ed.

84 4044 111 4099 6.
129 4047 158 4098 τὸ
170 4055 339 4115 assumptum
352 4063 385 4099 ex
399 4043 432 4098 Β.
525 4057 550 4111 7.
568 4045 690 4114 ἐξέζεσαν
702 4046 833 4111 σκώληκες
846 4044 879 4097 Β.
969 4044 994 4097 8.
1014 4042 1146 4107 ἐπῶζεσαν
1159 4040 1191 4094 Β.
1239 4037 1279 4093 ἐπ’

85 4116 175 4172 αὐτοὺς
189 4115 221 4169 Β.
234 4117 290 4186 (55.
303 4116 320 4171 8
340 4115 360 4183 .)
372 4114 412 4170 ἐπ’
425 4115 511 4172 αὐτοῖς
524 4115 576 4169 Ed.
659 4115 737 4186 9-18.
757 4116 829 4168 citat
841 4113 958 4184 Nikeph.
972 4115 990 4168 i.
1004 4111 1064 4184 736.
1151 4126 1191 4164 10.
1210 4108 1281 4177 ἡμῶν

85 4196 253 4255 assumptum
266 4204 298 4239 ex
311 4130 430 4255 Μίκρου.
552 4203 593 4241 ιι.
611 4208 639 4239 τε
651 4202 705 4238 om.
720 4184 753 4238 B.
766 4184 847 4240 habet
859 4183 976 4253 Nikeph.
1102 4197 1143 4252 13.
1162 4180 1232 4249 ἐδείχ

85 4257 213 4311 ἀνέτειλεν
225 4258 301 4311 iterat
314 4256 346 4311 B.
359 4257 463 4328 ἐδείχθη
475 4255 557 4312 habet
568 4256 639 4311 Nike
658 4255 685 4308 b.
872 4271 913 4321 14.
930 4254 1010 4308 πάλιν
1021 4259 1189 4340 assumptum
1201 4267 1233 4302 ex
1273 4289 1281 4303 .

87 4328 210 4381 Deestin
224 4327 341 4397 Nikeph.
451 4341 492 4399 17.
511 4329 557 4381 τὸν
567 4343 621 4381 om.
635 4343 647 4380 ι
663 4325 753 4394 ikeph.
855 4341 897 4379 20.
916 4324 947 4378 τὸ
959 4341 1013 4376 om.
1028 4323 1061 4376 Β.
1109 4320 1233 4390 εζημιὼθη
1247 4319 1280 4374 Β.

88 4415 130 4452 21.
149 4398 263 4469 ἡγούμην
275 4397 307 4452 Β.
478 4414 520 4453 22.
540 4395 658 4465 κερδ’σω
671 4393 704 4448 Β.
873 4411 916 4461 24.
935 4392 1005 4449 ὅπως
1018 4392 1064 4464 ὥς]
1078 4390 1146 4448 ὅπως
1157 4390 1234 4446 οδνίο
1249 4389 1281 4444 Β.

87 4486 130 4558 35.
141 4490 179 4593 λτο
192 4470 266 4593 pff
278 4486 332 4594 off.
347 4468 380 4523 B.
471 4483 567 4539 25-p.
578 4419 639 4534 ιάθ,
653 4483 677 4521 2.
699 4466 771 4521 Citat
784 4463 901 4535 Nikeph.
914 4465 931 4520 i.
946 4477 1007 4536 737.
1098 4477 1141 4534 τη.
1160 4459 1282 4533 ἐντόνως]

86 4563 141 4594 εντε
161 4562 194 4596 ως
234 4556 296 4610 lep
318 4582 324 4596 .

647 4638 737 4707 302
