3038 5018
229 301 292 365 142
533 298 571 363 B.
596 297 807 362 CYRILLI
837 295 1123 361 ALEXANDR.
1244 338 1246 343 -
1340 291 1361 355 i.
1379 311 1427 372 14.

59 476 98 524 Ro
266 461 620 494 .,...
761 453 1429 507 ,.“.....,,.

59 491 160 604 stiffi.
229 467 284 544 διο
309 498 368 543 και
393 498 431 541 εν
449 497 501 569 τερ
522 467 705 561 Πνευματι
727 494 836 540 αυτου
890 459 1061 563 κραζομεν
1090 466 1203 554 Αββα
1227 494 1248 537 ο
1272 490 1393 556 πατηρ

229 594 361 687 σκηναί
382 584 420 666 δὲ
446 585 605 686 ὁΛόγος
632 589 678 668 ὡς
704 586 742 664 ἑν
765 592 890 681 πᾶσιν,
908 586 947 664 ἐν
969 585 1020 663 ἑνὶ
1044 589 1095 689 τῷ
1121 583 1163 662 δι’
1188 582 1280 681 ἡμᾶς
1305 583 1366 659 καὶ
1389 579 1435 686 έξ

61 790 71 826 ¹
99 708 160 826 ¹¹¹¹}
194 711 331 809 Βήμῶυ
349 711 525 819 ληφθέντι
543 717 626 819 ναῷ,
644 713 702 791 ἵνα
719 712 858 797 πάντας
876 711 968 814 έχων
985 713 1022 790 ἐν
1040 710 1165 815 ἑαυτῷ,
1184 720 1205 755 “
1219 711 1431 787 ἀποκαταλ-

91 814 99 839 ’
230 845 252 882 “
271 833 368 940 λάξη
392 834 529 917 πάντας
554 838 592 915 ἑν
610 837 660 914 ἑνὶ
678 835 822 931 σάματι
840 833 930 936 πρδς
948 832 1013 913 τόν
1032 833 1210 936 Πατέρα,”
1229 829 1391 933 καθάπερ
1411 833 1431 909 ό

232 959 381 1040 Παῦλός
400 964 508 1066 φησι.
1447 978 1466 1038 5

231 1309 290 1376 Καί
318 1309 525 1387 ἐθεασάμεθα
557 1308 617 1376 τείν
645 1308 745 1377 δόξαν
772 1309 880 1390 αὐτοῦ,
907 1308 1005 1377 δόξαν
1032 1309 1079 1374 ὡς
1104 1307 1311 1383 Μονοτενοῦο
1340 1308 1430 1396 παρὰ

465 1453 605 1540 Πατρός,
634 1453 762 1538 πλιίριιι
790 1453 921 1539 χάριτος
949 1452 1002 1516 καί
1029 1451 1193 1517 ἀληθείας.

287 1667 411 1769 Σάρκα
430 1672 647 1769 γεγενῆσθαι
663 1666 727 1746 τὸν
745 1667 868 1767 Λόγον
887 1666 1006 1763 εἰπὼν,
1025 1667 1208 1746 τουτείττιν
1227 1664 1431 1768 ἀνθρωπου,
1512 1727 1515 1731 ,

200 1795 302 1890 ακαί,
335 1797 383 1875 εἰς
419 1791 652 1898 ἀδελφότητα
684 1789 901 1892 καταγαγὼν
933 1789 998 1889 τὴν
1028 1789 1118 1891 πρδς
1150 1788 1196 1869 τά
1227 1792 1342 1868 δοῦλα
1374 1793 1432 1868 καί

230 1912 423 2014 ποιήματα,
443 1916 618 2022 φυλάττει
646 1919 705 1996 καί
734 1917 844 1998 οὕτως
873 1916 1035 2016 ἀκέραιον
1058 1916 1153 2021 αὐτῷ
1177 1911 1219 1993 τὸ
1240 1914 1432 2015 θεοπρεπὲς
1450 1947 1489 1984 ¹0

230 2039 383 2146 ἀξίωμα,
403 2043 459 2120 καί
485 2044 549 2139 τῆς
573 2040 722 2137 ἐνούσης
748 2041 844 2146 αὐτῷ
868 2042 1041 2139 πατρικῆς
1068 2037 1239 2138 ἰδιότητος
1263 2038 1433 2117 ἀναπλέω

229 2161 343 2244 πάλιν
368 2161 456 2242 ὅντα
480 2164 640 2244 δεικνύει.
678 2160 816 2264 πέπηγε
846 2163 916 2265 γάρ
944 2162 1055 2247 ὅντως
1083 2163 1105 2261 ἡ
1133 2163 1210 2242 θεία
1237 2161 1348 2265 φύσις
1375 2161 1432 2267 ἐφ’

230 2287 349 2392 ἑαυτῇ,
368 2285 434 2385 τὴν
451 2289 509 2393 ἐφ’
530 2285 651 2390 ἕτερόν
668 2320 704 2365 τι
728 2285 966 2390 παρατροπηυ
985 2286 1049 2365 οόκ
1072 2285 1266 2388 ἀνεχομένη
1289 2290 1432 2381 παθεῖν,

231 2409 368 2514 ἔχουσα
396 2408 434 2489 δὲ
463 2417 610 2509 μᾶλλον
634 2408 808 2493 ὡσαύτως
833 2412 896 2506 ἀεὶ,
917 2411 975 2489 καί
1001 2412 1038 2489 ἐν
1061 2416 1134 2491 τοίς
1159 2411 1258 2491 ἰδίοις
1285 2411 1435 2489 ἑστῶσα
1460 2448 1469 2455 ·

231 2532 553 2633 πλεονεκτήμασιν.
592 2536 720 2614 οὐκοῦν
738 2539 768 2614 εἰ
786 2537 845 2614 καί
870 2533 990 2635 σάρκα
1013 2534 1107 2639 φησί
1131 2536 1345 2634 γεγενῆσθαι
1370 2528 1434 2612 τόν
1452 2565 1491 2624 15

232 2656 357 2756 Λόγον
376 2658 395 2736 ό
415 2655 702 2760 Εύαγγελιστὴς,
720 2659 806 2738 ἀλλ’
826 2659 868 2736 ού
892 2664 969 2740 ταῖς
997 2660 1060 2756 τῆς
1082 2653 1218 2756 σαρκδς
1236 2656 1435 2741 ἀσθενείαις

233 2782 341 2861 αὑτὸν
360 2786 565 2882 νενικῆσθαι
586 2780 846 2886 διισχυρίζεται,
866 2780 945 2861 ούδὲ
969 2783 1033 2879 τῆς
1056 2778 1290 2885 ἀρχαιοτάτης
1309 2780 1435 2884 ἰσχύος

198 2924 272 2988 ατε
291 2909 348 2984 καὶ
369 2905 476 3012 δόξης
495 2909 702 3003 ἀποπεσεῖν,
722 2906 910 3008 ἐπειδήπερ
926 2902 968 2984 τό
987 2904 1135 2988 ἀσθενὲς
1154 2905 1253 3003 ἡμῶν
1273 2907 1333 2983 καί
1349 2906 1434 2984 ἀδο-

234 3031 387 3138 ξότατον
397 3029 634 3132 περιεβάλετο
648 3038 767 3129 σῶμα.
797 3030 934 3126 εἴδομεν
948 3027 1020 3132 γάρ
1034 3030 1134 3108 αὐτοῦ
1148 3028 1202 3120 τίμ
1213 3023 1320 3134 δόξαν,
1331 3030 1437 3131 φησί,

233 3154 332 3257 παρά
350 3152 501 3253 τὴντῶν
518 3154 646 3234 ἀλλων
659 3155 851 3261 ἐξαίρετον,
863 3158 921 3234 καὶ
940 3153 1066 3232 ὁποίαν
1079 3152 1125 3230 ἀν
1140 3184 1194 3235 τις
1212 3149 1437 3253 ἀμολογήσοι
1455 3186 1496 3226 το

233 3278 381 3378 πρέπειν
404 3284 456 3383 τῷ
483 3281 522 3357 ἐκ
550 3283 645 3358 θεοῦ
675 3280 806 3383 Πατρὶς
826 3282 903 3385 Υἰῲ
931 3282 1116 3377 Μινιγινεῖ.
1152 3280 1279 3383 πλήρης
1301 3273 1372 3378 γάρ
1394 3273 1438 3376 ἦν

234 3405 371 3504 χάριτός
400 3434 439 3479 τε
470 3409 531 3480 καί
559 3401 733 3495 ἀληθείας.
775 3405 923 3504 ἀφορῶν
942 3399 1008 3498 μὲν
1031 3397 1102 3502 γάρ
1127 3434 1180 3484 τις
1207 3406 1255 3484 εἰς
1281 3398 1343 3480 τόν
1364 3407 1440 3480 τῶν

234 3525 349 3623 ἁγίων
380 3524 501 3629 χορὸν,
533 3529 590 3603 καί
620 3525 666 3604 τά
705 3524 748 3605 δι’
779 3524 934 3605 ἑκάστου
971 3524 1189 3627 γεγενημένα
1225 3520 1440 3629 παραδόξως

234 3648 549 3749 ἀναμετρούμενος,
564 3648 742 3748 θαυμάσει
760 3648 826 3748 μὲν
844 3647 935 3728 κατά
953 3646 995 3728 τό
1013 3645 1114 3744 εἰκός,
1129 3651 1187 3725 καὶ
1206 3653 1279 3731 τοῖς
1296 3645 1440 3755 ἑκάστῳ

204 3780 440 3871 επροσοῦσιν
459 3775 606 3873 ἀγαθοῖς
625 3773 886 3878 ε’φησθήσεται,
903 3771 1011 3878 δόξης
1030 3806 1065 3850 τε
1085 3766 1213 3854 αὐτούς
1231 3773 1440 3869 ἀναπεπλῆ-
1456 3803 1497 3864 ²5

235 3899 324 3973 σθαι
341 3893 486 3978 πάντως
511 3897 583 3999 ε’ρεῖ
600 3899 664 3996 τῆς
689 3895 790 3999 παρά
809 3901 914 3975 Θεοῦ·
943 3892 1010 3993 τὴν
1027 3892 1069 3972 δέ
1090 3927 1130 3991 γε
1155 3902 1219 3974 τοῦ
1240 3896 1442 3996 Μιιιγειαίς

276 4195 301 4233 2.
319 4166 617 4236 mammam.
671 4179 1061 4324 εριιιμρειιιηημιι.
1117 4176 1441 4251 ιερμινμεὴμεςιαο)

239 4249 311 4303 DE.
402 4269 429 4320 9.
448 4252 484 4306 εἰς
495 4253 662 4322 ἀδελφότητα
674 4255 826 4324 καταγαγὼν
853 4253 1050 4322 ἰσαδελφότητα
1062 4252 1180 4321 κατάγων
1192 4248 1224 4304 Β.
1318 4264 1359 4303 11.
1377 4249 1443 4303 ἀνα-

238 4319 310 4373 πλὲυ
324 4320 356 4373 Β.
369 4321 497 4375 ἀνάπλεον
510 4322 560 4376 Ed.
610 4324 706 4376 Statim
720 4326 799 4377 πάλιν
811 4323 873 4377 ὄντα
887 4322 938 4376 hoc
950 4321 1044 4376 ordine
1057 4322 1090 4376 B.
1224 4333 1265 4390 15.
1282 4320 1442 4390 γεγενῆσθαι

238 4391 308 4457 φησί
320 4391 426 4443 inverso
437 4391 531 4445 ordine
545 4393 577 4446 B.
590 4394 681 4448 invitis
693 4412 718 4447 a.
732 4393 814 4448 Cord.
1031 4392 1072 4447 16.
1089 4393 1167 4445 αὐτὸν
1178 4391 1322 4447 ἀσθενείαις
1334 4391 1443 4445 inverso

238 4458 333 4513 ordine
346 4459 380 4513 Β.
393 4462 483 4515 invitis
496 4462 568 4516 (λα.
692 4482 733 4533 19.
752 4464 942 4533 περιεβάλλετο
954 4463 988 4518 Ε.
1032 4461 1127 4531 ἴδωμεν
1139 4461 1224 4517 cord.
1347 4477 1391 4516 πο.
1409 4461 1445 4516 ἀν

239 4525 292 4598 τις]
305 4530 383 4594 αίπῖιτ
395 4530 429 4584 Β.
474 4532 638 4601 &uxo-sim
648 4552 673 4587 ιι.
685 4535 840 4605 ἀμολογῆση
854 4534 937 4590 Cord.
950 4533 1106 4606 ἀμολογίρσε
1119 4531 1172 4588 Ed.
