3038 5018
225 293 291 359 602
529 291 569 356 Β.
592 290 804 356 CYRILLI
834 288 1124 356 ALEXANDR.
1318 277 1374 341 vii.
1391 274 1436 336 τό.

59 457 156 588 ῦείίᾏ,
226 452 275 562 θλ
308 453 526 560 μῑμᾱθηιιύς·
571 455 759 548 ἐπαιδεύθη
791 455 830 537 δέ
868 459 1045 553 Μωυσῆς,
1080 449 1174 533 καθὰ
1211 446 1436 550 γέγραπται,

59 587 103 640 ⁷¹³⁶
118 559 166 639 Μ’.
229 589 251 627 “
267 578 371 684 πάσῃ
404 586 448 683 q}
480 586 552 658 Τῶν
581 580 788 681 Αἰγυπτίων
821 576 976 685 σοφίᾳ,”
1005 577 1091 657 ἀλλ’
1121 578 1169 658 ῶς
1201 567 1310 652 ούδέν
1344 566 1439 647 ὅλως

229 699 338 799 είδῶς,
362 704 474 781 καίτοι
503 704 586 781 λίαν
608 700 658 780 ῶν
681 705 720 781 ἐν
743 703 884 785 ἐκείνοις
911 699 1041 808 σοφὸς,
1060 705 1134 783 τοῖς
1161 693 1289 778 θεόθεν
1316 686 1440 792 λόγοις

199 829 278 908 ιιείς
310 824 476 921 ἀμείνονα
504 831 644 927 γνῶσιν
672 825 882 923 ἐπαιδεύετο,
910 824 1146 929 ἐλεγχομένην
1176 822 1226 904 ῶς
1258 817 1442 918 ἀδρανοῦς·

229 947 397 1047 δηλονότι
427 951 489 1047 τῆς
521 957 586 1028 τοῦ
623 943 764 1047 κόσμου
795 949 941 1055 σοφίας,
973 946 1033 1027 διὰ
1064 951 1128 1046 τῆς
1160 939 1349 1042 θειοτέρας
1382 936 1468 1017 καὶὸ

229 1072 438 1173 κρείττονος,
466 1071 548 1152 καθ’
579 1069 623 1171 ἣν
651 1071 730 1171 ἤτοι
758 1073 801 1151 δι’
826 1071 869 1172 ἧς
896 1069 943 1150 τὰ
969 1073 1027 1153 ἐπὶ
1054 1073 1209 1176 Χριστῷ
1234 1093 1442 1164 μυσταγω-

228 1193 400 1296 γούμεθα,
431 1192 498 1294 τὴν
533 1194 670 1274 ἄνωθεν
706 1192 818 1278 ὅντως
854 1196 913 1273 καὶ
948 1192 1048 1296 παρὰ
1084 1198 1180 1272 Θεοῦ
1216 1182 1442 1288 κομιζῦμεθα

228 1315 392 1397 σύνεσιν.
432 1316 596 1419 Χριστὸς
620 1318 684 1397 οῦν
708 1317 779 1420 ἄρα
805 1314 848 1398 τὸ
876 1319 914 1397 ἐν
937 1323 1031 1399 πᾶσι
1055 1315 1198 1398 τελείως
1223 1308 1386 1412 ἄγαθῦν,
1404 1306 1443 1387 ἓν

229 1440 267 1520 δέ
304 1447 377 1520 τῶν
408 1437 555 1520 πάντων
587 1443 645 1520 καὶ
682 1440 706 1540 ἦ
742 1442 860 1545 σοφία
897 1443 955 1520 καὶ
991 1440 1014 1541 ἡ
1051 1438 1210 1534 σύνεσις,
1242 1435 1305 1540 ἐφ’
1340 1428 1367 1538 ᾖ
1399 1428 1442 1510 τῦ

229 1563 400 1666 λαμπρὸν
417 1565 460 1642 ού
485 1566 668 1660 διδακτῶς,
687 1561 774 1643 ἄλλ’
794 1565 955 1671 ἔμφυτον
973 1563 1065 1668 ἔχων
1084 1568 1223 1644 νοεῖται.
1263 1561 1328 1638 καὶ
1350 1562 1441 1657 γοῦν
1455 1583 1487 1624 10

230 1688 251 1767 ό
276 1684 467 1791 προφήτης
493 1720 565 1766 που
591 1690 672 1790 περί
701 1688 810 1766 αὑτοῦ
836 1692 952 1794 φησιν
969 1684 1128 1770 Ἡσαΐας
1146 1695 1169 1733 “
1180 1681 1276 1763 Ὅτι
1303 1674 1441 1783 πρὶνῆ

230 1820 253 1857 “
270 1816 404 1911 γνῶναι
434 1807 476 1889 τὸ
506 1812 649 1890 παιδίον
677 1807 791 1891 καλὸν
818 1808 842 1910 ἢ
874 1808 994 1907 κακὸν,
1021 1812 1161 1891 ἀπειθεῖ
1184 1805 1348 1910 πονηρίᾳ
1378 1806 1441 1882 τοῦ

231 1945 252 1981 “
271 1932 490 2039 ἐκλέξασθαι
517 1930 560 2013 τὸ
588 1932 761 2036 ἄγαθόν.”
791 1938 848 2014 καί
877 1936 919 2013 ού
946 1932 1061 2034 δήπου
1088 1937 1282 2033 νομιοῦμεν
1305 1924 1442 2034 ἀφραί-

123 2074 127 2079 “
196 2077 361 2155 ᾱνοντες,
399 2059 448 2142 ῶς
486 2057 525 2136 ἐν
562 2059 737 2159 διακρίσει
776 2064 980 2160 λογισμῶν,
1017 2056 1097 2157 ἤτοι
1136 2052 1228 2135 κατὰ
1267 2050 1340 2152 τὴν
1379 2055 1442 2130 τοῦ

229 2181 416 2277 βελτίονος
437 2180 575 2282 αἵρεσιν
595 2176 637 2259 τῦ
664 2177 730 2277 μέν
747 2185 892 2287 φαῦλον
910 2178 1177 2282 ἀποτρέπεσθαι
1200 2174 1243 2256 τῦ
1270 2173 1318 2276 δὴ
1345 2170 1443 2254 θεῖόν
1455 2197 1483 2259 15

229 2336 269 2383 τε
291 2306 350 2382 καί
368 2302 531 2406 ούρᾶνιον
549 2304 720 2404 γέννημα,
740 2305 959 2407 προσίεσθαι
983 2300 1023 2382 δέ
1047 2309 1192 2402 μᾶλλον
1208 2297 1254 2378 τῦ
1280 2295 1440 2400 ἀγαθόν·

230 2427 315 2505 ἄλλ’
335 2422 460 2529 ῶσπερ
486 2423 531 2505 ἄν
549 2427 583 2506 εί
603 2461 656 2511 τις
681 2424 782 2530 λέγοι
806 2429 886 2531 περὶ
911 2435 975 2506 τοῦ
1000 2423 1124 2528 πυρὸς,
1142 2424 1197 2504 ὅτι
1221 2427 1374 2504 ἀπειθεῖ
1393 2423 1443 2528 τῷ

230 2553 375 2655 φυχρῴ,
394 2548 436 2628 τὸ
465 2546 553 2629 εἶναι
581 2554 736 2655 φυχρῶν
757 2550 799 2631 σύ
824 2549 1117 2654 καταδεχόμενον,
1136 2549 1204 2651 σύχ
1232 2547 1443 2649 αίρεσινέν

231 2669 410 2780 αὐτῷτὴν
428 2674 466 2751 ἐκ
485 2671 698 2773 θελημότων
716 2674 894 2774 σημαίνει,
909 2673 1054 2778 φύσεως
1074 2672 1276 2771 δὲμᾶλλον
1295 2673 1440 2773 ἐδραιο·

231 2793 343 2894 τύτην
360 2801 409 2879 είς
436 2793 479 2876 τὸ
507 2796 597 2876 ἰ’διον
617 2796 767 2877 στάσιν·
799 2798 892 2877 οὕτω
920 2798 979 2875 καὶ
1003 2798 1061 2877 ἐπὶ
1079 2800 1256 2900 Χριστοῦ.
1295 2791 1483 2900 φυσικᾶιο

232 2914 304 3019 γᾶρ
321 2919 360 2997 ἐν
379 2925 461 3028 Θεῷ
478 2920 599 3000 πάντα
618 2919 664 2999 τὰ
687 2919 817 3023 ἄγαθᾶ,
838 2923 896 3000 καί
921 2920 985 3001 ούκ
1011 2919 1142 3026 ἔξωθεν
1159 2918 1442 3020 ἐπεισκρίνεται·

203 3042 325 3121 οοῦτω
353 3041 392 3122 δέ
418 3041 464 3143 ἦν
491 3047 528 3123 ἐν
556 3044 652 3151 αύτῷ
680 3046 738 3124 καὶ
766 3044 788 3144 ἡ
818 3045 946 3149 σοφία,
967 3049 1114 3143 μᾶλλον
1140 3042 1179 3122 δέ
1205 3039 1318 3128 αῦτῦς
1349 3040 1444 3144 ἦνῆ

232 3163 332 3266 πηγὴ
351 3166 478 3268 κυρίως
497 3200 535 3246 τε
561 3170 619 3247 καὶ
642 3170 760 3252 ίδικῶς
783 3167 911 3272 σοφία,
930 3168 973 3247 δι’
993 3167 1035 3268 ἧς
1053 3165 1098 3246 τὰ
1116 3168 1155 3246 ἐν
1171 3163 1316 3272 μεθέξει
1335 3164 1445 3274 σοφᾶ

233 3286 326 3369 κατὰ
343 3290 461 3392 μέρος,
480 3288 626 3393 σύρσίυιύ
644 3324 682 3371 τε
700 3294 760 3370 καὶ
777 3291 914 3393 ἐπίγεια
931 3288 1063 3394 λογικὰ
1081 3291 1275 3389 κτίσματα.

186 3533 222 3592 16
246 3528 425 3618 ’λπεκρίθιι
448 3531 576 3598 Ἰιισοῡα
605 3529 654 3598 καὶ
682 3526 773 3599 εἶπεν
801 3527 912 3600 αὐτοῖο
933 3531 976 3596 Ἠ
1004 3531 1066 3609 &un
1095 3530 1208 3618 διδαχὴ
1236 3531 1299 3597 οὐκ
1329 3531 1424 3601 ἔστιν
1456 3556 1484 3617 25

547 3656 621 3739 ἑμιί,
647 3659 733 3724 ἀλλὰ
761 3663 818 3725 τοῦ
845 3658 1036 3738 πέμψαντός
1062 3680 1114 3735 με.

289 3816 446 3918 Ἀληθές
471 3816 584 3905 ὅντως
612 3818 774 3925 ῦπᾶρχον
790 3818 838 3901 τὸ
866 3817 936 3902 ύπύ
960 3854 1026 3902 που
1050 3827 1123 3901 τῶν
1143 3823 1278 3927 σοφῶν
1300 3821 1439 3924 ἄναγε·

67 3945 125 4059 {gv
137 3945 154 3996 ἰ·
166 3953 189 4008 7·
234 3941 442 4044 γραμμένον
460 3942 657 4048 εὑρήσομεν
676 3955 697 3993 “
710 3942 800 4025 Ὅτι
821 3953 961 4042 πνεῦμα
980 3944 1116 4046 Κυρίου
1132 3941 1357 4046 πεπλήρωκε
1379 3944 1445 4045 τὴν

271 4177 297 4231 3.
316 4160 398 4215 καίτοι
410 4160 471 4216 λίαν
481 4161 529 4233 ῶν]
543 4163 584 4217 καί
596 4164 627 4217 τδ
638 4163 698 4219 λίαν
710 4163 744 4221 ὥς
757 4164 790 4219 Β.
947 4179 973 4235 7.
993 4161 1147 4234 κομιζόμεθα
1160 4162 1193 4217 Β.
1206 4163 1377 4232 κομιζόμενοι
1391 4163 1441 4219 Bd.

237 4249 278 4286 11.
297 4254 348 4287 που
360 4241 531 4303 assumptum
542 4250 575 4287 ex
589 4233 622 4288 B.
722 4250 764 4290 12.
781 4235 879 4305 πονηρὰ
892 4234 925 4289 Β.
1030 4251 1072 4305 13.
1090 4235 1121 4288 τὸ
1132 4241 1303 4303 assumptum
1318 4252 1355 4289 ox
1371 4235 1441 4290 B.D.

237 4315 278 4372 15.
298 4303 329 4370 δὴ
342 4320 396 4356 om.
411 4302 444 4356 B.
540 4303 580 4358 16.
600 4327 627 4358 τι
640 4321 694 4358 om.
709 4304 742 4360 Β.
835 4319 875 4375 17.
894 4304 1000 4376 λέγοιτο
1014 4304 1047 4360 Β.
1140 4305 1181 4359 18.
1199 4304 1311 4375 ψυχρὸν
1324 4307 1444 4360 correxit

233 4383 303 4426 recte
316 4382 347 4426 ut
359 4372 414 4428 vid.
427 4373 531 4444 Migne.
576 4375 604 4429 ἐν
616 4392 670 4428 om.
685 4375 718 4428 B.
826 4392 868 4430 22.
886 4375 1029 4433 ἐνασκΒ.
1138 4391 1181 4446 23.
1199 4376 1276 4444 σοφὰ
1305 4379 1396 4465 σοφοῑ
1409 4376 1442 4431 Β.

235 4453 279 4512 27.
297 4444 327 4497 τδ
339 4444 390 4497 {md
401 4466 448 4499 που
459 4449 510 4500 τῶν
522 4448 615 4515 σοφῶν
642 4448 718 4500 τοῦτό
729 4467 781 4501 που
793 4448 886 4517 σοφῶς
899 4446 931 4501 Β.
1075 4447 1119 4501 28.
1136 4445 1281 4516 εῦρὴσσμεν
1310 4467 1444 4517 νοησυμεν

233 4510 431 4583 ωίεῦρήσομεν
444 4514 477 4572 Β.
526 4515 622 4585 Κυρίου
649 4519 766 4586 Χριστοῦ
779 4515 812 4571 Β.
