3038 5018
229 284 293 346 428
533 281 572 345 Β.
597 280 805 345 CYRILLI
836 281 1123 345 ALEXANDR.
1254 280 1297 343 vi.
1314 299 1364 364 19,
1378 297 1429 342 το.

203 443 411 549 οάγριότης,
443 442 605 549 ῥοιζηδὸν
637 451 710 529 τοῖς
745 443 902 540 κύμασιν
934 444 1213 541 ἐπεμβαίνουσα,
1248 447 1305 523 καὶ
1340 441 1433 545 πρὸς

233 570 328 673 ὕψος
354 568 423 669 ἤδη
448 567 490 648 τί)
508 567 688 667 ἀσύνηθες
707 570 931 648 διανιστῶσα
952 568 1017 647 τὸν
1034 569 1213 649 κλύδωνα.
1255 566 1434 646 ἀλλὰκαὶ

232 693 368 772 τούτων
388 691 454 792 ἤδη
473 693 728 794 γεγενημένων,
749 690 840 770 οίίπω
859 695 975 796 φησίν
993 689 1139 785 ἐληλύθει
1165 690 1247 798 πρλς
1274 688 1393 774 αὐτοὺς
1418 699 1433 770 ί

231 820 367 910 Ἰησοῦς·
407 819 445 895 ε’ν
473 817 589 923 τούτῳ
617 814 689 916 γάρ
718 811 763 913 ἦν
790 813 955 909 μάλιστα
981 811 1023 895 τί)
1052 813 1275 913 κινδύνευμα,
1305 817 1364 893 καὶ
1391 812 1434 892 τὸ

231 948 295 1019 τοῦ
327 938 448 1046 φόβου
479 939 593 1019 πλέον
620 936 664 1017 τὸ
694 936 743 1035 μὴ
771 945 934 1039 παρεῖναι
963 936 1127 1039 Χριστόν
1154 945 1228 1022 τοῖς
1256 937 1466 1021 πλείιυσιν5

232 1062 463 1166 ἐνειργάζετο.

288 1189 433 1270 Οὐκοῦν
465 1187 604 1287 ἀνάγκη
641 1182 871 1290 χειμάζεσθαι
909 1184 990 1269 τοὺς
1025 1183 1076 1285 μὴ
1114 1184 1290 1269 συνόντας
1321 1186 1430 1292 αύτῷ,

232 1309 523 1408 διατεμνομένους
548 1309 590 1389 δέ
609 1344 697 1407 πως,
720 1306 743 1409 ἢ
767 1313 825 1389 καὶ
850 1313 1042 1394 δοκοῦντας
1067 1312 1264 1409 ἀποδημεῖν
1286 1307 1344 1388 διὰ
1368 1317 1433 1388 τοῦ

65 1454 178 1510 291A.
204 1439 306 1512 ατῶν
343 1436 447 1513 θείων
483 1433 687 1539 ἐξοίχεσθαι
724 1431 855 1533 νόμων,
889 1435 947 1512 καὶ
984 1431 1237 1538 χαριζομένους
1273 1432 1332 1512 διὰ
1366 1430 1434 1531 τὴν

233 1556 409 1658 ἁμαρτίαν
436 1565 501 1636 τοῦ
529 1553 714 1657 διασώζειν
741 1555 942 1660 ἰσχύοντος.
993 1557 1120 1635 οὐκοῦν
1148 1559 1177 1635 εί
1204 1555 1299 1658 βαρὺ
1326 1551 1369 1635 τὸ
1396 1558 1434 1634 ἐν
1451 1589 1487 1627 ιο

233 1681 355 1788 σκότῳ
379 1681 547 1782 γενέσθω
572 1685 624 1786 τῷ
649 1685 779 1787 νοητῷ,
804 1683 862 1760 καὶ
887 1687 916 1760 εί
941 1678 1105 1785 χαλεπὸν
1127 1680 1169 1759 τὸ
1194 1682 1233 1757 ε’ν
1256 1676 1434 1784 θαλάσσῃ

187 1795 191 1806 “
232 1809 343 1910 πικρᾷ
370 1810 442 1882 τῶν
470 1803 606 1902 ἡδονῶν
634 1804 928 1906 καταπνίγεσθαι,
957 1803 1242 1909 προσδεξόμεθα
1268 1798 1332 1881 τὸν
1355 1801 1429 1902 Ἰη·

232 1935 336 2007 σοῦν·
366 1935 473 2007 τοῦτο
491 1925 563 2030 γὰρ
586 1927 678 2025 ἡμᾶς
702 1929 761 2006 καὶ
786 1928 958 2007 κινδύνων
976 1925 1197 2033 ἀπαλλάξει,
1211 1930 1270 2005 καὶ
1295 1930 1360 2025 τῆς
1384 1931 1434 2010 είς

232 2049 389 2131 θάνατον
408 2049 594 2152 ἁμαρτίας.
635 2051 655 2129 ό
680 2048 719 2129 δὲ
742 2051 854 2135 τύπος
875 2058 948 2131 τῶν
965 2053 1156 2152 εἰρημένων
1173 2051 1211 2128 ἐν
1229 2057 1302 2134 τοῖς
1320 2083 1429 2152 γεγο-

231 2173 335 2255 νόσιν
354 2171 568 2280 ὀφθήσεται·
599 2173 677 2279 ἥξει
697 2172 742 2274 δὴ
760 2175 824 2253 οὖν
841 2173 985 2258 πάντως
1002 2176 1059 2254 ε’πὶ
1077 2172 1158 2257 τοὺς
1177 2173 1349 2273 μαθητάς.
1451 2206 1488 2268 1⁵

182 2414 451 2480 Ι9Ἐλιιλακότεο
476 2411 533 2479 οὖν
555 2415 602 2479 ὡς
628 2413 778 2480 σταδίους
803 2412 1004 2482 εἰκοσιπέντε
1029 2415 1048 2480 τί
1072 2417 1256 2503 τριάκοντα,
1276 2420 1434 2503 θεωροῦσι

197 2531 219 2595 b
283 2540 339 2606 τὸν
366 2540 491 2606 ’ίιισσῦν
523 2545 764 2627 περιπατοῦντα
795 2541 849 2606 ὲπί
880 2549 937 2607 rste
969 2545 1134 2608 θαλάσσιιο
1166 2539 1216 2605 καί
1251 2541 1343 2617 ὲττὺο
1374 2546 1433 2607 τοῦ

181 2688 218 2728 το
282 2664 398 2730 πλοίου
426 2666 603 2741 τινόμενσν·
636 2666 690 2729 καί
716 2667 937 2752 ἑφοβιίθιισαν.
981 2666 1063 2733 ὁδὲ
1091 2661 1181 2733 εἶπεν
1209 2662 1319 2733 αὐτοῖο
1341 2666 1435 2742 Ἐτὼ

283 2786 358 2869 εἰμι,
386 2790 429 2865 μιί
458 2786 621 2876 φοβεῖσθε.

282 2957 375 3038 Ὅτε
408 2969 557 3062 μακροῖς
589 2962 812 3062 διαστήμασι
843 2966 906 3060 τῆς
940 2964 1087 3065 ἠπείρου
1119 2965 1341 3068 χαρίζονται,
1374 2968 1436 3045 καὶ
1452 3005 1490 3046 20

232 3081 413 3167 παθόντας
439 3082 484 3183 ἦν
511 3083 603 3168 είκὸς
631 3084 870 3190 διασώζεσθαι
897 3090 1080 3186 μηδαμῶς·
1119 3090 1237 3188 μέσην
1263 3087 1336 3190 γάρ
1364 3089 1436 3188 ἤδη

232 3201 328 3308 είχον
346 3205 411 3305 τὴν
430 3206 638 3287 θάλασσαν·
669 3208 749 3287 τότε
774 3207 817 3306 δὴ
843 3208 945 3308 μάλα
969 3209 1191 3313 τριποθήτως
1216 3211 1334 3294 αὐτοῖς
1352 3211 1433 3291 ε’πι·

233 3328 395 3432 φαίνεται
429 3331 448 3407 ὁ
482 3327 655 3433 Χριστός·
699 3328 743 3430 ἦν
770 3329 842 3434 γὰρ
875 3334 968 3412 οὕτω
1001 3335 1059 3412 καὶ
1090 3331 1332 3438 χαριεστάτην
1358 3341 1438 3420 τοῖς

234 3451 497 3531 κινδυνεύουσιν
515 3454 695 3533 ἐπιδοῦναι
717 3452 782 3553 τὴν
800 3455 994 3556 σωτηρίαν,
1012 3463 1138 3536 πᾶσαν
1154 3457 1273 3540 αι’ντοΐς
1291 3455 1358 3556 τὸν
1375 3460 1436 3538 ἐπὶ

204 3577 285 3681 οτῷ
303 3571 369 3676 ζῖγν
386 3575 517 3654 ἐλπίδα
534 3574 847 3676 προαποτεμόντος
870 3578 939 3677 ἤδη
962 3586 1026 3657 τοῦ
1048 3577 1178 3684 φόβου.
1211 3580 1436 3685 ἐπιφαίνεται
1450 3611 1490 3672 ²⁵

234 3697 272 3776 δὲ
290 3698 504 3804 παραδόξως
522 3700 651 3782 αὐτοῖς·
680 3707 786 3779 τοῦτο
804 3699 877 3803 γὰρ
898 3698 943 3800 ἦν
961 3700 1125 3799 μάλιστα
1150 3702 1192 3783 τὸ
1216 3702 1307 3804 πρὸς
1333 3704 1433 3810 ὠφέ-

235 3830 335 3898 λειαν
354 3820 658 3920 οἶκονομούμενον·
690 3822 1002 3920 καταπλήττονται
1025 3824 1063 3904 δὲ
1082 3824 1139 3905 διά
1157 3828 1272 3925 μίσης
1289 3825 1435 3908 θαλάσ-

233 3978 304 4045 σης
329 3947 387 4023 καὶ
406 3942 459 4024 ἐπ’
479 3945 597 4024 αὐτῶν
616 3942 754 4024 ὑδάτων
773 3943 871 4025 ίόντα
896 3947 1094 4040 βλίττοντες
1117 3947 1182 4029 τὸν
1199 3952 1356 4050 Ἰησοῦν,
1376 3956 1436 4032 καὶ

232 4065 446 4167 προσθήκην
470 4071 521 4174 τῷ
549 4067 656 4176 φάβιρ
684 4067 727 4147 τὸ
756 4074 876 4168 θαῦμα
903 4070 1170 4167 λαμβάνουσιν·
1208 4075 1436 4157 ἀπαλλάττει

269 4297 295 4352 3.
314 4282 397 4351 φησίν
409 4293 578 4355 assumptum
591 4301 623 4338 ex
638 4284 670 4338 Β.
823 4285 849 4340 6.
869 4287 991 4358 ἐργάζετο
1006 4287 1037 4341 Β.
1180 4309 1207 4383 ρ.
1225 4291 1387 4362 ίξοιχεῖσθαι
1401 4293 1434 4348 Β.

236 4365 278 4422 15.
296 4353 327 4405 οὗ
339 4369 387 4421 pro
400 4351 445 4407 οὖν
458 4353 494 4408 Ι).
653 4355 693 4409 18.
711 4358 847 4426 γινόμενον
859 4355 891 4410 Β.
904 4359 1042 4428 γενόμενον
1054 4358 1105 4413 Ed.
1166 4383 1237 4417 ειπεν
1249 4361 1281 4417 Β.
1294 4362 1369 4434 λίγςι
1381 4363 1436 4419 Ed.

234 4436 277 4556 ρέ.
295 4418 426 4561 γέηὸίχργ
437 4421 489 4545 ίὲιρρ
501 4421 593 4477 ordine
608 4424 641 4478 B.
774 4442 817 4480 τι.
836 4428 991 4497 τριπόθητος
1003 4429 1106 4500 Migne.
1239 4448 1282 4504 ορ.
1301 4436 1385 4490 aum.
1400 4433 1435 4490 Β.
