3038 5018
89 287 156 353 ἀι.
274 288 333 356 IN
363 288 397 354 S.
420 289 675 355 JOANNEM.
721 287 817 356 LIB.
840 291 869 356 Ι.
914 290 1015 357 ΟΑΡ.
1040 290 1106 357 ΙΙΙ.
1245 292 1289 355 43

89 459 360 555 συλλογισμῶν
375 452 467 558 πρὸς
484 452 625 556 ἀπάτην
643 458 716 536 τῶν
728 455 982 561 ἀκεραιοτέρων
996 457 1055 535 καὶ
1072 451 1318 558 ἀνατροπὴν,ι
1359 470 1402 526 ²8
1414 469 1454 526 A·

89 573 242 679 πότερόν
263 610 352 657 τοτε
379 577 547 682 κρείττων
568 579 669 659 ἐστὶν
695 580 715 658 6
742 576 871 683 Πατὴρ
898 586 962 660 τοῦ
980 583 1080 676 Υίοῦ,
1102 575 1145 656 τὸ
1172 577 1289 680 μεῖζον

90 700 143 800 ὡς
165 696 258 802 πρὸς
282 697 391 782 αὐτὸν
408 700 510 806 ἔχων,
529 700 625 806 εἴπερ
648 700 808 783 ἐλάττων
825 704 915 803 ἐστὶ,
933 701 1051 786 καθὼς
1073 703 1196 781 ἐκεῖνοι
1222 709 1289 800 λη-

89 822 236 925 ροῦντίς
252 829 380 930 φασιν,
397 821 422 925 ἢ
440 824 523 929 οάχί
531 857 543 922 3
573 826 658 905 ἀλλ’
679 821 775 924 οἶμαι
794 824 839 927 δὴ
858 824 1013 924 τάντως,
1031 824 1087 905 ὅτι
1107 823 1290 928 Κρείττων

58 947 246 1048 5ἔροῦσιν.
285 945 309 1048 ἢ
335 945 544 1050 λεγέτωσαν
565 949 605 1027 τί
624 949 667 1028 τὸ
687 946 868 1052 περισσὸν
893 950 932 1029 ἐν
955 953 1007 1057 τῷ
1030 951 1225 1048 κεκτῆσθαι
1247 945 1290 1026 τὸ

88 1068 210 1173 μεῖζον
227 1070 248 1149 6
268 1067 398 1174 Πατὴρ
415 1070 508 1176 ἔχων
526 1077 699 1178 φανεῖται,
718 1068 816 1172 εἰμὴ
835 1071 1003 1175 κρείττων
1019 1072 1120 1151 ἐστίν
1130 1103 1142 1168 ;
1173 1076 1203 1150 εί
1225 1069 1290 1170 μὲν

89 1190 165 1296 γάρ
182 1190 278 1279 ὅλως
296 1192 407 1293 οὐδὲν,
426 1193 576 1277 λέλυται
593 1193 724 1277 λοιπὸν
740 1196 809 1296 ἤδη
826 1202 902 1276 τάν
919 1192 961 1275 τὸ
983 1195 1040 1304 ἐφ’
1059 1198 1150 1274 Υίοῦ
1174 1226 1287 1294 κατυ-

88 1314 245 1419 γόρημα·
290 1321 321 1396 εί
352 1316 391 1398 δὲ
421 1315 520 1399 πολύ
550 1353 585 1400 τι
617 1316 659 1398 τὸ
692 1315 867 1426 διάφορόν
898 1319 988 1415 ε’στι,
1016 1315 1185 1420 κρείττων
1218 1313 1290 1417 ἀρα

88 1437 230 1537 λοιπὸν,
259 1443 308 1525 ὦς
338 1437 431 1546 ἔχων
461 1441 504 1522 τὸ
535 1441 663 1545 μεῖζον.
711 1441 1041 1544 ἀτολογείσθωσαν
1070 1439 1198 1536 τοίνυν,
1230 1440 1290 1517 καὶ

42 1595 78 1638 ιο
89 1561 363 1644 διδασκέτωσαν
385 1565 487 1664 ἡμᾶς,
506 1564 604 1668 ε’ίττερ
629 1566 722 1647 είσὶυ
744 1565 855 1649 ὅντως
880 1566 1003 1672 σοφοὶ,
1022 1571 1087 1644 τοῦ
1114 1559 1159 1662 δὴ
1183 1560 1322 1665 χάρινῑ)

88 1682 270 1788 γεννήσας
298 1685 364 1767 τὸν
385 1686 476 1769 Υίὸυ
503 1690 524 1768 6
554 1687 694 1792 Πατὴρ,
708 1689 786 1793 ,οὐκ
813 1687 896 1768 ’ίσον
922 1689 1038 1794 ἑαυτῷ
1064 1684 1287 1789 γεγέννηκεν,

89 1809 177 1889 ἀλλ’
197 1808 382 1894 ἐλάττονα.
419 1817 449 1893 εί
470 1812 624 1916 μὲνγὰρ
644 1813 808 1921 φαίνοιτο
830 1817 989 1915 κρεῖττον
1006 1807 1050 1890 τὸ
1074 1808 1158 1888 ’ίσον
1176 1810 1290 1915 ἑαυτῷ

90 1930 185 2012 κατά
202 1931 321 2015 πάντα
338 1939 511 2038 γεννῆσαι
528 1932 592 2017 τὸν
609 1933 713 2036 Υίὸυ,
732 1936 785 2020 τίς
804 1937 824 2016 6
842 1932 1014 2018 κωλύσας
1031 1940 1137 2013 τοῦτο
1154 1937 1287 2028 ποιεῖν,

90 2059 122 2136 εί
145 2053 212 2154 μὲν
228 2054 301 2161 γάρ
326 2091 361 2139 τι
385 2057 428 2141 τὸ
452 2060 624 2140 κωλιίσαν
642 2062 691 2144 ὡς
718 2057 760 2166 ἐξ
787 2054 943 2159 ἀνάγκης
969 2057 1082 2146 ἐστὶν,
1101 2053 1286 2157 ὁμολογή-

43 2199 77 2261 15
91 2211 204 2259 σουσι
220 2183 280 2260 καὶ
297 2182 364 2286 οὐχ
382 2179 521 2267 ἑκόντες
541 2179 632 2263 εἶναί
653 2216 688 2261 τι
715 2179 758 2263 τὸ
782 2180 899 2284 μεῖζον
917 2187 982 2260 τοῦ
1002 2177 1161 2282 Πατρός.
1201 2175 1289 2257 εἰδὲ

90 2299 134 2384 τὸ
157 2301 300 2383 κωλιίου
322 2301 368 2402 ἧν
391 2304 485 2391 ὅλως
512 2304 623 2403 οὐδὲν,
643 2303 736 2410 ἔχων
759 2304 798 2386 δὲ
820 2302 886 2403 τὴν
904 2301 1082 2410 ἐξουσίαν,
1101 2303 1160 2380 καὶ
1177 2298 1288 2397 εἰδὼς,

90 2422 146 2505 ὅτι
175 2423 328 2507 κάλλιόν
354 2429 434 2508 ε’στι
460 2432 633 2531 γεννῆσαι
658 2427 721 2508 τὸν
744 2424 834 2508 Υίὸν
855 2425 949 2524 ἰ’σον,
972 2422 1194 2524 βεβούληται
1223 2420 1287 2503 τὸν

90 2548 280 2649 ἐλάττονα,
306 2549 440 2656 φθόνος
469 2552 541 2656 ἀρα
571 2555 653 2656 περὶ
686 2549 795 2632 αὑτὸν
821 2552 880 2631 καὶ
906 2547 1089 2646 βασκανία
1116 2544 1318 2650 γενομένηο

91 2672 267 2780 φαίνεται·
305 2676 347 2753 οά
374 2673 446 2778 γὰρ
472 2676 651 2778 ἡθελησεν
673 2678 866 2756 ἀποδοῦναι
889 2670 931 2753 τὸ
955 2672 1039 2754 ’ίσον
1059 2675 1112 2779 τῷ
1133 2673 1223 2778 Υίιρ.
1262 2666 1287 2769 ἢ

43 2830 79 2873 ιο
89 2796 210 2877 τοίνυν
231 2795 444 2897 ἀδυνατήσει
470 2802 552 2902 περὶ
577 2796 644 2898 τὴν
665 2797 833 2902 γέννησιν
851 2798 872 2877 6
895 2794 1034 2898 Πατὴρ,
1052 2791 1075 2894 ἢ
1103 2791 1290 2889 βάσκανος

90 2918 195 3000 ἔσται
218 2918 310 3000 κατά
334 2919 376 3000 τὸ
400 2921 440 3000 ἐκ
464 2926 538 3002 τῶν
556 2926 822 3023 συλλογισμῶν
838 2917 1085 3020 συναγόμενον
1104 2914 1285 3019 θεώρημα,

90 3039 135 3121 ἀν
163 3041 228 3148 ἔχῃ
254 3042 298 3122 τὸ
324 3041 476 3125 ἔλαττον
498 3045 518 3124 6
540 3042 628 3127 Υἱὸς
655 3041 746 3122 κατὰ
773 3041 837 3122 τὸν
859 3041 999 3122 ἐκείνων
1024 3037 1149 3142 λόγον.
1187 3039 1288 3118 ἀλλὰ

89 3171 197 3245 τοῦτο
215 3165 361 3248 ἀτοττον·
390 3167 465 3248 ἀνω
482 3167 554 3271 γὰρ
571 3162 859 3250 τάθουςτταντὸς
883 3164 906 3263 ἡ
932 3164 1008 3243 θεία
1030 3165 1089 3243 καὶ
1112 3160 1288 3264 ἀκήρατος

91 3287 214 3394 φάσις.
251 3291 378 3372 οάκοῦν
396 3292 460 3372 οὐκ
477 3290 637 3371 ε’λάττων
655 3290 676 3370 6
693 3287 792 3386 Υἱὸς,
805 3287 863 3367 ἵνα
879 3285 930 3387 μὴ
948 3285 991 3367 τὸ
1009 3284 1092 3367 ’ίσον
1109 3283 1286 3392 ἀπολέσῃ,

44 3440 76 3502 25
91 3413 167 3492 κατ’
188 3412 312 3493 οὐδένα
339 3412 473 3517 τρόπον
497 3411 740 3514 ἀτονήσαντος
767 3418 831 3492 τοῦ
856 3409 1003 3513 Πατρὸς
1027 3411 1107 3512 περὶ
1134 3405 1177 3488 τὸ
1204 3407 1287 3489 ’ίσον

89 3535 217 3616 ἑαυτοῦ
235 3539 408 3638 γεννῆσαι
422 3535 486 3618 τὸν
504 3536 549 3644 ἐξ
563 3536 682 3634 αὐτοῦ,
700 3533 789 3636 μίγτε
806 3532 879 3635 μὴν
896 3535 935 3614 ἐκ
952 3532 1153 3630 βασκανίας
1172 3545 1321 3614 κεκω-ιί

89 3657 245 3758 λυμὲνου
261 3655 305 3740 τὸ
322 3660 493 3759 ἐθελῆσαι
509 3659 551 3741 τὸ
569 3658 724 3757 ἀρεινον.

147 3812 248 3862 mo.
280 3780 397 3867 Αάτὸς
423 3816 495 3863 του
522 3786 638 3889 φησὶν
661 3784 681 3861 6
708 3778 846 3884 Σωτὴρ,
871 3782 920 3864 ὡς
948 3776 1000 3880 ε’ίη
1024 3776 1090 3880 μὲν
1116 3775 1221 3860 αὐτὸς
1248 3776 1287 3856 ἐν
1332 3797 1440 3913 Ιιρτιι.

91 3908 222 4011 Πατρί,
241 3908 299 3986 καὶ
326 3907 347 3985 6
373 3902 503 4007 Πατὴρ
529 3903 568 3986 δὲ
597 3904 726 4004 ὁμοίως
753 3904 791 3983 ἐν
816 3904 924 4010 αὐτῷ.
961 3901 1046 3981 ἀλλ’
1073 3900 1153 3980 ἔστι
1178 3898 1291 3979 παντί
1332 3877 1373 3928 ³'

45 4069 78 4128 30
90 4063 162 4110 που
180 4031 303 4131 δῆλον,
322 4031 371 4115 ἀς
388 4028 430 4109 οά
447 4026 622 4131 προσήκει
641 4033 744 4119 νοεῖν,
763 4026 925 4130 καθάττερ
942 4029 1053 4124 σῶμα
1074 4019 1285 4122 ἐνσώματι,

1260 4294 1273 4310 Α

1276 4323 1288 4336 Ι

146 4298 395 4425 {miv-wa&
457 4296 556 4354 ι’τυσον
567 4297 652 4352 τοίνυν
664 4295 716 4388 Egi.
765 4296 795 4350 τὸ
808 4291 1153 4367 ρι’ἱιιιαοωωριοωοιΒ.
1200 4313 1274 4362 κεκτη

90 4370 646 4513 ταις
664 4364 998 4508 ι,
1114 4363 1273 4490 ινα

661 4607 717 4656 02
