3038 5018
225 271 270 336 28
528 274 568 340 Β.
591 273 799 340 OYRILLI
829 274 1117 341 ALEXANDR.
1360 272 1383 336 i.
1399 291 1427 336 1.

226 442 290 514 τοῦ
309 432 465 537 Πατρδς,
484 436 537 520 τίς
555 433 601 535 ἦν
618 437 640 536 ἡ
659 440 760 542 χρεία
777 435 828 538 μὴ
850 434 942 541 πρῦς
966 434 1073 519 ἑνόδα
1097 442 1255 536 μᾶλλον,
1273 435 1358 515 ἀλλ’
1378 438 1430 518 είς

227 554 354 660 τριάδα
371 558 524 639 κελεύειν
542 561 779 664 βαπτίζεσθαι
797 558 880 645 τοῦς
897 560 1156 654 πιστεύονταςς
1185 555 1360 659 ἐπειδὴδὲ
1378 562 1430 640 εἰς

227 678 291 759 τόν
308 687 402 783 τρεῖς
419 682 571 784 ἀριθμὸν
589 685 609 763 5
633 686 715 788 περὶ
740 687 804 784 τῆς
829 683 924 768 θείας
951 682 1098 790 φύσεως
1121 683 1276 787 ἐκτρέχει
1298 681 1426 783 λόγος,

227 801 411 906 πρόδηλον
429 807 544 906 δήπου
567 805 680 887 πᾶσίν
697 809 807 905 ἐστιν,
826 809 874 891 ὡς
892 809 930 886 ἐν
949 804 1150 887 ὑποστάσει
1173 803 1239 905 μέν
1258 807 1329 910 ἰδία
1354 811 1430 884 τιῦν

59 951 99 1005 18
110 951 151 1006 Δ.
198 926 494 1029 ιᾶριθμουμένων
515 929 669 1010 ἕκαστον
691 926 792 1009 εἶναι·
830 934 883 1038 τῷ
907 928 946 1009 δέ
969 927 1176 1029 μηδαμόθεν
1199 927 1460 1035 ἐξηλλάχθω5

227 1047 319 1130 κατὰ
350 1048 573 1157 τὴνφύσιν,
601 1058 649 1135 εἰς
682 1052 767 1151 μίαν
797 1050 980 1148 ἀναβαίνει
1012 1048 1187 1150 θεότητα,
1217 1053 1275 1130 καὶ
1302 1083 1424 1154 προσ·

227 1170 376 1272 κόνησιν
397 1171 469 1277 ἕχει
492 1172 559 1273 τὴν
582 1173 704 1274 αῦτήν.

283 1325 383 1373 mo.
424 1297 498 1403 Ἐξ
531 1299 640 1401 ὀργῆς
677 1299 928 1400 ἐμπεπρῆσθαι
966 1301 1061 1376 θεοῦ
1098 1294 1163 1378 τὰς
1199 1300 1273 1375 τῶν
1305 1297 1425 1374 Σοδο-

225 1426 339 1518 μιτῶν
370 1418 495 1504 πόλεις
525 1421 548 1520 ἡ
581 1422 659 1499 θεία
691 1419 787 1523 λέγει
819 1419 958 1526 γραφή·
1001 1419 1220 1524 ἐξηγουμεῦη
1253 1416 1291 1498 δὲ
1329 1416 1428 1501 ὅπως

226 1543 344 1627 αῦτοῖς
385 1545 406 1622 5
447 1549 538 1628 θεῖος
579 1541 801 1643 ἐπενήνεκται
838 1539 959 1640 θυμός,
997 1544 1055 1621 καὶ
1092 1538 1155 1621 τδν
1191 1539 1326 1642 τρόπον
1362 1542 1427 1640 τῆς
1443 1578 1479 1621 ιο

59 1668 179 1796 ξίωῖ*
226 1666 406 1749 ἀπωλείας
442 1663 704 1745 ἐκδιδόσκουσα
741 1671 884 1772 σαφῶς,
920 1661 1123 1770 *(Ἕβρεξε,
1156 1666 1262 1771 φησὶ,
1295 1662 1427 1765 Κύριος

228 1798 249 1837 “
267 1787 366 1891 παρὰ
392 1789 527 1892 Κυρίου
551 1790 608 1869 ἐπὶ
633 1788 778 1887 Σόδομα
802 1797 876 1892 πῦρ
900 1791 960 1867 καὶ
986 1788 1110 1867 θεῖον·”
1147 1788 1222 1867 ἐπεὶ
1249 1788 1308 1865 καὶ
1335 1787 1426 1887 αῦτη

59 1921 101 1974 P..
112 1938 136 1972 ¹·
148 1919 171 1972 ⁶·
194 1917 301 1995 Βτοῖς
318 1913 431 1991 ἐκεῖνα
447 1919 674 2011 πλημμελεῖν
691 1908 858 1992 εἰωθόσιν
875 1911 898 2011 ἦ
923 1911 1022 2012 μερὶς
1047 1918 1112 1990 τοῦ
1137 1907 1309 2010 ποτηρίου
1332 1941 1421 2011 πρε·

226 2033 454 2133 πωδεστάτη.
493 2041 593 2117 ποῖος
621 2034 684 2114 οῦν
706 2034 776 2137 ἄρα
804 2033 936 2138 Κύριος
963 2031 1064 2135 παρὰ
1089 2032 1193 2114 ποίου
1221 2033 1356 2134 Κυρίου
1382 2029 1426 2110 τὸ

226 2164 299 2259 πῦρ
335 2158 487 2262 ἐπηφίει,
514 2161 574 2236 καὶ
604 2155 668 2242 τὰς
702 2163 774 2237 τῶν
802 2162 1008 2257 Σοδομιτῶν
1039 2154 1238 2262 κατέφλεξε
1269 2150 1422 2252 πόλεις;
1442 2187 1477 2246 15

226 2280 312 2359 ἀλλ’
332 2281 411 2359 ἐστι
437 2284 559 2379 δῆλον,
578 2284 626 2365 ὡς
650 2282 670 2359 5
690 2278 819 2384 Πατὴρ
846 2282 889 2358 δι’
909 2284 1001 2360 Υίοῦ
1027 2276 1146 2360 πάντα
1171 2281 1333 2379 ἐνεργῶν,
1351 2279 1427 2357 ἐπεὶ

226 2404 285 2482 καὶ
303 2402 450 2501 δύναμις
474 2404 582 2482 αῦτοῦ
606 2407 664 2483 καὶ
688 2403 851 2508 βραχίων
868 2405 979 2501 ἐστὶν,
998 2400 1107 2482 αὐτὸν
1125 2402 1337 2499 Σοδομίταις
1355 2400 1427 2479 ῦειν

226 2525 335 2606 ἐποίει
367 2523 410 2604 τὸ
440 2533 524 2628 πῦρ.
571 2525 628 2605 ὅτε
660 2529 779 2607 τοίνυν
812 2524 944 2629 Κύριος
975 2523 1076 2628 παρὰ
1111 2524 1246 2627 Κυρίου
1278 2520 1321 2604 τὸ
1352 2531 1428 2627 πῦρ

226 2649 368 2732 ἐκείνοις
386 2648 525 2754 ἐφίησι,
546 2654 624 2734 πῶς
644 2650 711 2754 οῦχ
733 2647 865 2752 ἕτερος,
887 2647 977 2728 ὅσον
995 2654 1044 2733 είς
1062 2646 1104 2727 τὸ
1124 2646 1219 2731 ἰδίως
1237 2643 1424 2752 ῦποίρχειν,

226 2766 325 2872 παρὰ
353 2767 416 2849 τὸν
438 2768 528 2850 Υίδν
555 2772 576 2850 5
606 2769 745 2872 Πατὴρ,
770 2774 828 2850 καὶ
855 2770 901 2849 οῦ
927 2771 1041 2850 πάλιν
1069 2772 1088 2848 5
1117 2767 1206 2851 Υἱός
1233 2766 1333 2872 παρὰ
1362 2767 1428 2850 τόν
1441 2802 1479 2844 ιο

198 2890 376 2994 θΠατέρα
393 2924 404 2989 ;
434 2880 477 2972 τὸ
495 2892 567 2996 γὰρ
585 2891 624 2972 ἓν
642 2896 690 2976 ὡς
708 2893 753 2999 ἐξ
768 2892 845 2977 ἐνὸς
862 2895 899 2971 ἐν
916 2892 1031 2999 τούτῳ
1050 2893 1274 2993 σημαίνεται.

282 3045 382 3092 κλιο.
420 3018 643 3123 Προφητικῷ
679 3015 881 3114 κινούμενος
917 3014 1102 3114 πνεύματι,
1138 3018 1197 3095 καὶ
1236 3016 1278 3094 δι’
1316 3015 1427 3094 αὐτοῦ

225 3138 272 3219 τὰ
290 3139 444 3239 ἐσόμενα
464 3141 724 3242 προγινώσκων
743 3140 763 3218 ό
781 3135 952 3242 μακάριος
974 3135 1187 3245 ψαλμιρδδς,
1206 3138 1274 3243 οῦχ
1299 3137 1427 3240 ε’τῲως

226 3261 401 3343 δύνασθαι
420 3267 638 3362 διασωθῆναι
663 3261 705 3342 τδ
730 3260 829 3364 γένος
855 3259 980 3341 ἐνενόει
1005 3259 1049 3340 τὸ
1073 3260 1308 3363 ἀνθρώπινον,
1327 3259 1429 3360 εἰμὴ

226 3382 286 3463 διδ
312 3384 422 3485 μόνης
451 3389 513 3482 τῆς
542 3387 748 3492 ἐπιφανείας
776 3392 840 3465 τοῦ
868 3388 958 3464 Υίοῦ
985 3391 1050 3463 τοῦ
1079 3388 1185 3480 Θεοῦ,
1214 3390 1278 3462 τοῦ
1307 3379 1429 3463 πάντα
1442 3415 1479 3476 ²5

226 3507 366 3612 ῥᾳδίως,
384 3507 440 3612 ἐφ’
461 3506 549 3609 ὅπερ
567 3505 613 3586 οἲν
631 3509 812 3603 βούλοιτο,
826 3503 1117 3611 μεταῤῥυθμίζειν
1136 3503 1337 3610 ίσχόοντος.
1369 3504 1429 3584 διαί

227 3662 282 3708 τοι
300 3638 407 3709 τοῦτο
424 3629 631 3728 πέμπεσθαι
655 3628 746 3733 πρὸς
771 3631 864 3731 ἡμᾶς
888 3627 1083 3732 παρεκάλει
1099 3628 1164 3709 τὸν
1181 3627 1283 3726 Υίῦν,
1301 3626 1364 3708 ἅτε
1382 3627 1428 3729 δὴ

193 3752 286 3831 daca}
315 3750 427 3850 μόνον
457 3751 566 3832 αὐτὸν
597 3752 782 3856 διασώζειν
816 3752 990 3857 ἰσχύοντα
1020 3749 1103 3835 τοῦς
1135 3748 1204 3831 ῦπδ
1237 3758 1339 3855 χεῖρα
1368 3753 1428 3832 καὶ

266 4033 289 4070 1.
304 4016 319 4085 ἢ
333 4017 367 4073 Β.
376 4017 490 4072 νόσους.
503 4019 522 4073 1.
530 4035 554 4072 c.
567 4019 608 4072 καὶ
621 4018 672 4073 Ed.
720 4018 797 4073 ἕνάδα
823 4017 908 4073 ἔναδέ
922 4016 954 4071 Β.
1168 4034 1193 4083 4.
1212 4017 1246 4072 ῦς
1258 4024 1428 4102 assumptum

227 4103 260 4139 ex
274 4085 306 4141 Β.
319 4104 375 4141 non
387 4086 467 4142 habet
479 4089 593 4143 Veccus.
750 4103 777 4158 5.
795 4110 868 4142 εστιν
879 4104 927 4157 pro
939 4083 1002 4141 εἶναι
1016 4085 1049 4139 Β.
1203 4085 1229 4139 8.
1248 4085 1429 4155 ἐμπιπρησθαι

229 4154 312 4210 Euth.
325 4156 375 4210 Ed.
389 4158 566 4227 ἐμπιπράσθαι
580 4157 612 4212 Β.
822 4174 848 4229 9.
867 4157 912 4226 ἐξη
981 4155 1023 4224 ἔνη
1037 4155 1109 4210 Β.1).
1123 4153 1206 4209 Βοῦν.
1219 4154 1361 4226 ἐξηγημίνη
1374 4155 1427 4212 Ed.

231 4239 272 4277 ιο.
291 4227 305 4277 ὁ
318 4237 485 4315 assumptum
498 4246 531 4310 ιρι
545 4227 577 4282 Β.
592 4227 675 4308 Βοῦν.Ι
781 4242 822 4298 15.
841 4179 992 4298 ε’πηφίείυβ.
1012 4226 1020 4246 ‘
1080 4228 1122 4279 “nt
1135 4223 1218 4278 Eutb.
1233 4225 1361 4294 ἐπαφίησι
1374 4225 1427 4280 Ed.

231 4292 272 4348 16.
289 4295 372 4349 πάντα
383 4296 408 4349 δι
428 4300 490 4351 Υίοῦ
502 4315 608 4352 mverso
619 4297 712 4381 οτθιρο
725 4296 808 4352 Euth.
956 4313 998 4367 19.
1018 4296 1032 4350 ε’
1080 4317 1109 4351 σι
1123 4294 1156 4349 Β.
1169 4293 1252 4350 Ruth.
1264 4295 1361 4365 ἀφίησι
1374 4293 1441 4351 Ed.-

225 4414 342 4535 πῶςΒοῦχ
355 4413 448 4484 ἔτερος,
463 4416 536 4486 ὅσον]
551 4422 605 4474 πῶς
617 4382 760 4484 οῦνοέἐερος
773 4415 802 4471 δν
814 4416 874 4484 (sic)
888 4416 921 4471 B.
1107 4415 1150 4469 28.
1167 4414 1245 4469 αὐτὸν
1256 4423 1427 4487 assumptum

225 4499 259 4536 ex
299 4523 306 4538 .
