3038 5018
98 304 152 368 vii.
168 306 219 370 28.
399 304 455 368 IN
487 305 520 367 S.
545 305 565 366 J
572 303 800 368 OANNEM.
846 304 941 368 LIB.
959 305 999 367 V.
1236 305 1298 367 655

98 478 121 516 “
139 469 280 571 ῆμεριῦν
297 467 459 553 αἰῶνος.”
496 466 563 568 τὴν
582 468 626 546 δέ
645 501 687 569 γε
712 469 750 545 ἐκ
771 467 916 569 Πατρός
943 470 1000 546 καί
1026 472 1121 547 Θεοῦ
1146 468 1300 570 ἅρῥητον

99 590 270 694 γέννησιν
287 596 335 677 ὡς
353 592 403 672 ένι
423 590 717 696 διερμηνεύοντες,
734 588 758 690 ῆ
777 590 886 672 ε’κεῖνό
905 600 1032 695 φασιν,
1051 590 1140 692 ὅπερ
1158 591 1300 689 εἴπομεν

99 712 309 821 φθάσαντες
328 727 349 763 “
364 714 443 816 Τῆν
460 715 587 819 γενεὰν
609 716 719 795 αὑτοῦ
742 716 796 799 τίς
821 713 1054 818 διηγήσεται;
1086 713 1141 794 ὅτι
1166 714 1300 817 αἴρεται
1365 749 1389 829 .'
1421 713 1436 726 '⁶

98 851 121 887 “
139 840 211 920 ἀπὸ
236 845 300 940 τῆς
322 845 389 942 γῆς
415 841 438 939 ῆ
464 837 535 941 ζωὴ
559 841 703 919 αῦτοῦ·”
732 837 756 939 ἰγ
784 837 826 918 τδ
854 844 906 946 τῷ
932 839 1165 941 παροισθέντι
1188 872 1298 918 συνε-

68 962 290 1065 5ζενγμένον
307 962 416 1069 ῥητόν
433 975 455 1011 “
472 966 544 1044 Ka)
563 968 600 1042 αἰ
618 963 737 1070 ἔξοδοι
753 964 863 1042 αὐτοῦ
881 964 941 1043 ἀπ’
962 965 1076 1067 ἀρχῆς
1097 963 1141 1069 ἐξ
1160 963 1301 1065 ῆμεριῦν

101 1097 121 1136 “
139 1090 299 1173 αἰῶνος.”
338 1088 482 1195 ἐξόδους
501 1085 574 1188 γὰρ
591 1088 742 1167 ἐνταῦθα
765 1094 830 1166 τοῦ
850 1091 1082 1187 Μονογενοῦς
1105 1085 1171 1186 τῆν
1190 1090 1236 1169 ὡς
1263 1089 1301 1165 ἐκ

100 1210 221 1317 φωτὸς
249 1211 472 1316 ἀνάλαμφιν,
493 1213 552 1290 καί
578 1209 650 1311 πρὸ
677 1207 813 1293 παντός
841 1215 967 1294 αἰιῦνος
996 1215 1053 1289 καί
1081 1208 1213 1312 ἡμέρας
1242 1212 1300 1288 καὶ

99 1337 212 1438 ῥοπῆς
236 1341 283 1418 εἰς
312 1337 404 1415 ἰδίαν
428 1333 583 1440 ὕπαρξιν
606 1332 783 1437 ἐκδρομὴν
801 1331 927 1435 ὥσπερ
953 1330 1033 1412 τινὰ
1057 1331 1122 1432 τὴν
1141 1330 1213 1413 οἰπίι
1238 1335 1337 1430 τῆςιΙ

100 1467 165 1539 τοῦ
194 1457 356 1544 τεκόντος
386 1459 511 1543 οὐσίας
543 1460 722 1559 σημαίνει.
767 1458 879 1563 οἰμφω
907 1466 1099 1560 τοιγαροῦν
1125 1457 1211 1555 ἡμῖν
1237 1461 1302 1555 τῆς

52 1613 88 1654 10
101 1585 206 1687 ἁγίας
232 1586 489 1686 παρατιθείσης
516 1586 672 1686 γραφῆς,
693 1584 750 1661 καί
777 1588 849 1660 τῶν
872 1586 974 1682 ίερῶν
998 1580 1222 1684 γραμμάτων
1244 1586 1302 1660 καὶ

100 1706 194 1788 πόθεν
212 1705 314 1786 ἔσται
333 1704 516 1808 λεγόντων
532 1704 575 1784 τδ
601 1704 692 1785 κατὰ
715 1705 836 1806 σάρκα
853 1705 1029 1808 Χριστὸς,
1048 1708 1106 1785 καί
1129 1703 1304 1808 ἀζήτητον

101 1830 285 1931 τιμώντων
313 1837 405 1936 σιγῇ
436 1829 503 1929 τὴν
532 1832 571 1908 ἐκ
603 1829 749 1930 Πατρός
778 1830 944 1936 ὕπαρξιν,
972 1835 1051 1914 ττιῦς
1082 1831 1145 1909 οῦκ
1174 1829 1220 1908 ἄν
1249 1864 1303 1912 τις

102 1955 260 2057 εὐλόγως
292 1955 334 2033 οῦ
366 1953 515 2054 μετρίως
545 1951 808 2051 ἀμαθαίνοντας
840 1953 923 2038 τοῦς
952 1953 1145 2037 Ἰουδαίους
1174 1951 1300 2055 εὑρὼν,

102 2077 224 2159 πλατὺ
250 2076 413 2180 γελάσας
441 2078 515 2179 ἐρεῖ
539 2077 620 2156 Οὐκ
648 2074 720 2156 οἰττδ
747 2077 859 2174 μόνου
886 2085 951 2157 τοῦ
979 2076 1030 2177 μῆ
1057 2076 1304 2178 γινώσκεσθαι

53 2231 90 2291 15
104 2202 169 2300 τὴν
187 2202 311 2302 γενεὰν
328 2209 393 2279 τοῦ
411 2206 586 2298 Χριστοῦ,
606 2198 652 2279 τὰ
671 2200 723 2280 ἐπ’
744 2201 842 2308 αὐτῷ
859 2198 1038 2302 ζητητέον,
1057 2198 1158 2279 ἀλλοί
1182 2204 1241 2281 καί
1264 2203 1303 2281 έκ

103 2332 167 2403 τοῦ
185 2322 427 2425 γινώσκεσθαι
446 2325 498 2407 τίς
517 2326 574 2403 καί
592 2322 703 2404 πόθεν
722 2325 872 2426 ὁρμᾶται
890 2322 933 2404 τδ
952 2323 1043 2405 κατὰ
1061 2321 1183 2427 σάρκα
1198 2358 1209 2422 3
1315 2355 1333 2396 e

99 2541 262 2629 Ἔκραξεν
290 2536 346 2605 οὖν
374 2541 541 2610 ὁἸιισοῦε
568 2538 733 2607 διδάσκων
760 2541 794 2607 ὲν
822 2544 869 2626 τῷ
897 2539 975 2632 ἰερῲ
1003 2542 1056 2608 καί
1082 2543 1188 2616 λε’των
1216 2541 1301 2618 Κάμὲ
1318 2546 1355 2602 28

418 2662 541 2747 οἴδατε,
570 2666 622 2730 καὶ
649 2661 762 2734 οἴδατε
790 2667 890 2734 πόθεν
918 2665 993 2745 εἰμί.

159 2827 361 2929 Ἀλλῆλοις
396 2830 512 2930 ἠρέμα
548 2828 808 2936 φιθυριζόντων
840 2820 953 2909 ε’κεῖνα
991 2835 1064 2910 τιῦν
1091 2831 1299 2933 Ἱεροσολυ-

53 2988 91 3030 20
104 2954 229 3053 μιτεῦν·
272 2954 314 3033 οὐ
341 2951 414 3056 γὰρ
441 2953 657 3051 ἀπετόλμων
685 2963 707 3003 “
720 2955 758 3032 έν
785 2955 970 3060 παῤῥησίρ
998 2960 1126 3033 λαλεῖν
1154 2953 1212 3032 διὰ
1240 2951 1304 3032 τὸν
1350 2951 1451 3079 ξξξῗ3

105 3089 127 3126 “
146 3076 266 3184 φόβον
283 3083 356 3157 τῶν
373 3077 586 3172 Ἰουδαίων,”
601 3075 695 3156 καθοί
712 3076 922 3180 γέγραπται·
943 3077 1081 3183 δέχεται
1099 3078 1213 3158 πάλιν
1231 3084 1305 3157 τῶν

105 3201 295 3302 εἰρημένων
324 3199 391 3301 τὴν
423 3207 562 3301 γνῶσιν
595 3207 800 3303 θεοπρεπῶς
835 3202 855 3280 δ
887 3201 1061 3303 Χριστός.
1115 3201 1234 3302 ἐπειδὴ
1266 3202 1305 3282 δὲ

106 3331 358 3430 προσωφελεῖν
376 3323 432 3404 ὅτι
456 3323 585 3427 πρέποι
611 3322 792 3404 διεσκόπει
816 3324 898 3408 τοὺς
924 3324 1065 3428 ἄνδρας,
1084 3331 1335 3431 ταραχρῆμαν
1355 3339 1473 3396 ἈΒΔ

106 3447 252 3528 δεικνύει
286 3451 465 3550 θεοπρεπῆ
498 3447 610 3527 πάλιν
638 3451 675 3527 έν
703 3449 816 3553 ἑαυτῷ
846 3445 912 3546 τὴν
939 3449 1132 3550 ἐνέργειαν,
1164 3453 1222 3529 καί
1251 3450 1305 3530 ὅτι

54 3595 93 3655 25
106 3569 251 3651 πάντων
276 3570 347 3674 ἔχει
373 3569 439 3668 τὴν
467 3577 605 3672 γνοῦσιν
633 3570 876 3652 ἀνακαλύπτει
903 3579 1046 3677 σαφῶς.
1084 3573 1214 3680 ἐξαίρει
1241 3573 1306 3669 μίν

107 3693 177 3797 γὰρ
203 3698 251 3777 εἰς
277 3696 371 3797 ὕψος
397 3690 463 3793 τῆν
488 3693 591 3794 βοὴν,
613 3694 727 3774 καίτοι
753 3695 928 3797 πρότερον
951 3697 1015 3775 οὐκ
1042 3694 1173 3779 εἰωθὼς
1200 3705 1306 3776 τοῦτο

105 3816 276 3919 πράττειν
298 3814 414 3914 αὐτὸς,
433 3815 608 3922 διελέγχει
633 3815 672 3897 δέ
698 3814 810 3898 πάλιν
835 3820 883 3901 ὡς
908 3819 970 3898 οὐκ
996 3818 1144 3923 ἔχοντας
1167 3820 1307 3921 ἑδραῖον

108 3940 172 4021 τὸν
199 3951 282 4021 νοῦν
309 3945 372 4040 τῆς
401 3940 641 4021 θεοπνεύστου
667 3946 822 4047 γραφῆς,
848 3946 906 4021 καὶ
933 3942 1033 4046 ῥίζαν
1056 3949 1206 4024 ποιεῖται
1233 3951 1307 4029 τοῖς

107 4065 232 4145 ἑαυτοῦ
260 4064 384 4168 λόγοις
412 4063 454 4144 τδ
482 4067 519 4144 ἐν
539 4064 769 4172 παραβύστῳ
797 4068 856 4144 καί
883 4063 990 4163 μόλις
1018 4066 1303 4166 ἀπεπτυσμένον.

145 4268 170 4306 τ.
188 4250 203 4319 η
217 4260 387 4323 assumptum
400 4269 432 4305 ex
446 4250 504 4304 B.c.
517 4248 599 4305 Cord.
648 4249 712 4321 ὅπερ
727 4248 759 4304 B.
772 4250 862 4319 ὥσπερ
877 4249 928 4304 Ed.
1018 4267 1045 4316 4.
1064 4248 1261 4321 bassumptum
1273 4269 1306 4306 ex

110 4322 167 4376 B.c.
182 4321 265 4378 Cord.
336 4336 362 4392 5.
376 4323 403 4374 ai
415 4329 584 4391 assumptum
596 4338 629 4374 ex
643 4320 702 4374 B.c.
717 4319 798 4374 Cord.
813 4322 900 4390 (Alex.
914 4320 949 4374 cf.
963 4336 1044 4390 supra
1060 4319 1155 4390 132e.)
1227 4322 1253 4376 8.
1266 4322 1307 4376 ε’κ-

108 4393 206 4462 δρομὴν
220 4393 277 4446 B.c.
292 4391 374 4446 Cord.
387 4391 527 4514 εἰσδρομὴν
539 4390 591 4446 Ed.
696 4407 737 4444 ιο.
755 4391 944 4460 παρατεθείσης
956 4390 989 4445 Β.
1005 4390 1094 4445 Ηοίςῑ.
1107 4391 1222 4444 correxit
1234 4392 1306 4447 Aub.

112 4480 153 4520 11.
170 4466 201 4517 τὸ
213 4473 382 4532 assumptum
396 4479 428 4514 ex
468 4501 474 4514 .
533 4509 538 4518 ,
585 4478 626 4533 ¹9·
646 4458 741 4531 ἐκεῖνα]
755 4464 836 4515 ταῦτα
848 4479 872 4516 ιι.
943 4479 946 4487 ·
982 4477 1025 4527 24.
1044 4461 1242 4535 ῖαυτῷιι.αὖτῷ
1255 4461 1308 4518 Ed.

110 4534 152 4587 τό.
172 4537 248 4587 τοῦτο
260 4543 429 4602 assumptum
442 4548 473 4585 ex
486 4549 511 4585 a.
620 4548 663 4600 29·
681 4530 879 4600 ἀπεπτυσμένον
893 4531 926 4586 Β.
937 4530 1133 4600 ἀπιστουμένας
1147 4531 1198 4586 Ed.
