3038 5018
225 297 268 361 42
529 298 568 362 B.
592 295 803 363 CYRILLI
831 295 1120 364 ALEXANDR.
1358 294 1379 359 i.
1396 312 1423 356 1.

225 467 330 542 τοῦτο
348 460 493 543 ἀτοπον·
522 464 649 545 οὐκοῦν
667 465 731 544 οὐκ
749 460 910 545 ε’λάττων
929 465 949 543 ὁ
967 461 1065 562 Υἱὸς,
1083 465 1122 544 ἐν
1140 457 1236 571 ᾧπερ
1252 457 1421 568 ἐξεικονί-

226 585 320 688 ζεται
337 585 470 672 τέλειος
488 585 539 666 ὧν
557 589 577 667 ὁ
598 586 739 691 Πατήρ.

282 741 383 790 Amo,
424 714 497 791 Καὶ
528 717 605 795 πῶς
635 708 682 790 ἂν
712 709 755 791 τὸ
787 708 951 810 ἔλαττον,
982 708 1005 811 ἢ
1038 712 1076 790 έν
1108 706 1237 811 οἶσπέρ
1268 706 1369 786 ἐστιν
1401 705 1422 783 ὁ

58 843 132 963 ἓξ·
229 831 368 938 Πατήρ,
390 831 439 914 ἀν
467 835 487 914 ό
511 834 598 919 Υἱὸς
626 835 837 943 ἐπιδίζηται,
859 835 978 939 λέγων
1004 830 1230 936 ἀνεγκλήτως
1258 840 1280 879 “
1293 827 1422 910 Πάντα

121 922 1394 1006 ιδ’(ςανιςιςιιμικικὶἱὶ

198 980 217 1027 ⁰
266 991 339 1038 οσα
355 990 425 1063 εχει
443 993 464 1038 ο
483 964 612 1062 Πατηρ
630 993 698 1055 εμα
715 993 795 1039 εστι
858 992 916 1039 και
933 967 1055 1055 παλιν,
1075 992 1123 1042 ως
1139 988 1230 1057 προς
1248 988 1312 1033 τον
1325 956 1454 1035 Θεον5

59 1089 171 1206 ξῑέῑνὶῑ·
228 1082 286 1160 καὶ
305 1080 462 1185 Πατέρα,
480 1081 534 1161 ότι
553 1092 575 1129 “
587 1079 708 1162 πάντα
724 1081 770 1161 τά
786 1081 854 1182 ἐμοὶ
878 1080 931 1163 σά
955 1083 1066 1179 ἐστιν,
1085 1083 1143 1160 καὶ
1164 1077 1211 1158 τά
1232 1076 1286 1158 σά
1306 1072 1420 1176 ε’μό;”

226 1209 257 1284 εἰ
275 1202 347 1307 γὰρ
365 1204 476 1289 ὄντως
493 1207 571 1284 ἐστὶ
593 1204 684 1285 κατὰ
704 1204 770 1305 τήν
787 1211 895 1286 τινῶν
912 1205 1088 1302 ἀβουλίαν
1105 1199 1266 1283 ε’λόττων
1284 1201 1304 1280 ό
1322 1195 1422 1294 Υἱὸς,

225 1327 413 1431 ἐπειδήπερ
440 1328 606 1429 ἀληθεύει
633 1328 752 1430 λέγων
776 1328 867 1433 πρὸς
893 1326 957 1410 τόν
980 1327 1127 1432 Πατέρα
1149 1337 1170 1375 “
1186 1324 1246 1407 Τά
1272 1322 1341 1423 έμά
1367 1320 1422 1402 σό

226 1459 248 1499 ‘⁴
267 1453 346 1530 ε’στι
376 1454 435 1531 καὶ
464 1450 510 1532 τά
537 1450 589 1532 σά
615 1450 713 1550 ε’μά,”
742 1453 901 1557 χωρήσει
932 1454 991 1532 καὶ
1020 1454 1078 1532 ἐπὶ
1109 1446 1174 1530 τόν
1202 1447 1348 1551 Πατέρα
1378 1443 1421 1526 τὸ

226 1570 388 1671 ἔλαττον,
410 1578 469 1655 καὶ
496 1573 538 1656 τὸ
565 1576 682 1679 μεῖζον
704 1576 832 1675 ὁμοίως
859 1578 916 1657 ἐπὶ
943 1572 1008 1656 τόν
1029 1571 1130 1672 Υὶδν,
1153 1569 1421 1678 ἀδιαφοροόσης
1436 1607 1474 1647 ιο

161 1794 163 1798 y
225 1699 291 1795 τῆς
317 1703 390 1778 τῶν
412 1695 635 1802 πραγμάτων
658 1698 804 1805 τάξεως,
830 1700 927 1802 εἴπερ
954 1700 992 1778 ἐν
1015 1697 1169 1805 ἑκατεριρ
1196 1693 1243 1774 τά
1269 1690 1421 1801 έκατέριρ

226 1817 413 1922 προσόντα
433 1822 607 1927 φαίνεται,
628 1824 686 1901 καὶ
711 1821 799 1924 ὅπερ
823 1820 868 1901 ἂν
883 1821 936 1922 εἴη
957 1829 1021 1903 τοῦ
1042 1817 1198 1922 Πατρός,
1216 1813 1322 1897 τοῦτό
1340 1817 1421 1894 ἐστι

193 1943 286 2024 ᾶκαὶ
303 1950 367 2022 τοῦ
385 1948 486 2040 Υὶοῦ,
500 1946 559 2022 καὶ
575 1940 698 2042 πόλιν,
715 1944 804 2048 ὅπερ
822 1942 868 2024 ἀν
882 1942 1043 2049 ὑπάρχον
1060 1943 1149 2023 ἰ’διον
1167 1941 1336 2047 φαίνηται
1354 1944 1420 2018 τοῦ

226 2068 326 2164 Υἱοῦ,
342 2065 448 2146 τοῦτό
469 2067 548 2146 ἐστι
567 2070 625 2146 καὶ
646 2075 709 2147 τοῦ
729 2068 887 2172 Πατρός.
926 2066 1026 2148 οὐδὲν
1045 2067 1107 2147 οὖν
1125 2060 1283 2144 κωλύσει
1300 2060 1420 2163 λέγειν

225 2184 400 2268 ε’λάττονα
416 2196 479 2270 τοῦ
496 2193 586 2268 Υἱοῦ
603 2187 667 2270 τὸν
686 2191 844 2295 Πατέρα,
864 2192 922 2270 καὶ
940 2189 1082 2293 μείζονα
1104 2194 1168 2268 τοῦ
1189 2181 1334 2286 Πατρός
1355 2182 1420 2264 τὸν
1437 2210 1471 2271 15

225 2309 324 2394 Υἱόν.
374 2313 459 2391 ἀλλ’
493 2311 572 2392 ἔστι
604 2318 677 2391 τῶν
709 2311 959 2412 ἀτοπωτάτων,
993 2315 1052 2393 καὶ
1084 2309 1195 2411 μόνον
1225 2310 1355 2388 ἐννοεῖν
1385 2341 1421 2387 τι

224 2443 398 2515 τοιοῦτον·
442 2434 522 2519 ἰ’σος
558 2435 628 2538 ἀρα
663 2440 722 2515 καὶ
759 2437 823 2516 οὐκ
859 2436 1019 2518 ε’λοὶττων
1051 2437 1071 2515 ὁ
1103 2431 1203 2514 κοινά
1233 2429 1325 2534 πρὸς
1355 2429 1422 2512 τὸν

228 2558 374 2661 Πατέρα
395 2556 441 2638 τά
464 2562 527 2658 τῆς
552 2559 676 2644 οὐσίας
701 2559 794 2664 ἔχων
814 2559 1117 2661 πλεονεκτήματα.

645 2786 746 2854 ’Άλλο
769 2791 801 2854 ἑκ
823 2793 875 2853 τοΰ
897 2789 996 2854 αὐτοῦ.

281 2953 326 3028 Εἰ
344 2946 463 3030 πάντα
482 2948 554 3029 όσα
572 2950 644 3056 ἔχει
662 2953 682 3031 ό
702 2951 843 3057 Πατὴρ,
856 2961 969 3034 ταῦτα
985 2949 1129 3035 πόντως
1145 2948 1223 3030 ἐστὶ
1242 2954 1305 3028 τοῦ
1318 2951 1421 3044 Υἱοῦ,
1436 2984 1473 3026 ιο

195 3070 304 3152 οέστι
329 3071 367 3152 δὲ
392 3075 429 3153 ἐν
448 3075 567 3178 Πατρὶ
591 3071 634 3155 τό
658 3074 803 3173 τέλειον,
823 3077 954 3160 τέλειος
976 3075 1078 3155 ἔσται
1098 3076 1156 3154 καὶ
1174 3074 1194 3152 ό
1212 3069 1300 3156 Υἱὸς
1317 3072 1338 3150 ὃ
1356 3079 1422 3151 τοῦ

226 3195 372 3300 Πατρός
399 3197 492 3303 έχων
518 3197 565 3278 τά
591 3197 662 3278 ἴδια
690 3203 747 3280 καὶ
774 3200 949 3308 ἐξαίρετα.
1003 3199 1130 3280 οὐκοῦν
1156 3197 1220 3277 οὐκ
1248 3193 1420 3294 ε’λάττων,

225 3316 316 3399 κατά
334 3317 399 3420 τὴν
417 3326 489 3400 τῶν
507 3325 689 3426 αἱρετικῶν
707 3323 934 3419 δυσσέβειαν.

260 3550 361 3619 Ἀλλο
376 3557 424 3621 διδ
438 3559 488 3637 τῆς
504 3560 546 3626 εἷς
561 3558 672 3625 ἄτοπον
688 3560 857 3644 ἀπαγωγῆς,
872 3563 948 3642 μετὰ
964 3562 1136 3641 συμπλοκῆς
1151 3564 1368 3643 συλλογισμοῦ.

281 3713 498 3818 Λεγέτωσαν
528 3716 612 3815 ἡμῖν
646 3722 678 3798 οἱ
713 3715 781 3817 τήν
813 3718 999 3815 ἄσβεστον
1031 3717 1158 3823 φλόγα
1188 3721 1253 3817 τῆς
1285 3717 1420 3799 ἑαυτῶν
1435 3745 1471 3807 25

223 3838 455 3943 καταχέοντες
483 3843 653 3945 κεφαλῆς,
678 3844 735 3921 καὶ
763 3840 829 3942 τήν
855 3841 920 3942 μέν
944 3844 982 3922 ἐν
1006 3849 1081 3927 τοῖς
1108 3842 1211 3925 θείοις
1238 3839 1420 3944 δόγμασιν

223 3960 400 4064 ὀρθότητα
425 3962 712 4067 παραιτούμενοι,
738 3963 904 4072 στροφὰς
933 3963 971 4046 δὲ
998 3965 1172 4046 ποικίλων
1199 3965 1427 4069 ἐπινοοῦντες,

260 4187 284 4227 1.
303 4171 478 4241 ι’ξιικονέζεται
491 4172 523 4229 Β.
536 4173 620 4229 Ruth.
632 4174 778 4242 εἶκονίζετσι
791 4174 843 4230 Ed.
986 4193 1011 4234 2.
1029 4179 1044 4231 ὁ
1058 4177 1148 4250 Πατήρ
1160 4178 1196 4232 δν
1207 4178 1313 4233 inverso
1324 4175 1419 4232 ordine

223 4240 307 4296 Euth.
403 4260 430 4315 3.
448 4243 530 4314 ήοιυ.
543 4243 626 4299 Euth.
715 4265 742 4314 4.
759 4247 974 4318 &vassumptum'
987 4265 1020 4302 ex
1033 4248 1117 4304 Ruth.
1164 4248 1349 4316 ε’πιδέξετο(ε
1362 4248 1418 4302 ἐπι·

223 4311 336 4382 δέξατο)
350 4312 382 4368 Β.
521 4328 548 4385 5.
567 4316 613 4370 τὸν
623 4331 678 4371 om.
691 4315 724 4371 Β.
868 4334 908 4372 ιι.
928 4320 973 4387 τῆς
984 4336 1039 4373 om.
1053 4318 1085 4373 E.
1230 4334 1271 4389 13·
1289 4317 1331 4373 καὶ
1343 4318 1419 4408 ptius

222 4391 435 4452 assumptumex
448 4383 481 4439 B.
495 4384 577 4440 Euth.
705 4403 746 4454 ¹4·
764 4387 806 4441 καὶ
818 4397 988 4458 assumptum
999 4405 1031 4442 ex
1045 4388 1129 4446 Euth.
1256 4404 1299 4443 το.
1317 4409 1419 4444 παντως

223 4450 291 4506 Β.Ε.
303 4452 386 4506 πάντα
398 4452 449 4507 Ed.
592 4471 634 4527 23.
653 4456 824 4529 δυσσέβιιαν]
837 4457 1012 4524 δυσβοόλιιαν
1024 4459 1057 4516 Β.
1205 4471 1248 4531 25.
1265 4459 1311 4528 τῆς
1321 4460 1420 4514 ἑαυτῶν

222 4521 388 4594 καταχέοντες
398 4521 450 4578 hoc
462 4523 553 4581 ordine
567 4525 599 4581 B.
