3038 5018
219 289 284 352 388
524 287 563 351 Β.
587 286 795 351 CYRILLI
824 287 1113 352 ALEXANDR.
1323 310 1355 351 v.
1369 304 1425 372 45.

135 462 141 475 .
275 449 286 477 ε
371 453 381 477 .
432 449 443 476 ε
560 453 572 481 .
746 459 762 476 .
870 451 880 476 .
953 454 965 482 ,
1003 455 1012 477 .
1060 458 1076 475 .
1144 449 1154 478 ι
1413 451 1427 479 ε

162 498 168 511 ·
221 485 312 556 προς
339 485 466 536 αυτονς
493 484 574 552 περι
598 456 763 552 Χριστου
781 461 803 496 “
819 456 885 550 Μη
908 486 966 531 και
995 486 1091 550 υμεις
1113 457 1236 531 θελετε
1264 455 1428 550 μαθηται

223 586 247 623 “
264 577 373 655 αὐτοῦ
403 573 569 676 γενέσθω
581 574 615 670 ;”
658 572 849 677 διαῤῥήδην
880 575 982 660 εὐθύς
1015 574 1295 677 ἀνακεκραγότες
1328 573 1434 679 φασί

141 748 147 761 -
225 709 247 745 “
268 697 320 777 Σύ
356 697 516 797 μαθητής
549 693 582 775 εἷ
612 699 753 792 ε’κείνου,
785 698 884 796 ἡμεῖς
921 698 959 777 δὲ
993 705 1057 777 τοῦ
1090 697 1279 782 Μωυσέως
1315 694 1431 795 ε’σριὲν

225 831 248 869 “
265 821 455 922 μαθηταί.”
508 818 734 925 κατηγορήσει
768 821 896 917 τοίνυν,
925 825 1029 926 φησὶ,
1064 825 1121 899 καὶ
1151 817 1257 904 αὐτὸς
1288 819 1378 926 ῦμιῖι
1412 829 1429 900 ὁ

225 943 383 1041 Μωυσῆς,
402 939 508 1049 ἐφ’ᾦ
534 949 660 1022 πᾶσαν
685 942 811 1023 ἔθεσθε
840 941 905 1042 τήν
927 945 1067 1040 ἐλπίδα,
1099 947 1156 1022 καὶ
1186 946 1250 1041 τῆς
1276 943 1468 1042 &vobem

227 1070 308 1163 ὐμῖν
325 1068 494 1149 ἀπονοίας
520 1063 738 1165 καταβοήσει
756 1064 855 1169 παρὰ
874 1071 957 1173 Θεῷ
974 1066 1064 1161 μετὰ
1082 1072 1154 1144 τῶν
1173 1065 1300 1145 ἄλλων
1318 1099 1433 1145 κατα

225 1189 479 1296 φρονούμευος.
539 1193 597 1267 καὶ
625 1189 666 1268 οὐ
699 1187 815 1288 δήπου
850 1198 1037 1288 νομιοῦμεν
1070 1189 1312 1291 ἀνεγκλήτους
1340 1185 1433 1268 εἶναι

225 1312 325 1416 παρὰ
353 1317 506 1418 Χριστῷ
535 1311 617 1396 τούς
647 1315 879 1396 ἀπειθοῦντας
910 1315 1015 1420 αὐτῷ,
1044 1312 1104 1391 διά
1131 1311 1174 1392 τὸ
1202 1311 1315 1417 φάναι
1338 1311 1435 1415 πρὸς

197 1435 417 1519 θ’[ονδαίους
437 1433 495 1527 Μή
513 1431 637 1515 θοκεῖτε
656 1435 704 1514 ’ότι
730 1433 797 1536 ἒγύ
824 1440 1039 1539 κατηγορήσω
1064 1434 1153 1540 ὐμίῖι
1171 1437 1254 1543 πρὶς
1272 1437 1324 1517 τόν
1344 1453 1432 1518 Ποι·
1497 1433 1505 1444 ”

228 1557 315 1667 τίρα.
343 1560 383 1639 τί
397 1557 469 1661 γάρ
488 1556 531 1657 δή
550 1561 608 1637 καὶ
627 1561 785 1660 ἐροῦμεν,
799 1557 886 1637 ὅταν
903 1558 1113 1659 ἀκούσωμεν
1131 1561 1241 1639 αὐτοῦ
1260 1560 1437 1661 λε’γοντος
1457 1599 1494 1639 ιο

60 1671 182 1801 ἓξὲξ
214 1693 251 1779 ,“
272 1690 352 1767 Πᾶς
375 1682 438 1761 οῦν
457 1681 558 1764 ὅστις
582 1679 858 1783 ὁμολογήσειέν
877 1684 954 1781 ἐμοὶ
973 1681 1178 1785 ἔμπροσθεν
1196 1689 1269 1762 τῶν
1286 1683 1433 1786 ἀνθρώ·

230 1818 251 1858 “
269 1842 358 1903 πων,
387 1803 608 1907 ὁμολογήσω
637 1805 737 1907 κάγὼ
768 1808 805 1885 ἐν
833 1807 928 1912 αὐτῷ
958 1806 1163 1908 ε”μπροσθευ
1190 1815 1254 1885 τοῦ
1284 1805 1438 1910 Πατρός

230 1943 251 1980 “
267 1964 337 2029 μου
361 1937 425 2008 τοῦ
447 1931 485 2008 ε’ν
508 1936 581 2012 τοῖς
610 1929 783 2029 οὐρανοῖς·
813 1927 915 2014 ὅστις
943 1931 977 2009 δ’
998 1927 1042 2009 ἀν
1061 1931 1267 2032 ἀρνήσηταί
1288 1964 1334 2028 με
1363 1930 1436 2030 ἔμ-

229 2065 250 2103 “
267 2060 429 2158 προσθευ
447 2058 519 2132 τιῦν
536 2051 746 2155 ἀνθρώπων,
760 2052 964 2154 ἀρνήσομαι
983 2052 1083 2155 κάγὼ
1101 2052 1211 2132 αὐτὸν
1224 2053 1440 2153 ἔμπροσθεν

228 2189 250 2227 “
268 2186 333 2258 τοῦ
354 2171 499 2278 Πατρός
527 2209 596 2272 μου
620 2184 685 2254 τοῦ
708 2177 746 2254 ε’ν
772 2183 844 2260 τοῖς
872 2177 1032 2278 οὐρανοῖς
1046 2177 1080 2273 ;”
1109 2173 1166 2278 ἀρ’
1187 2177 1250 2255 οὐκ
1273 2172 1440 2279 εὐλόγως
1457 2209 1495 2269 15

195 2298 477 2399 δῦπονοήσομεν
509 2298 873 2400 κατηγορηθήσεσθαί
905 2333 992 2380 ποτε
1029 2299 1129 2402 παρὰ
1165 2306 1217 2407 τῷ
1251 2304 1338 2407 Θεῷ
1376 2304 1441 2381 καὶ

231 2428 350 2525 Πατρὶ
380 2420 439 2500 διὰ
467 2425 531 2519 τῆς
560 2420 752 2521 ἀρνήσεως,
778 2420 860 2506 τούς
888 2420 1017 2525 οἷσπερ
1045 2421 1090 2503 ἀν
1114 2432 1220 2503 τοῦτο
1248 2424 1441 2530 συμβαίνῃ

229 2546 290 2628 διὰ
316 2552 504 2648 Χριστοῦ;
537 2542 620 2623 ἀλλ’
643 2541 812 2649 ῦπάρχειν
840 2543 937 2644 οἶμαι
962 2553 1067 2626 τοῦτο
1089 2549 1200 2627 παντί
1221 2582 1273 2655 τερ
1299 2547 1434 2654 σαφές.

231 2673 358 2752 οὐκοῦν
381 2671 445 2749 οὐκ
469 2668 649 2770 ε’λεύθεροι
673 2676 736 2747 τοῦ
760 2677 1036 2772 κατηγορεῖσθαι
1060 2670 1203 2756 πάντως
1226 2673 1319 2751 είσὶν
1337 2673 1435 2752 ’Iov-

232 2800 334 2892 δαῖοι,
353 2793 412 2873 διὰ
438 2798 576 2893 μακροῖς
601 2790 779 2874 ἀπειθείας
806 2794 1047 2892 ἀρνησάμενοι
1069 2793 1133 2874 τὸν
1152 2795 1328 2896 Χριστὸν,
1348 2786 1438 2878 ἀλλ’
1458 2832 1497 2870 20

231 2916 457 3024 εὐφυέστατα
484 2913 598 2996 πόλιν
626 2916 646 2995 ὁ
673 2913 764 3016 πρὸς
792 2914 919 2998 αὐτοῦς
945 2915 1017 3020 ἔχει
1049 2917 1171 3019 λόγος.
1211 2917 1330 3019 ἐπειδὴ
1363 2921 1441 3024 γάρ

232 3040 296 3125 τάς
324 3043 407 3142 παρ’
437 3041 546 3119 αὐτοῦ
577 3040 762 3121 νουθεσίας
791 3037 1050 3138 ἀποσειόμενοι,
1079 3043 1138 3119 καὶ
1166 3044 1204 3120 ἐν
1231 3047 1283 3149 τῷ
1311 3048 1443 3143 μηδενὶ

233 3162 510 3245 κατατάττοντες
535 3162 636 3270 λόγῳ
660 3161 726 3260 τήν
745 3162 843 3240 θείαν
861 3195 899 3240 τε
927 3165 985 3240 καὶ
1013 3161 1177 3264 οὐράνιον
1195 3168 1443 3250 διδασκαλίαν

233 3289 352 3383 αὐτοῦ,
370 3289 427 3367 ε’πὶ
445 3285 488 3365 τὸ
508 3289 635 3388 χρῆναι
654 3280 849 3390 φυλάττειν
867 3286 920 3363 ἀεὶ
945 3283 989 3363 τὰ
1011 3286 1199 3370 Μωυσέως
1215 3287 1442 3391 βαδίζουσιν,

99 3427 171 3507 ἓυίτε
204 3415 282 3495 εὼς
310 3412 369 3488 καὶ
396 3407 615 3510 γυμνότερον
638 3408 706 3510 ήδη
734 3414 896 3504 βοῶντας
925 3409 1078 3511 ὁρᾶσθαι
1098 3420 1119 3457 “
1137 3412 1265 3510 Ἡμεῖς
1293 3412 1444 3513 οἴδαμεν
1462 3449 1502 3509 ²5

99 3511 134 3543 η’
150 3507 189 3561 ²⁹⁰
234 3545 256 3582 “
276 3533 330 3615 ὅτι
360 3536 518 3612 Μωυσεῖ
546 3532 749 3633 λελάληκεν
779 3533 799 3610 ὁ
827 3531 934 3628 Θεὸς,
966 3542 1093 3614 τοῦτον
1125 3533 1164 3614 δὲ
1196 3537 1260 3615 οὐκ
1293 3537 1445 3637 οἴδαμεν

235 3667 257 3704 “
274 3656 386 3738 πόθεν
403 3653 534 3734 ἐστίν·”
573 3656 771 3754 ἀναγκαίως
795 3653 839 3754 δή
862 3655 1010 3761 σφόδρα
1035 3660 1094 3736 καὶ
1117 3664 1164 3741 είς
1186 3656 1295 3739 αὐτὸν
1313 3669 1447 3760 πλημ-

235 3785 432 3878 μελοῦντας
465 3774 605 3878 ἐλέγχει
636 3773 699 3853 τόν
727 3777 782 3881 ἐφ’
813 3773 843 3882 ᾧ
877 3786 1138 3884 μεγαλαυχῶσι
1169 3782 1347 3875 Μωυσέα,
1382 3789 1448 3867 καὶ

236 3901 479 4001 δεηθήσεσθαι
521 3897 587 3997 μὲν
623 3901 794 3997 μηδαμῶς
831 3899 949 4002 ἑτέρου
986 3902 1271 4006 κατηγοροῦντός
1310 3913 1447 4012 φησιν,

236 4025 442 4131 ε’ξαρκίσειυ
470 4021 508 4101 δὲ
540 4019 651 4120 μόνον
679 4022 797 4105 αὐτοῖς
830 4025 888 4101 καὶ
920 4022 984 4103 τὸν
1012 4026 1054 4104 δι’
1078 4025 1210 4106 ἐκείνου
1245 4027 1366 4129 νόμον,
1397 4035 1447 4114 δι’
1465 4058 1505 4114 30

238 4145 288 4227 ὧν
306 4153 514 4228 ἀπειθοῦσιν
531 4148 627 4251 αὐτῷ
651 4143 742 4246 πρὸς
766 4144 808 4224 τό
833 4150 960 4250 χρῆναι
985 4147 1114 4228 λοιπὸν
1132 4149 1292 4253 εὐλόγως
1321 4186 1446 4256 κατη·

225 4398 228 4403 .
277 4372 319 4411 10.
336 4355 486 4422 αἰεούσωμεν
501 4355 532 4409 Β.
545 4354 676 4424 ἀκούωμεν
688 4356 740 4409 Ed.
778 4356 874 4410 Statim
886 4357 964 4409 αὐτοῦ
976 4369 1145 4432 assumptum
1158 4379 1190 4415 ex
1205 4361 1237 4416 B.
1325 4378 1368 4435 13.
1388 4370 1450 4425 τοῖς

331 4436 408 4480 ntum
420 4444 451 4478 ex
466 4425 499 4478 Β.
617 4442 656 4492 15.
676 4429 729 4482 τοῖς
741 4433 909 4496 assumptum
922 4444 953 4479 ex
969 4427 1001 4481 B.
1154 4449 1196 4486 ος.
1215 4435 1269 4490 τοῖς
1281 4452 1332 4504 pro
1345 4438 1392 4493 τὰς
1406 4438 1449 4495 Ι).

377 4495 449 4549 WB.
486 4495 582 4549 Statim
593 4496 715 4566 μηδαμῶς
729 4496 761 4551 Β.
774 4497 890 4566 οὐδαμῶς
903 4495 954 4550 Ed.
