3038 5018
64 301 173 365 vi.68.
222 300 280 366 IN
311 302 345 367 S.
369 299 623 368 JOANNEM.
669 300 764 367 LIB.
789 300 849 365 IV.
894 300 997 366 CAP.
1022 301 1082 365 IV.
1199 300 1262 366 567

65 589 249 689 εῦοσμίαις
274 592 294 669 ό
318 590 477 694 γηπόνος
502 592 672 698 ἐντρυφᾷ,
691 593 750 671 καὶ
773 598 956 697 ποηφορεῖ
976 589 1042 690 μὲν
1059 590 1173 687 πεδία,
1191 596 1266 673 τοῖς

65 713 103 793 δὲ
135 720 209 794 τῶν
238 714 434 820 ἀσταχύων
464 715 590 820 όχμοῖς
621 713 705 794 όλαι
737 717 952 821 φρίττουσιν
985 715 1145 817 ἄρουραι,
1175 708 1267 791 κατά

65 870 164 922 τινας
185 844 258 917 τῶν
276 839 361 941 παρ’
379 837 546 938 Ἕλλησι
569 843 738 938 ποιητῶν·
777 837 837 919 ὅτε
862 843 1049 941 παρῆλθεν
1071 839 1092 918 ό
1117 831 1265 941 χειμὼν,
1312 842 1400 957 {2¹¹2

34 959 158 1040 5κατά
184 959 228 1041 τό
253 959 513 1065 γεγραμμένον,
536 959 711 1065 ἐπορεύθη
735 960 774 1042 δὲ
800 965 859 1042 καὶ
886 964 907 1042 5
933 960 1032 1047 ὑετὸς
1056 961 1182 1068 ἑαυτῷ,
1203 957 1297 1040 ότεε

65 1088 131 1183 τῆς
168 1089 279 1184 τομῆς
316 1085 478 1192 ἔφθασεν
509 1087 530 1166 ό
566 1083 700 1188 καιρός.
754 1093 868 1166 ταῦτα
901 1083 939 1166 δέ
971 1082 1091 1166 πάντα
1125 1081 1267 1185 νοήσεις

66 1214 321 1308 πνευματικῶς,
347 1211 405 1289 καὶ
430 1216 588 1314 χειμῶνα
613 1208 679 1310 μὲν
701 1210 862 1314 ἐκλείψει
890 1213 949 1289 καὶ
976 1208 1078 1289 ὑετόν
1100 1204 1264 1310 παρελά-

67 1367 195 1431 σαντα,
223 1333 306 1419 τοῦς
333 1335 372 1413 ε’κ
399 1337 610 1434 διαβολικῆς
636 1333 843 1437 τυραννίδος
871 1331 1266 1432 ἐπισκήπτονταςπει-

66 1453 240 1559 ροσμοῦς,
260 1458 320 1537 καὶ
345 1454 412 1557 τῆν
431 1454 522 1538 κατά
549 1457 695 1538 πάντων
716 1457 942 1564 πλεονεξίαν·
972 1453 1124 1537 λέλυται
1148 1453 1220 1559 γὰρ
1245 1455 1268 1554 ἡ

17 1603 55 1643 ¹0
67 1587 140 1660 τῶν
173 1581 351 1680 δαιμόνων
384 1579 489 1686 ἰσχῦς
520 1582 559 1661 ἐν
586 1579 732 1685 ῆμίραις
759 1586 937 1684 Χριστοῦ.
979 1580 1082 1682 ἥλιος
1113 1577 1151 1661 δὲ
1185 1580 1269 1678 ἡμῖν

68 1706 246 1784 ἀνέτειλεν
264 1706 284 1783 5
304 1703 483 1808 λαμπρός,
502 1702 610 1789 αὐτὸς
634 1704 802 1804 δηλονότι
825 1709 906 1807 περὶ
929 1706 975 1785 ὀῦ
1000 1712 1118 1812 φησιν
1136 1704 1157 1783 ό
1175 1703 1268 1789 θεὸς

68 1831 126 1909 καὶ
141 1827 271 1931 Πατήρ
282 1838 304 1875 “
315 1830 389 1908 Καὶ
408 1830 576 1908 ἀνατελεῖ
591 1829 673 1927 ύμῖν
689 1828 791 1927 ἥλως
809 1827 1068 1929 δικαιοσύνης,”
1080 1826 1163 1913 τοῦς
1181 1829 1269 1907 ἀπε·
1314 1827 1376 1942 {¹⁸5
1390 1828 1423 1879 Β·

67 1950 277 2058 φυγμίνους
307 1956 356 2035 εἰς
387 1952 576 2054 ἁμαρτίαν,
607 1957 653 2057 τῆ
685 1959 750 2031 τοῦ
785 1950 996 2050 Πνεύματος
1032 1951 1126 2054 ζέσει
1158 1985 1267 2031 κατα-

69 2072 222 2156 θάλπων
240 2081 289 2160 είς
307 2073 550 2175 δικαιοσύνην·
580 2073 767 2173 ἀμπέλους
784 2074 823 2156 δὲ
840 2075 955 2156 πάλιν
972 2074 1038 2159 τάς
1056 2073 1196 2175 νοητὰς,
1210 2077 1299 2154 «aia
1321 2091 1435 2149 am.

19 2219 56 2281 ¹5
69 2197 161 2298 ἄνθη
178 2197 225 2278 τά
242 2198 474 2299 πνευματικὰ,
494 2201 554 2278 καὶ
578 2197 766 2304 ἀστάχυας
790 2200 848 2278 ε’πὶ
872 2198 1021 2296 τούτοις,
1039 2197 1122 2283 τοῦς
1147 2198 1269 2299 ἁγίους

69 2321 219 2422 νοήσεις,
238 2321 456 2432 πολυτρόπῳ
481 2328 528 2428 τῆ
552 2327 601 2407 εὶς
617 2320 713 2402 θεὸν
731 2322 896 2428 εὐσεβείᾳ
921 2322 1192 2426 διαπρέποντας,
1211 2323 1269 2400 καὶ

69 2449 240 2545 πολυειδῆ
263 2449 326 2545 τῆς
350 2448 478 2548 ἀρετης
503 2445 751 2549 ἀναβρύοντας
775 2443 839 2525 τόν
856 2444 1010 2548 καρπόν·
1040 2451 1148 2526 εἰπεῖν
1165 2442 1204 2525 δὲ
1222 2445 1271 2527 ὡς

69 2570 108 2648 ἐν
125 2566 295 2677 συντόμῳ
315 2567 444 2650 λοιπόν
461 2571 670 2672 ἀναγκαῖον·
700 2572 893 2668 ἀνθοκομεῖ
913 2566 956 2648 τό
981 2567 1055 2671 ἔαρ,
1074 2570 1131 2647 καὶ
1150 2576 1266 2672 χλοη-

70 2698 196 2798 φορεῖν
222 2691 288 2788 μὲν
314 2689 465 2773 ἅπασαν
491 2688 753 2796 παρασκευάζει
780 2690 846 2791 τῆν
873 2695 954 2794 γῆν,
984 2692 1203 2797 καταστέφει
1231 2690 1270 2771 δὲ

18 2848 58 2889 οο
71 2816 137 2924 νέῳ
155 2814 237 2901 τοῦς
254 2823 432 2916 λειμῶνας
449 2814 618 2925 βλάστη),
637 2819 696 2897 καὶ
717 2815 858 2917 πρέμνα
881 2815 927 2896 τά
950 2817 1065 2897 πάλαι
1090 2816 1185 2924 ξηρὰ
1212 2814 1270 2896 διὰ

70 2938 137 3039 τὴν
167 2948 232 3020 τοῦ
263 2946 436 3044 χειμῶνος
467 2940 651 3047 ἀφόρητον
683 2942 788 3044 ὕβριν
819 2943 959 3041 ἀνηβᾶν
990 2941 1182 3037 ἀναπείθει,
1211 2943 1292 3020 καὶ·

70 3060 162 3165 πρὸς
189 3062 278 3169 ὄψιν
301 3062 380 3165 ἀγει
407 3065 474 3163 τὴν
498 3065 677 3161 ἀμείνονα,
699 3067 759 3143 καὶ
786 3064 921 3169 φύλλερ
948 3059 1015 3161 μὲν
1041 3069 1093 3169 τῷ
1121 3061 1304 3163 συνήθειδ

70 3187 357 3290 περιανθίζεσθαι
383 3194 487 3284 ποιεῦ,
515 3195 664 3290 καρποῖς
693 3185 731 3267 δὲ
759 3194 833 3271 τοῖς
862 3184 953 3266 κατά
984 3186 1099 3292 φύσιν
1127 3193 1270 3294 φιλοτι·

70 3316 216 3410 μεῖσθαι
243 3309 504 3414 παρασκευάζει
532 3308 596 3390 τόν
623 3314 812 3417 ἐφεστῶτα
838 3309 1012 3414 γηπόνον.
1048 3310 1208 3392 τοιοῦτόν
1235 3346 1271 3392 τι

19 3463 58 3522 25
72 3438 130 3514 καὶ
157 3437 212 3541 ἐφ’
234 3435 335 3535 ῆμιῦν
359 3436 595 3538 γεγενημίινον
622 3434 832 3537 εὑρήσομεν·
864 3440 897 3516 οί
925 3431 996 3539 γὰρ
1023 3434 1139 3515 πάλαι
1167 3436 1271 3543 ξηροὶ

72 3556 131 3638 διά
146 3557 213 3657 τῆν
231 3557 288 3665 ἐφ’
305 3559 397 3659 ἡμᾶς
414 3557 688 3654 βασιλεύουσαν
706 3560 892 3659 ἁμαρτίαν,
907 3563 964 3639 καὶ
984 3567 1132 3663 καρπῶν
1147 3560 1271 3665 ἔρημοι

72 3688 145 3760 τεῦν
172 3687 220 3765 είς
252 3681 391 3784 ἀρετήν,
418 3680 640 3783 άνεθάλομεν
668 3686 716 3767 είς
746 3681 974 3784 δικαιοσύνην
1002 3683 1061 3763 διά
1087 3688 1268 3788 Χριστοῦ,

73 3809 131 3884 καὶ
156 3803 301 3885 τὸνδιὰ
325 3808 483 3892 πίστεως
508 3807 578 3908 ἤδη
602 3803 742 3910 καρπόν
763 3809 942 3913 ἀρτιφανῆ
969 3841 1008 3887 τε
1036 3811 1095 3886 καὶ
1116 3807 1196 3887 νεόν
1219 3813 1271 3916 τῷ

73 3934 146 4006 τῶν
173 3928 384 4028 πνευμάτων
411 3930 561 4039 γηπόνιρ
587 3929 886 4035 προσκομίφιμεν·
926 3930 1019 4009 οὕτω
1051 3963 1090 4008 τε
1122 3938 1272 4031 νοοῦμεν

112 4166 136 4205 1.
155 4147 264 4221 ἀνθέων]
277 4148 419 4205 ἅνωθενΒ.
491 4167 517 4221 3.
534 4151 628 4222 ἅχμοῐς
641 4151 674 4205 Β.
752 4164 779 4218 5.
797 4150 879 4206 υίετδε
891 4147 963 4204 λαδ.
977 4149 1078 4204 correxi
1090 4153 1153 4222 post
1166 4150 1270 4222 Migne.

74 4221 100 4275 6.
119 4222 202 4276 πάντα
214 4229 275 4344 ffist
286 4225 505 4290 mwpartxfie'tr.
518 4221 552 4276 B.
659 4236 683 4290 7.
701 4221 749 4291 μὲν
762 4221 796 4276 Β.
809 4221 837 4274 ίν
849 4219 900 4274 Ed.
947 4222 1131 4344 nafiddoem
1145 4222 1178 4276 B.
1190 4244 1270 4293 παρε-

73 4293 202 4347 λάσαντες
259 4329 266 4344 .
341 4292 496 4361 ιι.θρτίαι
508 4301 677 4363 assumptum
690 4309 722 4346 ex
736 4291 770 4345 Β.
821 4291 897 4347 αὐτὸς
908 4306 963 4346 om.
1003 4331 1010 4345 .
1084 4309 1125 4347 12.
1138 4292 1270 4363 ἅπεφοιμ-

73 4384 164 4453 μένους
179 4382 210 4436 Β.
297 4397 338 4452 15.
357 4384 474 4453 ε’ίσταχυς
487 4384 521 4440 Β.
606 4384 647 4439 16.
665 4371 822 4453 πολυτρόπά
836 4385 868 4440 Β.
953 4399 994 4457 17.
1012 4386 1187 4457 ἀνοβρύοντος
1200 4388 1270 4444 Β.1).

74 4451 233 4578 ἀνοβὸύοντρ
248 4452 299 4507 Ed.
336 4453 432 4508 Statim
444 4456 489 4509 τὸν
500 4465 669 4545 αρωωρὶυῐῐρ
682 4473 713 4508 ex
723 4454 760 4535 Β.
826 4473 867 4516 υ.
886 4456 933 4539 τήν
946 4456 978 4547 Β.
992 4457 1028 4547 τδό
1037 4457 1089 4512 Ed.
1152 4473 1194 4530 27.
1213 4459 1272 4530 ἀρε·

159 4524 204 4578 .[).
217 4524 342 4594 αμαρτίαν
354 4523 406 4596 Ed.
419 4546 550 4596 οοτηριον
562 4536 676 4581 current
690 4525 719 4579 Μ
723 4542 793 4595 ugne.
843 4527 941 4583 δίαιται
952 4529 1128 4599 ανεθολλομεν
1142 4528 1174 4585 Β.

74 4527 120 4593 τήν
