3038 5018
256 287 320 352 704
558 286 597 351 B.
622 284 830 350 CYRILLI
860 285 1150 350 ALEXANDR.
1346 281 1402 345 vii.
1414 293 1463 360 47.

255 455 277 494 “
293 446 488 550 ῥεύσουσιν
510 450 637 534 ὕδατος
665 449 785 553 ζωῆς.”
820 457 933 529 ταῦτα
955 447 993 527 δὲ
1019 455 1220 531 λαλοῦντος
1241 445 1460 545 ἠκούσαμεν.

254 568 299 671 ἦν
336 573 399 652 οὖν
432 573 503 676 ἀρα
540 571 649 678 φύσει
683 571 778 657 Θεῖις
816 574 835 652 ό
873 579 946 656 τοῖς
981 571 1069 675 ύπέρ
1107 572 1303 671 ἄνθρωπον
1339 567 1462 667 λόγοις

254 696 447 778 ἀκινδύνως
474 696 823 799 μεγαλαυχούμενος·
853 695 896 774 τὸ
925 694 963 775 δὲ
991 700 1106 796 θηρᾶν
1130 697 1320 797 ἐπιχειρεῖν
1347 696 1398 775 ὡς
1424 690 1465 796 ἐξ

85 840 206 900 48οΔ.
225 817 414 920 ιάνάγκης
441 823 500 898 καί
527 819 609 914 βίας
637 817 701 898 τὸν
729 816 817 922 ὑπὲρ
846 817 911 918 τὴν
940 820 1069 916 κτίσιν,
1098 824 1176 900 πῶς
1207 818 1274 896 οὐκ
1307 819 1385 917 ε’ρεῖ
1411 849 1461 899 τις

254 940 599 1048 ἐπισφαλέστατον;
636 940 659 1043 ἢ
689 947 765 1025 πῶς
796 938 840 1020 ἀν
869 942 947 1041 ἥλω
975 939 1067 1043 πρὸς
1095 941 1197 1040 ἡμῶν
1224 941 1294 1042 οὐχ
1323 939 1417 1020 ἑκὼν
1442 941 1487 1022 6⁵

253 1074 430 1145 τοσοῦτον
457 1064 545 1166 ὑπὲρ
577 1067 680 1165 ἡμᾶς,
709 1066 800 1145 ὅσον
828 1065 1022 1167 ἀνθρώπου
1049 1064 1167 1161 Θεός;
1212 1064 1346 1142 οὐκοῦν
1375 1061 1461 1142 ἀπό-

254 1189 364 1294 δειξιν
390 1191 522 1292 ἐναργῆ
554 1197 618 1268 τοῦ
650 1187 741 1268 κατὰ
776 1187 891 1293 φύσιν
918 1185 1003 1267 εἶναι
1033 1186 1131 1267 Θεὸν
1160 1186 1224 1265 τὸν
1257 1185 1399 1288 Κύριον
1430 1191 1460 1264 οἱ

255 1311 424 1415 ὑπηρέται
448 1312 676 1415 προτείνουσι
703 1310 745 1391 τό
766 1306 941 1392 Οὐδέποτε
968 1309 1134 1406 ἐλάλησεν
1152 1309 1322 1412 ἄνθρωπος
1349 1309 1457 1394 οὕτως.

254 1433 452 1533 πλήττεται
475 1433 513 1514 δὲ
540 1433 767 1539 πανταχόθεν
795 1435 815 1513 ὃ
841 1430 1027 1538 θεομιίχος,
1048 1438 1106 1514 καὶ
1132 1435 1174 1513 δι’
1195 1429 1247 1511 ὧν
1272 1430 1320 1511 ἀν
1340 1436 1459 1531 νοῆται

255 1564 453 1659 κατορθοῦν
489 1556 531 1637 τὸ
568 1558 803 1657 ποθούμενον,
836 1558 896 1637 διὰ
929 1558 1066 1638 τούτων
1103 1558 1221 1637 αὐτῶν
1257 1557 1325 1636 οὐκ
1364 1556 1458 1640 εἰδὼς
1470 1587 1498 1629 10

254 1680 527 1787 ε’πισφάττεται.

204 1889 241 1951 47
263 1886 503 1978 Ἀπεκρίθησαν
531 1884 641 1955 αὐτοῖς
668 1886 698 1954 οἰ
725 1886 898 1980 Φαρισαῖοι
924 1887 980 1952 M&
1009 1888 1062 1953 καί
1089 1881 1179 1964 ὑμεῖς
1206 1887 1442 1968 πεπλάνησθες

221 1976 244 2041 b
325 2055 335 2082 9
471 2054 482 2081 Ι
622 2052 632 2079 9
743 2053 758 2082 «Ιι
910 2049 921 2078 λ
992 2054 1001 2077 t
1089 2051 1100 2079 Ι
1218 2055 1226 2078 ἱ
1262 2049 1270 2070 Ι
1443 2047 1453 2073 ἱ

338 2058 588 2155 Εντονωτερον
635 2053 824 2158 Ιουδαιζειν
861 2085 944 2136 τους
983 2085 1159 2154 υπηρετας
1199 2083 1291 2131 εικος
1335 2084 1378 2151 γε
1416 2054 1457 2147 δη

254 2177 413 2284 σφόδρα,
443 2179 501 2256 καὶ
531 2176 840 2278 προσεδρεύοντας
873 2174 938 2279 μὲν
968 2182 1041 2259 τοῖς
1074 2176 1271 2279 Φαρισαίοις
1303 2176 1373 2264 ἀεὶ,
1403 2176 1458 2252 καί

254 2304 372 2399 κοινῆς
395 2302 515 2384 αὐτοῖς
541 2300 791 2406 μετασχόντας
815 2299 971 2403 γνώμης,
989 2296 1072 2382 τοὺς
1098 2295 1136 2376 δὲ
1159 2302 1232 2375 τῶν
1251 2296 1459 2396 ἡγουμένων
1472 2325 1500 2381 15

254 2424 308 2503 ἀεὶ
344 2424 684 2527 περιαντλονμένους
721 2421 864 2525 λόγους,
900 2430 1014 2500 ταῦτα
1055 2419 1094 2499 δὲ
1130 2424 1278 2525 φρονεῖν
1316 2422 1367 2505 ὡς
1408 2421 1460 2498 ἀεὶ

255 2545 432 2630 συνόντας
468 2545 806 2646 ἀναπεπεισμένους.
859 2542 978 2641 ἐπειδὴ
1016 2541 1054 2625 δὲ
1089 2541 1177 2642 ἧκον
1210 2542 1364 2643 ἄγοντες
1396 2542 1462 2639 μὲν

255 2667 419 2764 οὐδαμῶς
443 2667 507 2748 τὸν
527 2669 673 2773 Κύρων,
697 2666 1038 2769 καταπεπληγμένοι
1065 2663 1102 2745 δὲ
1126 2665 1210 2768 παρ’
1233 2667 1377 2762 ἐλπίδα,
1403 2669 1461 2745 καί

255 2787 298 2869 δν
317 2792 380 2870 οὐκ
398 2791 465 2870 ἔδει
483 2798 603 2891 μισεῖν
618 2793 657 2873 ε’ν
675 2794 812 2897 ἀρχαῖς,
832 2789 902 2896 ὀψὲ
927 2794 984 2869 καὶ
1003 2787 1111 2889 μόλις
1130 2788 1383 2891 θαυμάζοντες,
1404 2792 1461 2868 καὶ

225 2910 337 2997 οτοάς
356 2913 493 2997 ἀλλους
510 2913 674 3000 ἅπαντας
690 2912 781 3018 πρὸς
800 2915 918 2994 αὐτῶν
936 2911 1193 2992 ἀναπείθεσθαι
1215 2912 1458 3016 λογιζόμενοι,
1472 2949 1502 2989 ιο

254 3034 346 3137 μετὰ
369 3041 513 3137 πολλῆς
537 3072 633 3124 τινος
657 3042 721 3138 τῆς
744 3037 899 3139 ἀγωνίας
917 3035 1016 3142 φασί
1032 3032 1090 3129 M),
1111 3038 1172 3115 καί
1192 3040 1288 3141 ὑμεῖς
1306 3035 1459 3116 πεπλιί·

256 3157 365 3255 vno-923
395 3160 501 3244 σύνες
519 3161 591 3264 γὰρ
609 3160 706 3245 όπως
728 3160 939 3263 ἀπόγνωσίν
956 3192 1036 3239 τινα
1061 3162 1125 3258 τῆς
1149 3161 1208 3238 ε’πί
1231 3164 1308 3241 τοῖς
1334 3160 1461 3259 δήμοις

253 3282 398 3367 ἐλπίδος
417 3283 532 3363 ὠδίνει
556 3282 598 3364 τὸ
624 3282 817 3388 εἰρημένον.
857 3287 905 3368 ὡς
923 3280 994 3385 γὰρ
1012 3282 1081 3383 ἤδη
1098 3281 1379 3381 πεπλανημένης
1398 3287 1461 3382 τῆς

254 3404 374 3506 ἄλλης
400 3406 574 3506 πληθύος,
602 3407 752 3512 ὅσοιπερ
779 3405 876 3507 ἦσαν
904 3406 968 3488 ούκ
996 3404 1279 3511 ἀσφαλέστεραι,
1308 3404 1376 3486 τὸν
1403 3408 1459 3486 ε’πὶ

253 3533 328 3612 τοῖς
361 3529 549 3630 ὑπηρεταις
580 3531 819 3636 προΐσχονται
852 3528 984 3636 φόβον.
1036 3527 1102 3628 τὴν
1127 3526 1193 3622 μὲν
1219 3526 1293 3630 γὰρ
1321 3528 1458 3630 ἀλλην,
1471 3563 1499 3623 25

255 3654 360 3758 φησί,
383 3657 456 3732 τῶν
483 3653 663 3754 ἀγελαίων
688 3651 833 3755 πληθῖιν
860 3661 934 3737 τοῖς
963 3659 1067 3754 ἱεροῖς
1094 3652 1160 3730 οὐκ
1186 3652 1462 3754 ἐντετριμμένην

220 3771 477 3875 ἀγρόμμασιν,
496 3774 582 3856 ἀλλ’
602 3775 682 3856 οὐδὲ
700 3782 745 3882 τῇ
763 3776 982 3881 προσεδρείᾳ
1006 3780 1051 3879 τῇ
1076 3770 1168 3877 πρδς
1193 3773 1286 3872 ἡμᾶς
1305 3777 1458 3881 ὠχυρω·

253 3897 374 3998 με’νην,
409 3897 567 3980 διδόσθω
602 3899 713 4005 τυχὸν
749 3895 1043 4003 ἀπεριεργοίστοις
1080 3898 1176 4005 αὐτῷ
1211 3906 1461 4001 προστεθῆναι

293 4112 317 4149 1.
336 4095 400 4164 ζωῆς
413 4094 472 4151 B.a.
486 4097 579 4163 ζῶντος
592 4096 682 4152 Holst.
696 4096 747 4152 Ed.
946 4094 972 4150 6.
990 4094 1126 4166 ἀνθρώπου
1139 4093 1172 4148 Β.
1185 4092 1329 4164 ἀνθρώπων
1342 4097 1396 4153 Ht.
1409 4098 1459 4153 Ed.

255 4165 282 4221 8.
301 4164 380 4221 οὕτως
392 4166 525 4233 ἅνθρωπος
537 4168 642 4222 inverso
655 4168 749 4223 ordine
760 4185 785 4222 ιι.
947 4184 974 4237 9.
992 4166 1024 4219 ἂν
1035 4183 1127 4219 assum
1147 4175 1205 4219 tum
1217 4183 1248 4218 ex
1263 4164 1298 4220 Β.
1362 4167 1460 4223 Statim

254 4238 342 4304 νοῆται
355 4236 387 4289 Β.
401 4240 494 4291 νοείτω
508 4237 560 4291 Ed.
759 4255 801 4308 13.
818 4235 1005 4306 Ἐντονίιτερον
1018 4235 1101 4290 B.a.c.
1157 4234 1198 4289 rd.
1211 4236 1396 4309 Εὖτυνῶτερον
1409 4239 1460 4293 Ed.

257 4320 299 4373 15.
317 4306 473 4376 μετέχοντας
484 4325 534 4362 ας.
548 4306 630 4362 Cord.
695 4311 749 4364 τοῖς
761 4326 809 4379 pro
821 4307 882 4364 τοὺς
895 4306 927 4360 Β.
1038 4306 1079 4359 16.
1097 4306 1177 4360 ταύτὰ
1189 4306 1220 4375 δὴ
1233 4307 1343 4376 conjicit
1358 4309 1459 4380 Heyoe„

257 4391 299 4446 17·
317 4376 545 4447 ἀναπεπεισμένοις
559 4377 591 4433 Β.
606 4379 654 4433 Ht.
827 4394 870 4432 σο.
887 4378 939 4447 πρὸ
951 4376 1030 4430 αὐτὸν
1043 4376 1076 4430 Β.
1253 4392 1300 4444 24.
1319 4377 1399 4449 οἷπερ
1411 4398 1459 4435 τις.

254 4458 300 4510 25.
314 4445 474 4510 πυοῖσχυηι
487 4452 529 4517 (ε
540 4447 724 4519 προΐσχονται)
739 4447 771 4503 Β.
783 4445 956 4518 προίσχοντες
970 4448 1019 4500 Ht.
1034 4446 1085 4500 Ed.
1284 4448 1329 4504 26.
1348 4453 1424 4522 φασὶ
1435 4469 1459 4507 ι.

444 4540 488 4591 νην
496 4535 522 4575 ιι.
534 4518 699 4592 ὀχυρυμίνην
711 4518 762 4574 Ed.
812 4519 908 4574 Statim
920 4516 1038 4573 δεδόσθω
1051 4534 1075 4572 ιι.
