3038 5018
242 276 308 340 ιω
547 273 586 337 Β.
610 237 820 336 cmm
850 271 1138 337 ALEXANDR.
1269 270 1311 334 vi.
1325 289 1378 356 32,
1391 289 1447 356 33.

243 437 315 541 γὰρ
342 438 400 520 διὰ
428 435 538 536 νόμον
565 437 805 535 παίδευσις,ἡ
831 438 869 515 ἐν
886 437 1010 520 τύποις
1036 440 1129 538 φημὶ
1152 438 1211 515 καὶ
1236 432 1445 538 σχήμασιν,

245 561 290 661 ήν
319 568 370 670 τῷ
399 566 462 662 τής
496 559 764 664 ὀρτυγομήτρας
796 559 877 639 εἴδει
904 557 1244 662 παραβεβλήκαμεν,
1275 557 1341 654 τήν
1371 563 1448 637 τῶν

80 683 201 812 {3⁰¹¹
245 684 426 768 Ἰουδαίων
445 683 617 765 καλύπτει
637 681 872 785 Συναγωγήν·
903 685 1064 762 “κεῖται”
1086 672 1167 784 γὰρ,
1188 683 1274 764 ῶςό
1297 678 1449 764 Παυλός

79 814 193 941 {oman
246 816 353 915 φησι,
380 821 402 857 “
419 807 591 907 κάλυμμα
619 809 677 886 ἐπὶ
707 804 773 905 τήν
800 808 948 908 καρδίαν
976 806 1122 902 αὐτῶν,”
1152 810 1210 884 καί
1240 804 1448 907 “πῶρωσις

78 917 188 1008 asu.
216 943 268 1008 a“
285 931 358 1012 οἰπδ
385 931 547 1034 μέρους.”
586 927 675 1010 ἐπάν
702 929 823 1028 μέντοι
850 929 994 1031 γένηται
1021 930 1125 1031 πρωί,
1150 928 1336 1008 τουτέστιν
1363 929 1443 1006 ἀνί·
1465 952 1486 1012 5

244 1088 401 1160 σχοντος
423 1055 491 1154 ήδη
512 1055 570 1133 καί
595 1050 661 1152 τήν
679 1050 885 1153 οἰκουμένην
905 1053 996 1153 ὅλην
1010 1051 1361 1155 περιαστράπτοντος
1381 1055 1450 1127 τοῦ

244 1183 419 1282 Χριστοῦ,
438 1175 528 1257 ἐπάν
549 1178 608 1256 καί
633 1175 656 1275 ἡ
682 1172 814 1278 δρόσος
839 1175 1030 1282 καταλήγη
1055 1173 1194 1272 λοιπὸν,
1217 1172 1403 1254 τουτέστιν
1423 1206 1449 1270 η

244 1308 375 1407 παχεῖα
400 1303 458 1381 καί
484 1298 674 1404 οἰχλυῶδης
697 1305 770 1379 τῶν
795 1307 949 1397 νομικῶν
971 1299 1222 1399 ἐπιταγμάτων
1240 1295 1446 1398 εἰσήγησις·

244 1424 350 1509 τέλος
368 1422 439 1526 γὰρ
459 1423 569 1522 νόμου
589 1425 647 1501 καί
669 1429 868 1528 προφητῶν
887 1424 907 1502 ὁ
926 1422 1097 1525 Χριστός·
1127 1422 1208 1502 τότε
1232 1419 1277 1520 δή
1302 1417 1451 1503 πάντως

244 1545 286 1628 τδ
305 1547 437 1647 οἰληθές
455 1547 539 1644 ἡμῖν
558 1546 617 1625 καί
638 1545 680 1651 ἐξ
698 1546 850 1648 οὐρανοῦ
868 1544 1114 1646 καταβήσεται
1132 1544 1260 1644 μάννα·
1290 1545 1447 1646 εὐαγγε·
1469 1582 1508 1623 ιο

245 1668 351 1769 λικήν
379 1667 418 1748 δέ
446 1667 613 1769 δηλονότι
643 1668 881 1748 διδασκαλίαν
909 1668 1015 1749 τοΐπό
1043 1677 1172 1776 φαμεν·
1202 1670 1266 1749 οὐκ
1294 1670 1350 1748 ἐπὶ
1379 1664 1450 1766 τὴν

244 1799 317 1872 τῶν
335 1793 575 1894 Ἰσραηλιτῶν
593 1791 821 1894 συναγωγήν,
840 1790 941 1871 ἀλλὰ
963 1792 1085 1901 κύκλῳ
1107 1798 1171 1893 τῆς
1193 1795 1447 1894 παρεμβολῆς,

244 1919 293 1999 εἰς
315 1911 436 1996 πάντα
459 1913 628 2010 δηλονότι
653 1914 699 1993 τοί
723 1915 819 2013 ἐθνη,
838 1919 896 1994 καί
915 1919 972 1996 ἐπὶ
989 1916 1191 2019 πρόσωπον
1209 1921 1273 2015 τῆς
1296 1913 1447 2018 ἐρήμου,

209 2037 407 2119 δτυυτέστι
437 2043 501 2139 τῆς
534 2040 578 2147 ἐξ
612 2039 725 2119 ἐθνῶν
757 2037 991 2138 Ἐκκλησίας,
1022 2044 1103 2143 περὶ
1135 2040 1177 2140 ἧς
1209 2039 1346 2143 εἴρηταί
1373 2073 1450 2119 που

77 2177 198 2228 mim.
242 2161 365 2242 “''Ou
390 2160 517 2244 πολλὰ
542 2160 588 2242 τὰ
612 2160 718 2242 τέκνα
742 2166 806 2261 τῆς
830 2159 962 2263 ἐρήμου
986 2170 1133 2262 μᾶλλον
1153 2161 1175 2263 ἢ
1200 2167 1264 2262 τῆς
1289 2160 1451 2267 ἐχούσης
1468 2195 1504 2254 15

242 2296 265 2334 “
282 2285 346 2365 τὸν
365 2284 514 2387 άνδρα.”
553 2288 610 2365 ἐπὶ
636 2284 708 2388 γάρ
726 2292 852 2365 πᾶσαν
869 2283 936 2385 τήν
955 2287 1161 2386 οἰκουμένην
1180 2288 1202 2386 ή
1227 2295 1292 2366 τοῦ
1315 2294 1451 2384 νοητοῦ

242 2406 360 2507 μάννα
389 2407 716 2488 κατασκεδάννυται
746 2408 860 2514 χάρις,
887 2407 911 2510 ή
941 2413 1000 2490 καί
1029 2417 1081 2517 τῷ
1110 2411 1217 2518 κορίιρ
1244 2407 1448 2512 παραβάλ-

242 2543 354 2629 λεται,
377 2534 436 2610 καί
460 2529 595 2612 λεπτὸν
617 2531 837 2635 ὀνομάζεται.
878 2530 994 2632 λεπτὴ
1023 2533 1095 2636 γάρ
1122 2533 1234 2617 ὅντως
1262 2535 1319 2614 καί
1348 2536 1449 2614 ἀπο·

242 2643 401 2759 ψυκτική
419 2661 493 2733 τῶν
510 2657 549 2733 ἐν
568 2654 662 2758 ζέσει
684 2661 812 2736 παθῶν
830 2692 853 2756 η
876 2665 940 2736 τοῦ
958 2660 1053 2738 θείου
1072 2658 1184 2759 λόγου
1203 2658 1361 2757 δυ’ναμις,
1380 2657 1453 2759 τήν

242 2781 280 2858 ἐκ
306 2785 490 2881 σαρκικῶν
513 2779 716 2878 κινημάτων
740 2779 906 2882 πύρωσιν
928 2783 967 2860 ἐν
989 2782 1073 2880 ἡμῖν
1093 2780 1369 2884 κατευνάζουσα,
1390 2786 1453 2864 καὶ
1467 2822 1506 2863 ιο

243 2908 292 2986 εἰς
311 2901 354 2981 τδ
379 2898 494 2998 βάθος
517 2906 582 3002 τῆς
606 2903 752 3006 καρδίας
778 2901 1008 2984 εἰσδάνουσα.
1048 2902 1283 3012 ψυχροτάτην
1302 2905 1339 2984 δέ
1359 2903 1457 2986 εἶναι’

215 3031 351 3133 αφασι,
369 3029 428 3107 καί
446 3026 556 3125 αὐτῆς
574 3030 637 3124 τῆς
656 3024 760 3125 πόας,
773 3025 938 3107 τουτέστι
956 3036 1020 3108 τοῦ
1038 3030 1169 3131 κορίου,
1183 3026 1249 3129 τήν
1268 3030 1453 3132 ἐνέργειαν

243 3148 309 3249 τὴν
328 3153 365 3230 ἐν
382 3147 545 3248 ποιότητι
564 3155 715 3255 φυσικῇ.

299 3284 321 3320 “
339 3271 489 3357 ’ἰδόντες
511 3271 550 3352 δέ
571 3271 658 3353 αὐτὸ
686 3279 718 3353 οἰ
743 3276 810 3354 υἰοί
829 3271 983 3377 Ἰσραήλ
1001 3272 1106 3355 εἰπαν
1123 3276 1240 3379 ἕτερος
1264 3283 1316 3384 τῷ
1339 3278 1453 3387 ἑτέρῳ

245 3407 266 3444 “
284 3397 336 3475 Τι’
357 3397 435 3474 ἐστι
460 3404 592 3493 τοΐπο;
633 3397 675 3477 οὐ
701 3394 773 3499 γὰρ
797 3392 947 3502 ᾔδεισαν
969 3399 1008 3478 τί
1029 3395 1104 3496 ἦν.”
1130 3400 1319 3501 ἀσυνήθεις
1346 3401 1453 3489 ὄντες
1468 3436 1505 3497 25

243 3528 308 3599 τοῦ
326 3517 541 3625 παραδόξως
560 3520 881 3622 γεγενημένου,καί
901 3522 966 3601 οὐκ
982 3520 1123 3627 ἔχοντες
1140 3526 1180 3603 ἐκ
1197 3524 1319 3626 πείρας
1338 3531 1453 3608 εἰπεῖν

244 3641 332 3745 ὅπερ
360 3640 406 3721 οἰν
431 3641 483 3740 εἰη
512 3649 644 3749 σαφῶς
666 3643 718 3723 Τι’
741 3645 821 3722 ἐστι
845 3650 952 3724 τοῦτο
979 3643 1071 3748 πρὸς
1098 3645 1285 3746 ἀλλήλους
1313 3651 1450 3748 φασίν·

244 3762 331 3845 αὐτὸ
357 3764 395 3844 δέ
421 3763 465 3864 δή
491 3772 597 3844 τοῦτο
622 3765 665 3844 τὸ
690 3768 739 3848 ὡς
764 3768 802 3845 ἐν
822 3763 966 3868 ζητήσει
989 3767 1107 3871 ῥηθέν,
1127 3768 1241 3866 ὄνομα
1262 3781 1454 3854 ποιοῦνται

243 3895 295 3997 τῷ
322 3889 520 3992 πράγματι,
543 3893 602 3968 καί
628 3894 675 3994 τῇ
705 3889 831 3993 Σύρων
858 3893 1088 3972 άποκαλοῦσι
1115 3892 1265 3998 γλῶττη
1295 3893 1452 3994 Μάννα,

77 3262 159 3342 Ειρδ.

77 3344 128 3378 m.
141 3340 178 3390 15.

284 4168 323 4205 10.
342 4150 542 4233 ημῶνΝἰΙκερλ.
662 4168 703 4206 ιι.
721 4155 798 4234 τρῦτο
810 4161 981 4222 assumptum
993 4170 1026 4207 ex
1040 4153 1158 4224 Nikeph.
1280 4171 1321 4210 ιτ.
1341 4161 1395 4238 τῶν
1407 4176 1454 4214 u-

245 4220 765 4361 32¹3'33f13‘.23b¹¹0¹t¹ss³32¹22ph¹¹¹¹
778 4221 1077 4363 ἰδ”θδθίἰιω
1104 4241 1313 4351 4θέἕὲιίῗὲ
1326 4226 1455 4370 λίἰὲἰί·

246 4379 289 4428 24.
302 4364 326 4415 οἰ
339 4363 388 4416 υἱοὶ
401 4361 508 4431 Ἰσραὴλ
521 4363 584 4417 αὐτὸ
595 4363 701 4417 inverso
713 4362 805 4417 ordine
819 4361 851 4418 B.
889 4360 984 4417 Statim
997 4293 1117 4419 εἰπονίὶ.
1130 4363 1203 4420 εἶπον
1216 4365 1267 4421 Ed.
1281 4366 1329 4434 (X.
1340 4369 1384 4424 18.
1394 4340 1455 4439 755

246 4433 289 4487 28.
308 4433 336 4486 δι’
349 4450 403 4485 om.
419 4433 450 4486 B.
528 4432 696 4504 28-p.467‚
710 4451 733 4488 1.
751 4434 824 4490 citat
836 4433 954 4502 Nikeph.
969 4433 985 4488 ἱ.
998 4447 1059 4506 734·
1138 4437 1181 4493 28.
1200 4437 1456 4506 ὀνοματοποιοῦνωι

245 4501 364 4573 Nikeph.
472 4519 514 4574 ²9·
532 4502 720 4559 ἀποκαλοῦντα
733 4502 765 4558 Β.
778 4503 863 4560 invito
875 4504 993 4574 Nikeph.
