<?xml version="1.0" encoding="UTF-8"?>
<!DOCTYPE html PUBLIC "-//W3C//DTD XHTML 1.0 Transitional//EN"
    "http://www.w3.org/TR/xhtml1/DTD/xhtml1-transitional.dtd">
<html xmlns="http://www.w3.org/1999/xhtml" xml:lang="en" lang="en">
 <head>
  <title>
</title>
<meta http-equiv="Content-Type" content="text/html;charset=utf-8" />
  <meta name='ocr-system' content='tesseract 3.04.00' />
  <meta name='ocr-capabilities' content='ocr_page ocr_carea ocr_par ocr_line ocrx_word'/>
</head>
<body>
  <div class='ocr_page' id='page_1' title='image "./sanctipatrisnos00pusegoog_0031.png"; bbox 0 0 3038 5018; ppageno 0'>
   <div class='ocr_carea' id='block_1_1' title="bbox 224 283 1113 354">
    <p class='ocr_par' dir='ltr' id='par_1_1' title="bbox 224 283 1113 354">
     <span class='ocr_line' id='line_1_1' title="bbox 224 283 1113 354; baseline -0.006 -1"><span class='ocrx_word' id='word_1_1' title='bbox 224 292 264 354; x_wconf 90' lang='grc'>18</span> <span class='ocrx_word' id='word_1_2' title='bbox 525 289 564 352; x_wconf 90' lang='grc' dir='ltr'>Β.</span> <span class='ocrx_word' id='word_1_3' title='bbox 587 286 795 352; x_wconf 86' lang='lat' dir='ltr'><strong>CYRILLI</strong></span> <span class='ocrx_word' id='word_1_4' title='bbox 826 283 1113 350; x_wconf 80' lang='lat' dir='ltr'><strong>ALEXANDR.</strong></span> 
     </span>
    </p>
   </div>
   <div class='ocr_carea' id='block_1_2' title="bbox 351 549 1290 638">
    <p class='ocr_par' dir='ltr' id='par_1_2' title="bbox 351 549 1290 638">
     <span class='ocr_line' id='line_1_2' title="bbox 351 549 1290 638; baseline -0.009 -21"><span class='ocrx_word' id='word_1_5' title='bbox 351 551 488 635; x_wconf 80' lang='grc' dir='ltr'><strong><em>Ἑτέρως,</em></strong></span> <span class='ocrx_word' id='word_1_6' title='bbox 512 555 553 620; x_wconf 71' lang='grc' dir='ltr'>εἰς</span> <span class='ocrx_word' id='word_1_7' title='bbox 573 553 607 616; x_wconf 85' lang='grc' dir='ltr'>τὸ</span> <span class='ocrx_word' id='word_1_8' title='bbox 630 551 701 616; x_wconf 81' lang='grc' dir='ltr'>αὐτὸ</span> <span class='ocrx_word' id='word_1_9' title='bbox 724 552 889 633; x_wconf 73' lang='grc' dir='ltr'>θεωρητέον</span> <span class='ocrx_word' id='word_1_10' title='bbox 909 552 967 616; x_wconf 87' lang='grc' dir='ltr'>Ἐν</span> <span class='ocrx_word' id='word_1_11' title='bbox 989 552 1065 638; x_wconf 75' lang='grc' dir='ltr'>ἀρχῇ</span> <span class='ocrx_word' id='word_1_12' title='bbox 1086 549 1124 630; x_wconf 78' lang='grc' dir='ltr'>ἦν</span> <span class='ocrx_word' id='word_1_13' title='bbox 1146 551 1162 612; x_wconf 87' lang='grc' dir='ltr'>δ</span> <span class='ocrx_word' id='word_1_14' title='bbox 1183 549 1290 630; x_wconf 86' lang='grc' dir='ltr'>Λόγος.</span> 
     </span>
    </p>
   </div>
   <div class='ocr_carea' id='block_1_3' title="bbox 57 727 1467 3792">
    <p class='ocr_par' dir='ltr' id='par_1_3' title="bbox 57 727 1467 2692">
     <span class='ocr_line' id='line_1_3' title="bbox 278 727 1423 841; baseline -0.004 -29"><span class='ocrx_word' id='word_1_15' title='bbox 278 732 418 838; x_wconf 79' lang='grc' dir='ltr'>Ἀρχὴν</span> <span class='ocrx_word' id='word_1_16' title='bbox 436 733 530 818; x_wconf 84' lang='grc' dir='ltr'>ὅλως</span> <span class='ocrx_word' id='word_1_17' title='bbox 549 732 615 833; x_wconf 87' lang='grc' dir='ltr'>τὴν</span> <span class='ocrx_word' id='word_1_18' title='bbox 633 736 671 813; x_wconf 88' lang='grc' dir='ltr'>έν</span> <span class='ocrx_word' id='word_1_19' title='bbox 688 732 807 841; x_wconf 88' lang='grc' dir='ltr'>χρόνῳ</span> <span class='ocrx_word' id='word_1_20' title='bbox 827 731 1020 831; x_wconf 75' lang='grc' dir='ltr'>νοουμένην</span> <span class='ocrx_word' id='word_1_21' title='bbox 1038 732 1102 810; x_wconf 88' lang='grc' dir='ltr'>οὑκ</span> <span class='ocrx_word' id='word_1_22' title='bbox 1120 730 1201 810; x_wconf 78' lang='grc' dir='ltr'>ἔστι</span> <span class='ocrx_word' id='word_1_23' title='bbox 1218 733 1347 824; x_wconf 83' lang='grc' dir='ltr'>λαβεῖν</span> <span class='ocrx_word' id='word_1_24' title='bbox 1364 727 1423 808; x_wconf 70' lang='grc' dir='ltr'>ἐπὶ</span> 
     </span>
     <span class='ocr_line' id='line_1_4' title="bbox 223 850 1424 960; baseline -0.005 -24"><span class='ocrx_word' id='word_1_25' title='bbox 223 863 288 936; x_wconf 84' lang='grc' dir='ltr'>τοῦ</span> <span class='ocrx_word' id='word_1_26' title='bbox 307 860 547 958; x_wconf 84' lang='grc' dir='ltr'>Μονογενοῦς,</span> <span class='ocrx_word' id='word_1_27' title='bbox 566 857 709 960; x_wconf 83' lang='grc' dir='ltr'>ἐπείπερ</span> <span class='ocrx_word' id='word_1_28' title='bbox 735 859 815 936; x_wconf 84' lang='grc' dir='ltr'>ἐστὶ</span> <span class='ocrx_word' id='word_1_29' title='bbox 837 854 910 959; x_wconf 84' lang='grc' dir='ltr'>πρὸ</span> <span class='ocrx_word' id='word_1_30' title='bbox 936 854 1068 960; x_wconf 89' lang='grc' dir='ltr'>χρόνον</span> <span class='ocrx_word' id='word_1_31' title='bbox 1091 850 1237 950; x_wconf 81' lang='grc' dir='ltr'>παντὸς,</span> <span class='ocrx_word' id='word_1_32' title='bbox 1255 853 1314 930; x_wconf 76' lang='grc' dir='ltr'>καὶ</span> <span class='ocrx_word' id='word_1_33' title='bbox 1331 884 1424 954; x_wconf 92' lang='grc' dir='ltr'>προ-</span> 
     </span>
     <span class='ocr_line' id='line_1_5' title="bbox 192 975 1423 1087; baseline -0.008 -24"><span class='ocrx_word' id='word_1_34' title='bbox 192 979 366 1063; x_wconf 80' lang='grc' dir='ltr'>ᾶαιεύνιον</span> <span class='ocrx_word' id='word_1_35' title='bbox 383 980 455 1084; x_wconf 81' lang='grc' dir='ltr'>ἕχει</span> <span class='ocrx_word' id='word_1_36' title='bbox 472 978 539 1079; x_wconf 81' lang='grc' dir='ltr'>τὴν</span> <span class='ocrx_word' id='word_1_37' title='bbox 557 981 721 1087; x_wconf 80' lang='grc' dir='ltr'>ὕπαρξιν,</span> <span class='ocrx_word' id='word_1_38' title='bbox 733 980 784 1060; x_wconf 77' lang='grc' dir='ltr'>ἔτι</span> <span class='ocrx_word' id='word_1_39' title='bbox 802 1014 841 1059; x_wconf 87' lang='grc' dir='ltr'>τε</span> <span class='ocrx_word' id='word_1_40' title='bbox 858 976 949 1081; x_wconf 84' lang='grc' dir='ltr'>πρδς</span> <span class='ocrx_word' id='word_1_41' title='bbox 966 981 1126 1058; x_wconf 83' lang='grc' dir='ltr'>τουτοισὶ</span> <span class='ocrx_word' id='word_1_42' title='bbox 1144 975 1186 1056; x_wconf 83' lang='grc' dir='ltr'>τὸ</span> <span class='ocrx_word' id='word_1_43' title='bbox 1204 975 1423 1077; x_wconf 80' lang='grc' dir='ltr'>καταλῇγειν</span> 
     </span>
     <span class='ocr_line' id='line_1_6' title="bbox 223 1099 1451 1211; baseline 0.003 -29"><span class='ocrx_word' id='word_1_44' title='bbox 223 1108 273 1188; x_wconf 80' lang='grc' dir='ltr'>εἰς</span> <span class='ocrx_word' id='word_1_45' title='bbox 297 1100 403 1187; x_wconf 89' lang='grc' dir='ltr'>τέλος</span> <span class='ocrx_word' id='word_1_46' title='bbox 427 1104 450 1204; x_wconf 81' lang='grc' dir='ltr'><em>ἡ</em></span> <span class='ocrx_word' id='word_1_47' title='bbox 476 1106 552 1184; x_wconf 84' lang='grc' dir='ltr'>θεία</span> <span class='ocrx_word' id='word_1_48' title='bbox 575 1110 797 1207; x_wconf 90' lang='grc' dir='ltr'>παραιτεῖται</span> <span class='ocrx_word' id='word_1_49' title='bbox 822 1102 945 1211; x_wconf 81' lang='grc' dir='ltr'>φύσις·</span> <span class='ocrx_word' id='word_1_50' title='bbox 976 1102 1048 1209; x_wconf 79' lang='grc' dir='ltr'>ἕξει</span> <span class='ocrx_word' id='word_1_51' title='bbox 1069 1100 1142 1205; x_wconf 81' lang='grc' dir='ltr'>γὰρ</span> <span class='ocrx_word' id='word_1_52' title='bbox 1166 1099 1338 1183; x_wconf 86' lang='grc' dir='ltr'>ὡσαύτως</span> <span class='ocrx_word' id='word_1_53' title='bbox 1356 1100 1451 1196; x_wconf 69' lang='grc' dir='ltr'>ἀεζό</span> 
     </span>
     <span class='ocr_line' id='line_1_7' title="bbox 224 1220 1422 1336; baseline -0.003 -30"><span class='ocrx_word' id='word_1_54' title='bbox 224 1224 316 1306; x_wconf 81' lang='grc' dir='ltr'>κατὰ</span> <span class='ocrx_word' id='word_1_55' title='bbox 332 1224 374 1306; x_wconf 85' lang='grc' dir='ltr'>τδ</span> <span class='ocrx_word' id='word_1_56' title='bbox 393 1228 430 1307; x_wconf 82' lang='grc' dir='ltr'>ἐν</span> <span class='ocrx_word' id='word_1_57' title='bbox 448 1232 612 1334; x_wconf 75' lang='grc' dir='ltr'>ψαλμοῖς</span> <span class='ocrx_word' id='word_1_58' title='bbox 629 1225 901 1336; x_wconf 76' lang='grc' dir='ltr'>μελῳδούμενον</span> <span class='ocrx_word' id='word_1_59' title='bbox 913 1237 936 1274; x_wconf 83' lang='grc'><strong>“</strong></span> <span class='ocrx_word' id='word_1_60' title='bbox 947 1223 1001 1306; x_wconf 87' lang='grc' dir='ltr'>Σὺ</span> <span class='ocrx_word' id='word_1_61' title='bbox 1018 1224 1057 1305; x_wconf 75' lang='grc' dir='ltr'>δὲ</span> <span class='ocrx_word' id='word_1_62' title='bbox 1076 1227 1097 1305; x_wconf 96' lang='lat'><em>5</em></span> <span class='ocrx_word' id='word_1_63' title='bbox 1114 1224 1220 1309; x_wconf 85' lang='grc' dir='ltr'>αὑτὸς</span> <span class='ocrx_word' id='word_1_64' title='bbox 1238 1220 1279 1322; x_wconf 85' lang='grc' dir='ltr'>εἶ,</span> <span class='ocrx_word' id='word_1_65' title='bbox 1297 1224 1356 1304; x_wconf 81' lang='grc' dir='ltr'>καὶ</span> <span class='ocrx_word' id='word_1_66' title='bbox 1375 1221 1422 1302; x_wconf 86' lang='grc' dir='ltr'>τά</span> 
     </span>
     <span class='ocr_line' id='line_1_8' title="bbox 224 1349 1423 1458; baseline 0.003 -29"><span class='ocrx_word' id='word_1_67' title='bbox 224 1361 246 1398; x_wconf 83' lang='grc'><strong>“</strong></span> <span class='ocrx_word' id='word_1_68' title='bbox 264 1350 325 1449; x_wconf 81' lang='grc' dir='ltr'>ἔτη</span> <span class='ocrx_word' id='word_1_69' title='bbox 350 1384 420 1431; x_wconf 95' lang='grc' dir='ltr'>σου</span> <span class='ocrx_word' id='word_1_70' title='bbox 447 1350 510 1430; x_wconf 87' lang='grc' dir='ltr'>οὑκ</span> <span class='ocrx_word' id='word_1_71' title='bbox 534 1350 797 1458; x_wconf 80' lang='grc' dir='ltr'>ε’κλείφουσιν·”</span> <span class='ocrx_word' id='word_1_72' title='bbox 826 1349 898 1431; x_wconf 84' lang='grc' dir='ltr'>ἀπὸ</span> <span class='ocrx_word' id='word_1_73' title='bbox 921 1351 1026 1434; x_wconf 88' lang='grc' dir='ltr'>ποίας</span> <span class='ocrx_word' id='word_1_74' title='bbox 1044 1350 1107 1429; x_wconf 81' lang='grc' dir='ltr'>οὑν</span> <span class='ocrx_word' id='word_1_75' title='bbox 1125 1350 1209 1449; x_wconf 85' lang='grc' dir='ltr'>ἡμῖν</span> <span class='ocrx_word' id='word_1_76' title='bbox 1226 1350 1339 1453; x_wconf 77' lang='grc' dir='ltr'>ἀρχῆς</span> <span class='ocrx_word' id='word_1_77' title='bbox 1357 1349 1423 1447; x_wconf 77' lang='grc' dir='ltr'>τῆς</span> 
     </span>
     <span class='ocr_line' id='line_1_9' title="bbox 222 1469 1423 1582; baseline -0.003 -30"><span class='ocrx_word' id='word_1_78' title='bbox 222 1475 261 1553; x_wconf 81' lang='grc' dir='ltr'>ἐν</span> <span class='ocrx_word' id='word_1_79' title='bbox 278 1469 397 1582; x_wconf 80' lang='grc' dir='ltr'>χρόνῳ</span> <span class='ocrx_word' id='word_1_80' title='bbox 424 1475 483 1553; x_wconf 81' lang='grc' dir='ltr'>καὶ</span> <span class='ocrx_word' id='word_1_81' title='bbox 507 1482 615 1581; x_wconf 81' lang='grc' dir='ltr'>ποσῷ</span> <span class='ocrx_word' id='word_1_82' title='bbox 639 1474 877 1577; x_wconf 71' lang='grc' dir='ltr'>μετρουμένης</span> <span class='ocrx_word' id='word_1_83' title='bbox 902 1475 923 1554; x_wconf 93' lang='lat'><em>5</em></span> <span class='ocrx_word' id='word_1_84' title='bbox 947 1474 1036 1558; x_wconf 77' lang='grc' dir='ltr'>Υἱὸς</span> <span class='ocrx_word' id='word_1_85' title='bbox 1059 1472 1264 1573; x_wconf 79' lang='grc' dir='ltr'>ἐκβήσεται,</span> <span class='ocrx_word' id='word_1_86' title='bbox 1284 1469 1423 1576; x_wconf 77' lang='grc' dir='ltr'>τρέχειν</span> 
     </span>
     <span class='ocr_line' id='line_1_10' title="bbox 224 1590 1423 1704; baseline 0.001 -30"><span class='ocrx_word' id='word_1_87' title='bbox 224 1603 273 1680; x_wconf 79' lang='grc' dir='ltr'>εἰς</span> <span class='ocrx_word' id='word_1_88' title='bbox 297 1594 402 1681; x_wconf 89' lang='grc' dir='ltr'>τέλος</span> <span class='ocrx_word' id='word_1_89' title='bbox 426 1599 490 1677; x_wconf 86' lang='grc' dir='ltr'>οὑκ</span> <span class='ocrx_word' id='word_1_90' title='bbox 515 1595 737 1702; x_wconf 88' lang='grc' dir='ltr'>ἀνεχόμενος,</span> <span class='ocrx_word' id='word_1_91' title='bbox 757 1596 818 1678; x_wconf 87' lang='grc' dir='ltr'>ἀτε</span> <span class='ocrx_word' id='word_1_92' title='bbox 845 1597 889 1698; x_wconf 79' lang='grc' dir='ltr'>δῇ</span> <span class='ocrx_word' id='word_1_93' title='bbox 918 1601 976 1677; x_wconf 78' lang='grc' dir='ltr'>καὶ</span> <span class='ocrx_word' id='word_1_94' title='bbox 1001 1595 1093 1678; x_wconf 88' lang='grc' dir='ltr'>κατά</span> <span class='ocrx_word' id='word_1_95' title='bbox 1117 1596 1232 1704; x_wconf 92' lang='grc' dir='ltr'>φύσιν</span> <span class='ocrx_word' id='word_1_96' title='bbox 1250 1590 1423 1700; x_wconf 82' lang='grc' dir='ltr'>ὑπάρχων</span> 
     </span>
     <span class='ocr_line' id='line_1_11' title="bbox 57 1715 1467 1841; baseline -0.001 -42"><span class='ocrx_word' id='word_1_97' title='bbox 57 1724 147 1841; x_wconf 45' lang='lat' dir='ltr'>{Q</span> <span class='ocrx_word' id='word_1_98' title='bbox 225 1717 329 1819; x_wconf 77' lang='grc' dir='ltr'>θεὸς,</span> <span class='ocrx_word' id='word_1_99' title='bbox 340 1723 398 1800; x_wconf 81' lang='grc' dir='ltr'>καὶ</span> <span class='ocrx_word' id='word_1_100' title='bbox 412 1719 469 1799; x_wconf 89' lang='grc' dir='ltr'>διά</span> <span class='ocrx_word' id='word_1_101' title='bbox 483 1729 589 1801; x_wconf 84' lang='grc' dir='ltr'>τοῦτο</span> <span class='ocrx_word' id='word_1_102' title='bbox 607 1727 705 1814; x_wconf 82' lang='grc' dir='ltr'>βοῶν</span> <span class='ocrx_word' id='word_1_103' title='bbox 716 1720 848 1824; x_wconf 83' lang='grc' dir='ltr'>“Ἐγόι</span> <span class='ocrx_word' id='word_1_104' title='bbox 866 1727 936 1821; x_wconf 78' lang='grc' dir='ltr'>εἶμι</span> <span class='ocrx_word' id='word_1_105' title='bbox 954 1720 1060 1825; x_wconf 80' lang='grc' dir='ltr'>ἡζωῇ</span> <span class='ocrx_word' id='word_1_106' title='bbox 1076 1723 1109 1817; x_wconf 89' lang='grc'>;”</span> <span class='ocrx_word' id='word_1_107' title='bbox 1130 1718 1223 1826; x_wconf 82' lang='grc' dir='ltr'>ἀρχῇ</span> <span class='ocrx_word' id='word_1_108' title='bbox 1241 1717 1314 1823; x_wconf 82' lang='grc' dir='ltr'>γὰρ</span> <span class='ocrx_word' id='word_1_109' title='bbox 1331 1715 1422 1818; x_wconf 82' lang='grc' dir='ltr'>αὑτὴ</span> <span class='ocrx_word' id='word_1_110' title='bbox 1438 1749 1467 1792; x_wconf 82' lang='grc' dir='ltr'>ις</span> 
     </span>
     <span class='ocr_line' id='line_1_12' title="bbox 224 1839 1422 1952; baseline 0 -30"><span class='ocrx_word' id='word_1_111' title='bbox 224 1843 307 1923; x_wconf 84' lang='grc' dir='ltr'>καθ’</span> <span class='ocrx_word' id='word_1_112' title='bbox 327 1842 455 1943; x_wconf 75' lang='grc' dir='ltr'>ἑαυτὴν</span> <span class='ocrx_word' id='word_1_113' title='bbox 477 1846 542 1923; x_wconf 84' lang='grc' dir='ltr'>οὐκ</span> <span class='ocrx_word' id='word_1_114' title='bbox 565 1843 610 1924; x_wconf 87' lang='grc' dir='ltr'>ἀν</span> <span class='ocrx_word' id='word_1_115' title='bbox 629 1844 724 1930; x_wconf 84' lang='grc' dir='ltr'>ὅλως</span> <span class='ocrx_word' id='word_1_116' title='bbox 748 1845 920 1952; x_wconf 82' lang='grc' dir='ltr'>ὑπάρχειν</span> <span class='ocrx_word' id='word_1_117' title='bbox 939 1842 1054 1926; x_wconf 88' lang='grc' dir='ltr'>νοοῖτύ</span> <span class='ocrx_word' id='word_1_118' title='bbox 1078 1878 1166 1926; x_wconf 91' lang='grc' dir='ltr'>ποτε</span> <span class='ocrx_word' id='word_1_119' title='bbox 1190 1840 1240 1944; x_wconf 83' lang='grc' dir='ltr'>μὴ</span> <span class='ocrx_word' id='word_1_120' title='bbox 1263 1840 1356 1944; x_wconf 82' lang='grc' dir='ltr'>πρδς</span> <span class='ocrx_word' id='word_1_121' title='bbox 1380 1839 1422 1923; x_wconf 87' lang='grc' dir='ltr'>τδ</span> 
     </span>
     <span class='ocr_line' id='line_1_13' title="bbox 196 1962 1420 2073; baseline -0.001 -29"><span class='ocrx_word' id='word_1_122' title='bbox 196 1972 351 2046; x_wconf 77' lang='grc' dir='ltr'>οοῖκεῖον</span> <span class='ocrx_word' id='word_1_123' title='bbox 371 1967 565 2062; x_wconf 82' lang='grc' dir='ltr'>βλέπουσα</span> <span class='ocrx_word' id='word_1_124' title='bbox 591 1964 707 2066; x_wconf 86' lang='grc' dir='ltr'>τέλος,</span> <span class='ocrx_word' id='word_1_125' title='bbox 728 1969 870 2073; x_wconf 83' lang='grc' dir='ltr'>ἐπείπερ</span> <span class='ocrx_word' id='word_1_126' title='bbox 898 1972 946 2053; x_wconf 86' lang='grc' dir='ltr'>ὡς</span> <span class='ocrx_word' id='word_1_127' title='bbox 972 1967 1064 2072; x_wconf 78' lang='grc' dir='ltr'>πρὸς</span> <span class='ocrx_word' id='word_1_128' title='bbox 1090 1963 1196 2051; x_wconf 90' lang='grc' dir='ltr'>τέλος</span> <span class='ocrx_word' id='word_1_129' title='bbox 1223 1964 1288 2065; x_wconf 74' lang='grc' dir='ltr'>μέν</span> <span class='ocrx_word' id='word_1_130' title='bbox 1309 1962 1420 2072; x_wconf 80' lang='grc' dir='ltr'>ἀρχῇ,</span> 
     </span>
     <span class='ocr_line' id='line_1_14' title="bbox 223 2086 1424 2198; baseline -0.002 -27"><span class='ocrx_word' id='word_1_131' title='bbox 223 2089 328 2174; x_wconf 85' lang='grc' dir='ltr'>τέλος</span> <span class='ocrx_word' id='word_1_132' title='bbox 359 2091 394 2170; x_wconf 81' lang='grc' dir='ltr'>δ’</span> <span class='ocrx_word' id='word_1_133' title='bbox 423 2091 470 2170; x_wconf 82' lang='grc' dir='ltr'>αὖ</span> <span class='ocrx_word' id='word_1_134' title='bbox 500 2089 613 2172; x_wconf 81' lang='grc' dir='ltr'>πόλιν</span> <span class='ocrx_word' id='word_1_135' title='bbox 640 2093 689 2175; x_wconf 87' lang='grc' dir='ltr'>ὡς</span> <span class='ocrx_word' id='word_1_136' title='bbox 717 2089 808 2196; x_wconf 75' lang='grc' dir='ltr'>πρὸς</span> <span class='ocrx_word' id='word_1_137' title='bbox 840 2090 956 2198; x_wconf 78' lang='grc' dir='ltr'>ἀρχὴν</span> <span class='ocrx_word' id='word_1_138' title='bbox 982 2089 1199 2194; x_wconf 79' lang='grc' dir='ltr'>ὀνομάζεται·</span> <span class='ocrx_word' id='word_1_139' title='bbox 1241 2086 1357 2194; x_wconf 78' lang='grc' dir='ltr'>ἀρχὴν</span> <span class='ocrx_word' id='word_1_140' title='bbox 1384 2087 1424 2170; x_wconf 78' lang='grc' dir='ltr'>δὲ</span> 
     </span>
     <span class='ocr_line' id='line_1_15' title="bbox 222 2211 1425 2321; baseline -0.002 -27"><span class='ocrx_word' id='word_1_141' title='bbox 222 2213 335 2294; x_wconf 88' lang='grc' dir='ltr'>πάλιν</span> <span class='ocrx_word' id='word_1_142' title='bbox 362 2215 400 2295; x_wconf 82' lang='grc' dir='ltr'>ἐν</span> <span class='ocrx_word' id='word_1_143' title='bbox 426 2211 575 2312; x_wconf 88' lang='grc' dir='ltr'>τούτοις,</span> <span class='ocrx_word' id='word_1_144' title='bbox 601 2213 668 2314; x_wconf 82' lang='grc' dir='ltr'>τὴν</span> <span class='ocrx_word' id='word_1_145' title='bbox 696 2213 786 2295; x_wconf 84' lang='grc' dir='ltr'>κατὰ</span> <span class='ocrx_word' id='word_1_146' title='bbox 814 2215 945 2320; x_wconf 87' lang='grc' dir='ltr'>χρόνον</span> <span class='ocrx_word' id='word_1_147' title='bbox 968 2215 1047 2315; x_wconf 77' lang='grc' dir='ltr'>ἤτοι</span> <span class='ocrx_word' id='word_1_148' title='bbox 1073 2213 1263 2321; x_wconf 86' lang='grc' dir='ltr'>ποσότητα</span> <span class='ocrx_word' id='word_1_149' title='bbox 1289 2213 1425 2313; x_wconf 86' lang='grc' dir='ltr'>σημαί-</span> 
     </span>
     <span class='ocr_line' id='line_1_16' title="bbox 225 2337 1467 2442; baseline -0.002 -25"><span class='ocrx_word' id='word_1_150' title='bbox 225 2371 340 2436; x_wconf 84' lang='grc' dir='ltr'>νομεν.</span> <span class='ocrx_word' id='word_1_151' title='bbox 378 2339 506 2417; x_wconf 84' lang='grc' dir='ltr'>ούκοῦν</span> <span class='ocrx_word' id='word_1_152' title='bbox 524 2339 710 2441; x_wconf 71' lang='grc' dir='ltr'>ἐπειδήπερ</span> <span class='ocrx_word' id='word_1_153' title='bbox 736 2341 794 2418; x_wconf 82' lang='grc' dir='ltr'>καὶ</span> <span class='ocrx_word' id='word_1_154' title='bbox 818 2338 935 2420; x_wconf 85' lang='grc' dir='ltr'>αὑτῶν</span> <span class='ocrx_word' id='word_1_155' title='bbox 952 2341 1031 2418; x_wconf 84' lang='grc' dir='ltr'>ἐστι</span> <span class='ocrx_word' id='word_1_156' title='bbox 1055 2344 1128 2418; x_wconf 84' lang='grc' dir='ltr'>τῶν</span> <span class='ocrx_word' id='word_1_157' title='bbox 1146 2337 1283 2417; x_wconf 80' lang='grc' dir='ltr'>αἰώνων</span> <span class='ocrx_word' id='word_1_158' title='bbox 1304 2370 1421 2442; x_wconf 89' lang='grc' dir='ltr'>πρεσ·</span> <span class='ocrx_word' id='word_1_159' title='bbox 1440 2371 1467 2429; x_wconf 71' lang='grc' dir='ltr'>ιη</span> 
     </span>
     <span class='ocr_line' id='line_1_17' title="bbox 223 2457 1422 2570; baseline -0.001 -30"><span class='ocrx_word' id='word_1_160' title='bbox 223 2459 373 2563; x_wconf 83' lang='grc' dir='ltr'>βύτερος</span> <span class='ocrx_word' id='word_1_161' title='bbox 400 2462 420 2540; x_wconf 92' lang='lat'><em>5</em></span> <span class='ocrx_word' id='word_1_162' title='bbox 448 2457 546 2558; x_wconf 80' lang='grc' dir='ltr'>Υἱὸς,</span> <span class='ocrx_word' id='word_1_163' title='bbox 568 2459 610 2540; x_wconf 85' lang='grc' dir='ltr'>τὸ</span> <span class='ocrx_word' id='word_1_164' title='bbox 637 2459 703 2560; x_wconf 77' lang='grc' dir='ltr'>μὲν</span> <span class='ocrx_word' id='word_1_165' title='bbox 727 2462 765 2540; x_wconf 83' lang='grc' dir='ltr'>ἐν</span> <span class='ocrx_word' id='word_1_166' title='bbox 789 2461 908 2570; x_wconf 85' lang='grc' dir='ltr'>χρόνῳ</span> <span class='ocrx_word' id='word_1_167' title='bbox 935 2464 1152 2565; x_wconf 80' lang='grc' dir='ltr'>γεγενῆσθαι</span> <span class='ocrx_word' id='word_1_168' title='bbox 1180 2458 1422 2568; x_wconf 69' lang='grc' dir='ltr'>διαφεύξεται·</span> 
     </span>
     <span class='ocr_line' id='line_1_18' title="bbox 225 2579 1423 2692; baseline 0.002 -29"><span class='ocrx_word' id='word_1_169' title='bbox 225 2579 258 2678; x_wconf 69' lang='grc' dir='ltr'>ἦν</span> <span class='ocrx_word' id='word_1_170' title='bbox 281 2582 319 2663; x_wconf 79' lang='grc' dir='ltr'>δὲ</span> <span class='ocrx_word' id='word_1_171' title='bbox 346 2584 405 2662; x_wconf 82' lang='grc' dir='ltr'>καὶ</span> <span class='ocrx_word' id='word_1_172' title='bbox 432 2580 490 2661; x_wconf 83' lang='grc' dir='ltr'>διὰ</span> <span class='ocrx_word' id='word_1_173' title='bbox 517 2579 653 2666; x_wconf 79' lang='grc' dir='ltr'>παντὸς</span> <span class='ocrx_word' id='word_1_174' title='bbox 673 2585 725 2683; x_wconf 19' lang='grc' dir='ltr'>«ὡς</span> <span class='ocrx_word' id='word_1_175' title='bbox 753 2585 790 2661; x_wconf 85' lang='grc' dir='ltr'>έν</span> <span class='ocrx_word' id='word_1_176' title='bbox 812 2590 913 2689; x_wconf 90' lang='grc' dir='ltr'>πηγῇ</span> <span class='ocrx_word' id='word_1_177' title='bbox 935 2590 987 2692; x_wconf 77' lang='grc' dir='ltr'>τεῇ</span> <span class='ocrx_word' id='word_1_178' title='bbox 1010 2587 1129 2689; x_wconf 83' lang='grc' dir='ltr'>Πατρὶ</span> <span class='ocrx_word' id='word_1_179' title='bbox 1153 2580 1311 2664; x_wconf 81' lang='grc' dir='ltr'>κατὰτὸ</span> <span class='ocrx_word' id='word_1_180' title='bbox 1335 2584 1423 2688; x_wconf 85' lang='grc' dir='ltr'>παρ’</span> 
     </span>
    </p>

    <p class='ocr_par' dir='ltr' id='par_1_4' title="bbox 92 2704 1467 3060">
     <span class='ocr_line' id='line_1_19' title="bbox 92 2704 1424 2816; baseline 0.001 -29"><span class='ocrx_word' id='word_1_181' title='bbox 92 2745 98 2759; x_wconf 92' lang='grc'><strong><em>·</em></strong></span> <span class='ocrx_word' id='word_1_182' title='bbox 147 2711 163 2764; x_wconf 80' lang='grc'>’·</span> <span class='ocrx_word' id='word_1_183' title='bbox 227 2708 334 2787; x_wconf 83' lang='grc' dir='ltr'>αὑτοῦ</span> <span class='ocrx_word' id='word_1_184' title='bbox 353 2704 570 2809; x_wconf 85' lang='grc' dir='ltr'>λελεγμένον</span> <span class='ocrx_word' id='word_1_185' title='bbox 589 2715 610 2754; x_wconf 84' lang='grc'><strong>“</strong></span> <span class='ocrx_word' id='word_1_186' title='bbox 623 2706 724 2809; x_wconf 81' lang='grc' dir='ltr'>Ἐγὼ</span> <span class='ocrx_word' id='word_1_187' title='bbox 750 2708 789 2785; x_wconf 82' lang='grc' dir='ltr'>εἰς</span> <span class='ocrx_word' id='word_1_188' title='bbox 812 2715 877 2787; x_wconf 84' lang='grc' dir='ltr'>τοῦ</span> <span class='ocrx_word' id='word_1_189' title='bbox 897 2706 1043 2811; x_wconf 81' lang='grc' dir='ltr'>Πατρδς</span> <span class='ocrx_word' id='word_1_190' title='bbox 1060 2707 1217 2816; x_wconf 79' lang='grc' dir='ltr'>ἐξῆλθον</span> <span class='ocrx_word' id='word_1_191' title='bbox 1235 2709 1294 2787; x_wconf 83' lang='grc' dir='ltr'>καὶ</span> <span class='ocrx_word' id='word_1_192' title='bbox 1312 2705 1424 2808; x_wconf 81' lang='grc' dir='ltr'>ἥκω.”</span> 
     </span>
     <span class='ocr_line' id='line_1_20' title="bbox 225 2826 1426 2941; baseline 0 -30"><span class='ocrx_word' id='word_1_193' title='bbox 225 2834 345 2933; x_wconf 87' lang='grc' dir='ltr'>πηγῇς</span> <span class='ocrx_word' id='word_1_194' title='bbox 363 2838 553 2933; x_wconf 81' lang='grc' dir='ltr'>τοιγαροῦν</span> <span class='ocrx_word' id='word_1_195' title='bbox 572 2829 761 2929; x_wconf 77' lang='grc' dir='ltr'>νοουμένου</span> <span class='ocrx_word' id='word_1_196' title='bbox 781 2839 847 2910; x_wconf 85' lang='grc' dir='ltr'>τοῦ</span> <span class='ocrx_word' id='word_1_197' title='bbox 867 2829 1023 2935; x_wconf 84' lang='grc' dir='ltr'>Πατρδς,</span> <span class='ocrx_word' id='word_1_198' title='bbox 1042 2826 1075 2926; x_wconf 72' lang='grc' dir='ltr'>ἦν</span> <span class='ocrx_word' id='word_1_199' title='bbox 1099 2841 1113 2913; x_wconf 84' lang='lat'><em>5</em></span> <span class='ocrx_word' id='word_1_200' title='bbox 1133 2834 1246 2935; x_wconf 83' lang='grc' dir='ltr'>Λόγος</span> <span class='ocrx_word' id='word_1_201' title='bbox 1274 2832 1304 2912; x_wconf 75' lang='grc' dir='ltr'>ἓν</span> <span class='ocrx_word' id='word_1_202' title='bbox 1326 2831 1426 2941; x_wconf 75' lang='grc' dir='ltr'>αὑτῷ</span> 
     </span>
     <span class='ocr_line' id='line_1_21' title="bbox 226 2951 1467 3060; baseline 0.001 -27"><span class='ocrx_word' id='word_1_203' title='bbox 226 2956 343 3060; x_wconf 82' lang='grc' dir='ltr'>σοφία</span> <span class='ocrx_word' id='word_1_204' title='bbox 366 2955 426 3034; x_wconf 82' lang='grc' dir='ltr'>καὶ</span> <span class='ocrx_word' id='word_1_205' title='bbox 451 2953 597 3053; x_wconf 91' lang='grc' dir='ltr'>δύναμις</span> <span class='ocrx_word' id='word_1_206' title='bbox 624 2956 684 3034; x_wconf 78' lang='grc' dir='ltr'>καὶ</span> <span class='ocrx_word' id='word_1_207' title='bbox 708 2953 892 3060; x_wconf 77' lang='grc' dir='ltr'>χαρακτὴρ</span> <span class='ocrx_word' id='word_1_208' title='bbox 917 2958 975 3035; x_wconf 81' lang='grc' dir='ltr'>καὶ</span> <span class='ocrx_word' id='word_1_209' title='bbox 1000 2954 1226 3058; x_wconf 84' lang='grc' dir='ltr'>ἀπαύγασμα</span> <span class='ocrx_word' id='word_1_210' title='bbox 1244 2956 1303 3035; x_wconf 78' lang='grc' dir='ltr'>καὶ</span> <span class='ocrx_word' id='word_1_211' title='bbox 1321 2951 1426 3036; x_wconf 80' lang='grc' dir='ltr'>εῖκάιν</span> <span class='ocrx_word' id='word_1_212' title='bbox 1439 2992 1467 3034; x_wconf 82' lang='grc' dir='ltr'>ιι</span> 
     </span>
    </p>

    <p class='ocr_par' dir='ltr' id='par_1_5' title="bbox 59 3074 1467 3792">
     <span class='ocr_line' id='line_1_22' title="bbox 59 3074 1426 3183; baseline 0.004 -27"><span class='ocrx_word' id='word_1_213' title='bbox 59 3099 148 3156; x_wconf 63' lang='grc' dir='ltr'>1η</span> <span class='ocrx_word' id='word_1_214' title='bbox 197 3076 398 3182; x_wconf 78' lang='grc' dir='ltr'>οὑπάρχων</span> <span class='ocrx_word' id='word_1_215' title='bbox 420 3079 539 3158; x_wconf 81' lang='grc' dir='ltr'>αὑτοῦ.</span> <span class='ocrx_word' id='word_1_216' title='bbox 577 3080 635 3157; x_wconf 82' lang='grc' dir='ltr'>καὶ</span> <span class='ocrx_word' id='word_1_217' title='bbox 663 3083 693 3156; x_wconf 77' lang='grc' dir='ltr'>εἰ</span> <span class='ocrx_word' id='word_1_218' title='bbox 717 3074 846 3183; x_wconf 88' lang='grc' dir='ltr'>χρόνος</span> <span class='ocrx_word' id='word_1_219' title='bbox 869 3076 915 3178; x_wconf 83' lang='grc' dir='ltr'>ἦν</span> <span class='ocrx_word' id='word_1_220' title='bbox 939 3079 1061 3177; x_wconf 78' lang='grc' dir='ltr'>οὐδεὶς,</span> <span class='ocrx_word' id='word_1_221' title='bbox 1084 3078 1143 3158; x_wconf 82' lang='grc' dir='ltr'>ὅτε</span> <span class='ocrx_word' id='word_1_222' title='bbox 1166 3077 1289 3180; x_wconf 86' lang='grc' dir='ltr'>Λόγου</span> <span class='ocrx_word' id='word_1_223' title='bbox 1314 3081 1426 3183; x_wconf 79' lang='grc' dir='ltr'>χωρὶς</span> 
     </span>
     <span class='ocr_line' id='line_1_23' title="bbox 226 3199 1426 3307; baseline -0.002 -25"><span class='ocrx_word' id='word_1_224' title='bbox 226 3205 285 3282; x_wconf 77' lang='grc' dir='ltr'>καὶ</span> <span class='ocrx_word' id='word_1_225' title='bbox 303 3204 437 3307; x_wconf 88' lang='grc' dir='ltr'>σοφίας</span> <span class='ocrx_word' id='word_1_226' title='bbox 461 3205 520 3281; x_wconf 81' lang='grc' dir='ltr'>καὶ</span> <span class='ocrx_word' id='word_1_227' title='bbox 543 3205 768 3305; x_wconf 75' lang='grc' dir='ltr'>χαρακτῆρος</span> <span class='ocrx_word' id='word_1_228' title='bbox 793 3204 852 3282; x_wconf 79' lang='grc' dir='ltr'>καὶ</span> <span class='ocrx_word' id='word_1_229' title='bbox 876 3200 1161 3305; x_wconf 87' lang='grc' dir='ltr'>ἀπαυγάσματος</span> <span class='ocrx_word' id='word_1_230' title='bbox 1178 3200 1224 3302; x_wconf 85' lang='grc' dir='ltr'>ἦν</span> <span class='ocrx_word' id='word_1_231' title='bbox 1242 3202 1262 3281; x_wconf 92' lang='lat'><em>5</em></span> <span class='ocrx_word' id='word_1_232' title='bbox 1283 3199 1426 3306; x_wconf 87' lang='grc' dir='ltr'>Πατῇρ,</span> 
     </span>
     <span class='ocr_line' id='line_1_24' title="bbox 226 3321 1427 3430; baseline -0.002 -25"><span class='ocrx_word' id='word_1_233' title='bbox 226 3322 364 3424; x_wconf 79' lang='grc' dir='ltr'>ἀνάγκη</span> <span class='ocrx_word' id='word_1_234' title='bbox 395 3331 658 3426; x_wconf 83' lang='grc' dir='ltr'>συνομολογεῖν</span> <span class='ocrx_word' id='word_1_235' title='bbox 685 3322 797 3404; x_wconf 81' lang='grc' dir='ltr'>ἀΐδιον</span> <span class='ocrx_word' id='word_1_236' title='bbox 823 3323 994 3430; x_wconf 80' lang='grc' dir='ltr'>ὑπάρχειν</span> <span class='ocrx_word' id='word_1_237' title='bbox 1022 3324 1086 3406; x_wconf 80' lang='grc' dir='ltr'>τὸν</span> <span class='ocrx_word' id='word_1_238' title='bbox 1113 3322 1214 3422; x_wconf 81' lang='grc' dir='ltr'>Υῖδν,</span> <span class='ocrx_word' id='word_1_239' title='bbox 1242 3321 1281 3407; x_wconf 79' lang='grc' dir='ltr'>ὃς</span> <span class='ocrx_word' id='word_1_240' title='bbox 1310 3323 1427 3404; x_wconf 87' lang='grc' dir='ltr'>ταὺτά</span> 
     </span>
     <span class='ocr_line' id='line_1_25' title="bbox 227 3444 1426 3553; baseline 0.002 -27"><span class='ocrx_word' id='word_1_241' title='bbox 227 3449 307 3526; x_wconf 83' lang='grc' dir='ltr'>ἐστι</span> <span class='ocrx_word' id='word_1_242' title='bbox 324 3451 375 3553; x_wconf 78' lang='grc' dir='ltr'>τῷ</span> <span class='ocrx_word' id='word_1_243' title='bbox 393 3448 493 3553; x_wconf 84' lang='grc' dir='ltr'>ἀϊδίῳ</span> <span class='ocrx_word' id='word_1_244' title='bbox 514 3448 643 3550; x_wconf 84' lang='grc' dir='ltr'>Πατρί.</span> <span class='ocrx_word' id='word_1_245' title='bbox 680 3455 757 3531; x_wconf 84' lang='grc' dir='ltr'>πῶς</span> <span class='ocrx_word' id='word_1_246' title='bbox 775 3446 847 3551; x_wconf 81' lang='grc' dir='ltr'>γὰρ</span> <span class='ocrx_word' id='word_1_247' title='bbox 866 3447 960 3532; x_wconf 83' lang='grc' dir='ltr'>ὅλως</span> <span class='ocrx_word' id='word_1_248' title='bbox 979 3450 1058 3528; x_wconf 81' lang='grc' dir='ltr'>ἐστὶ</span> <span class='ocrx_word' id='word_1_249' title='bbox 1075 3444 1271 3553; x_wconf 77' lang='grc' dir='ltr'>χαρακτὴρ,</span> <span class='ocrx_word' id='word_1_250' title='bbox 1289 3455 1367 3533; x_wconf 78' lang='grc' dir='ltr'>πῶς</span> <span class='ocrx_word' id='word_1_251' title='bbox 1386 3446 1426 3528; x_wconf 71' lang='grc' dir='ltr'>δὲ</span> 
     </span>
     <span class='ocr_line' id='line_1_26' title="bbox 227 3568 1467 3679; baseline 0.002 -29"><span class='ocrx_word' id='word_1_252' title='bbox 227 3569 331 3650; x_wconf 77' lang='grc' dir='ltr'>εἰκὼν</span> <span class='ocrx_word' id='word_1_253' title='bbox 354 3569 514 3672; x_wconf 79' lang='grc' dir='ltr'>ἀκριβὴς,</span> <span class='ocrx_word' id='word_1_254' title='bbox 537 3577 566 3650; x_wconf 82' lang='grc' dir='ltr'>εἰ</span> <span class='ocrx_word' id='word_1_255' title='bbox 593 3568 643 3671; x_wconf 84' lang='grc' dir='ltr'>μὴ</span> <span class='ocrx_word' id='word_1_256' title='bbox 671 3570 762 3674; x_wconf 77' lang='grc' dir='ltr'>πρὸς</span> <span class='ocrx_word' id='word_1_257' title='bbox 789 3575 899 3651; x_wconf 82' lang='grc' dir='ltr'>έκεῖνο</span> <span class='ocrx_word' id='word_1_258' title='bbox 925 3572 1206 3679; x_wconf 88' lang='grc' dir='ltr'>μεμορφωμένος</span> <span class='ocrx_word' id='word_1_259' title='bbox 1231 3573 1357 3674; x_wconf 83' lang='grc' dir='ltr'>δρᾶται</span> <span class='ocrx_word' id='word_1_260' title='bbox 1383 3568 1426 3654; x_wconf 84' lang='grc' dir='ltr'>τδ</span> <span class='ocrx_word' id='word_1_261' title='bbox 1441 3610 1467 3667; x_wconf 73' lang='grc' dir='ltr'>τι</span> 
     </span>
     <span class='ocr_line' id='line_1_27' title="bbox 227 3693 776 3792; baseline 0 -18"><span class='ocrx_word' id='word_1_262' title='bbox 227 3693 376 3792; x_wconf 81' lang='grc' dir='ltr'>κάλλος,</span> <span class='ocrx_word' id='word_1_263' title='bbox 396 3693 438 3772; x_wconf 82' lang='grc' dir='ltr'>οὗ</span> <span class='ocrx_word' id='word_1_264' title='bbox 457 3696 518 3773; x_wconf 89' lang='grc' dir='ltr'>καί</span> <span class='ocrx_word' id='word_1_265' title='bbox 532 3695 632 3774; x_wconf 83' lang='grc' dir='ltr'>ἐστιν</span> <span class='ocrx_word' id='word_1_266' title='bbox 651 3696 776 3792; x_wconf 62' lang='grc' dir='ltr'>εἰκαίας</span> 
     </span>
    </p>
   </div>
   <div class='ocr_carea' id='block_1_4' title="bbox 282 3815 1427 3925">
    <p class='ocr_par' dir='ltr' id='par_1_6' title="bbox 282 3815 1427 3925">
     <span class='ocr_line' id='line_1_28' title="bbox 282 3815 1427 3925; baseline 0.002 -27"><span class='ocrx_word' id='word_1_267' title='bbox 282 3816 467 3919; x_wconf 83' lang='grc' dir='ltr'>Ἀδικῇσει</span> <span class='ocrx_word' id='word_1_268' title='bbox 496 3815 534 3897; x_wconf 83' lang='grc' dir='ltr'>δέ</span> <span class='ocrx_word' id='word_1_269' title='bbox 562 3817 656 3901; x_wconf 82' lang='grc' dir='ltr'>ὅλως</span> <span class='ocrx_word' id='word_1_270' title='bbox 684 3817 786 3899; x_wconf 80' lang='grc' dir='ltr'>οὐδέν</span> <span class='ocrx_word' id='word_1_271' title='bbox 808 3816 850 3899; x_wconf 84' lang='grc' dir='ltr'>τὸ</span> <span class='ocrx_word' id='word_1_272' title='bbox 878 3822 926 3902; x_wconf 84' lang='grc' dir='ltr'>ὡς</span> <span class='ocrx_word' id='word_1_273' title='bbox 954 3821 992 3898; x_wconf 84' lang='grc' dir='ltr'>έν</span> <span class='ocrx_word' id='word_1_274' title='bbox 1013 3823 1114 3922; x_wconf 86' lang='grc' dir='ltr'>πηγῇ</span> <span class='ocrx_word' id='word_1_275' title='bbox 1141 3824 1193 3925; x_wconf 82' lang='grc' dir='ltr'>τῳ</span> <span class='ocrx_word' id='word_1_276' title='bbox 1217 3821 1337 3923; x_wconf 85' lang='grc' dir='ltr'>Πατρὶ</span> <span class='ocrx_word' id='word_1_277' title='bbox 1361 3816 1427 3901; x_wconf 86' lang='grc' dir='ltr'>τδν</span> 
     </span>
    </p>
   </div>
   <div class='ocr_carea' id='block_1_5' title="bbox 227 4085 1427 4302">
    <p class='ocr_par' dir='ltr' id='par_1_7' title="bbox 227 4085 1427 4302">
     <span class='ocr_line' id='line_1_29' title="bbox 263 4085 1426 4161; baseline 0.001 -17"><span class='ocrx_word' id='word_1_278' title='bbox 263 4105 289 4161; x_wconf 81' lang='lat'>3.</span> <span class='ocrx_word' id='word_1_279' title='bbox 307 4088 412 4160; x_wconf 73' lang='grc' dir='ltr'>όπεέπερ</span> <span class='ocrx_word' id='word_1_280' title='bbox 425 4087 530 4145; x_wconf 83' lang='grc' dir='ltr'><strong>Β.1).Ε.</strong></span> <span class='ocrx_word' id='word_1_281' title='bbox 543 4086 627 4145; x_wconf 76' lang='lat' dir='ltr'><strong>Ruth.</strong></span> <span class='ocrx_word' id='word_1_282' title='bbox 639 4088 694 4145; x_wconf 77' lang='grc' dir='ltr'>τ’πεὶ</span> <span class='ocrx_word' id='word_1_283' title='bbox 705 4089 756 4160; x_wconf 82' lang='grc' dir='ltr'>γδρ</span> <span class='ocrx_word' id='word_1_284' title='bbox 768 4087 821 4145; x_wconf 85' lang='lat' dir='ltr'>Ed.</span> <span class='ocrx_word' id='word_1_285' title='bbox 1015 4107 1043 4156; x_wconf 83' lang='lat'>4.</span> <span class='ocrx_word' id='word_1_286' title='bbox 1060 4086 1183 4160; x_wconf 73' lang='grc' dir='ltr'>ὕπαρξιν]</span> <span class='ocrx_word' id='word_1_287' title='bbox 1196 4085 1318 4160; x_wconf 83' lang='grc' dir='ltr'>γέννησιν</span> <span class='ocrx_word' id='word_1_288' title='bbox 1330 4087 1364 4144; x_wconf 87' lang='grc' dir='ltr'>Β.</span> <span class='ocrx_word' id='word_1_289' title='bbox 1378 4089 1426 4146; x_wconf 77' lang='lat' dir='ltr'>sed</span> 
     </span>
     <span class='ocr_line' id='line_1_30' title="bbox 227 4158 1425 4244; baseline 0.003 -31"><span class='ocrx_word' id='word_1_290' title='bbox 227 4158 280 4214; x_wconf 84' lang='grc' dir='ltr'>ὑπο</span> <span class='ocrx_word' id='word_1_291' title='bbox 296 4161 342 4242; x_wconf 68' lang='grc' dir='ltr'>εινΙ</span> <span class='ocrx_word' id='word_1_292' title='bbox 351 4177 485 4230; x_wconf 70' lang='lat' dir='ltr'><strong>suprascr.</strong></span> <span class='ocrx_word' id='word_1_293' title='bbox 500 4159 581 4243; x_wconf 55' lang='lat' dir='ltr'>bffbet</span> <span class='ocrx_word' id='word_1_294' title='bbox 597 4159 629 4214; x_wconf 90' lang='lat' dir='ltr'>B.</span> <span class='ocrx_word' id='word_1_295' title='bbox 681 4161 797 4244; x_wconf 76' lang='grc' dir='ltr'>τουτοισὶ</span> <span class='ocrx_word' id='word_1_296' title='bbox 811 4158 881 4214; x_wconf 73' lang='lat' dir='ltr'>BD.</span> <span class='ocrx_word' id='word_1_297' title='bbox 893 4158 975 4214; x_wconf 74' lang='lat' dir='ltr'><strong>Ruth.</strong></span> <span class='ocrx_word' id='word_1_298' title='bbox 990 4158 1137 4231; x_wconf 83' lang='grc' dir='ltr'>[τούτοιςεῖ</span> <span class='ocrx_word' id='word_1_299' title='bbox 1150 4158 1329 4215; x_wconf 75' lang='grc' dir='ltr'>Β.τοντοισολ</span> <span class='ocrx_word' id='word_1_300' title='bbox 1342 4160 1425 4216; x_wconf 81' lang='lat' dir='ltr'><strong>Euth.</strong></span> 
     </span>
     <span class='ocr_line' id='line_1_31' title="bbox 229 4181 1427 4302; baseline 0.003 -19"><span class='ocrx_word' id='word_1_301' title='bbox 229 4181 298 4285; x_wconf 68' lang='lat'>005</span> <span class='ocrx_word' id='word_1_302' title='bbox 311 4230 407 4284; x_wconf 77' lang='lat' dir='ltr'><strong>Vlenn.</strong></span> <span class='ocrx_word' id='word_1_303' title='bbox 426 4230 539 4285; x_wconf 76' lang='lat' dir='ltr'>Nesseln</span> <span class='ocrx_word' id='word_1_304' title='bbox 556 4230 597 4301; x_wconf 82' lang='lat'>76.</span> <span class='ocrx_word' id='word_1_305' title='bbox 615 4231 747 4286; x_wconf 73' lang='grc' dir='ltr'>τοῦτοισοί</span> <span class='ocrx_word' id='word_1_306' title='bbox 760 4229 880 4302; x_wconf 73' lang='lat' dir='ltr'><strong>ejusdem</strong></span> <span class='ocrx_word' id='word_1_307' title='bbox 895 4229 964 4285; x_wconf 83' lang='lat' dir='ltr'><strong>cod.</strong></span> <span class='ocrx_word' id='word_1_308' title='bbox 976 4229 1034 4300; x_wconf 66' lang='lat'>34]</span> <span class='ocrx_word' id='word_1_309' title='bbox 1053 4229 1153 4285; x_wconf 84' lang='grc' dir='ltr'>τούτοις</span> <span class='ocrx_word' id='word_1_310' title='bbox 1165 4228 1218 4284; x_wconf 83' lang='grc' dir='ltr'>Εδ.</span> <span class='ocrx_word' id='word_1_311' title='bbox 1272 4230 1427 4302; x_wconf 77' lang='grc' dir='ltr'>κοταλῇγειν</span> 
     </span>
    </p>
   </div>
   <div class='ocr_carea' id='block_1_6' title="bbox 228 4298 1426 4425">
    <p class='ocr_par' dir='ltr' id='par_1_8' title="bbox 228 4298 1426 4425">
     <span class='ocr_line' id='line_1_32' title="bbox 228 4298 1426 4425; baseline 0.003 -72"><span class='ocrx_word' id='word_1_312' title='bbox 228 4298 429 4424; x_wconf 64' lang='grc' dir='ltr'>εῖτ]Εκοτολῇγει</span> <span class='ocrx_word' id='word_1_313' title='bbox 440 4322 463 4354; x_wconf 84' lang='grc' dir='ltr'>ει</span> <span class='ocrx_word' id='word_1_314' title='bbox 475 4301 537 4369; x_wconf 77' lang='grc' dir='ltr'>(εἰς)</span> <span class='ocrx_word' id='word_1_315' title='bbox 549 4301 586 4358; x_wconf 70' lang='grc' dir='ltr'>εἰς</span> <span class='ocrx_word' id='word_1_316' title='bbox 597 4302 627 4354; x_wconf 88' lang='grc' dir='ltr'>τδ</span> <span class='ocrx_word' id='word_1_317' title='bbox 640 4301 673 4355; x_wconf 90' lang='grc' dir='ltr'>Β.</span> <span class='ocrx_word' id='word_1_318' title='bbox 791 4316 818 4367; x_wconf 81' lang='grc'>5.</span> <span class='ocrx_word' id='word_1_319' title='bbox 836 4301 891 4425; x_wconf 49' lang='lat' dir='ltr'>(ng</span> <span class='ocrx_word' id='word_1_320' title='bbox 903 4299 1033 4372; x_wconf 81' lang='lat' dir='ltr'><strong>Euthym.</strong></span> <span class='ocrx_word' id='word_1_321' title='bbox 1155 4315 1180 4371; x_wconf 83' lang='lat'>7.</span> <span class='ocrx_word' id='word_1_322' title='bbox 1198 4298 1244 4356; x_wconf 83' lang='grc' dir='ltr'>οὑν</span> <span class='ocrx_word' id='word_1_323' title='bbox 1255 4311 1426 4384; x_wconf 67' lang='grc' dir='ltr'>ιςαυιῐιρῑιιω</span> 
     </span>
    </p>
   </div>
   <div class='ocr_carea' id='block_1_7' title="bbox 227 4368 1425 4584">
    <p class='ocr_par' dir='ltr' id='par_1_9' title="bbox 227 4368 1425 4584">
     <span class='ocr_line' id='line_1_33' title="bbox 228 4368 1425 4440; baseline 0.002 -16"><span class='ocrx_word' id='word_1_324' title='bbox 228 4386 261 4424; x_wconf 75' lang='grc' dir='ltr'>αι</span> <span class='ocrx_word' id='word_1_325' title='bbox 299 4368 357 4424; x_wconf 86' lang='lat' dir='ltr'><strong>utb.</strong></span> <span class='ocrx_word' id='word_1_326' title='bbox 498 4388 524 4440; x_wconf 87' lang='lat'>9.</span> <span class='ocrx_word' id='word_1_327' title='bbox 542 4371 588 4425; x_wconf 74' lang='grc' dir='ltr'>ἅτε</span> <span class='ocrx_word' id='word_1_328' title='bbox 600 4370 683 4425; x_wconf 84' lang='lat' dir='ltr'><strong>Euth.</strong></span> <span class='ocrx_word' id='word_1_329' title='bbox 696 4369 748 4425; x_wconf 83' lang='lat' dir='ltr'>Ed.</span> <span class='ocrx_word' id='word_1_330' title='bbox 759 4370 811 4425; x_wconf 83' lang='grc' dir='ltr'>ὅσα</span> <span class='ocrx_word' id='word_1_331' title='bbox 822 4392 851 4425; x_wconf 83' lang='grc' dir='ltr'>τε</span> <span class='ocrx_word' id='word_1_332' title='bbox 890 4410 897 4426; x_wconf 93' lang='grc'><strong>.</strong></span> <span class='ocrx_word' id='word_1_333' title='bbox 1038 4387 1079 4426; x_wconf 86' lang='lat'>10.</span> <span class='ocrx_word' id='word_1_334' title='bbox 1095 4373 1166 4436; x_wconf 75' lang='grc' dir='ltr'>βοῶν</span> <span class='ocrx_word' id='word_1_335' title='bbox 1177 4370 1220 4425; x_wconf 81' lang='grc' dir='ltr'>διδ</span> <span class='ocrx_word' id='word_1_336' title='bbox 1231 4375 1307 4426; x_wconf 82' lang='grc' dir='ltr'>τοῦτο</span> <span class='ocrx_word' id='word_1_337' title='bbox 1319 4389 1425 4426; x_wconf 76' lang='lat' dir='ltr'>mverso</span> 
     </span>
     <span class='ocr_line' id='line_1_34' title="bbox 227 4438 1425 4566; baseline 0.002 -71"><span class='ocrx_word' id='word_1_338' title='bbox 227 4440 321 4495; x_wconf 81' lang='lat' dir='ltr'>ordine</span> <span class='ocrx_word' id='word_1_339' title='bbox 333 4438 504 4511; x_wconf 81' lang='lat' dir='ltr'><strong>Euthymius.</strong></span> <span class='ocrx_word' id='word_1_340' title='bbox 551 4441 613 4509; x_wconf 64' lang='grc' dir='ltr'>αὕτη</span> <span class='ocrx_word' id='word_1_341' title='bbox 627 4441 663 4496; x_wconf 93' lang='lat' dir='ltr'>D.</span> <span class='ocrx_word' id='word_1_342' title='bbox 676 4439 759 4529; x_wconf 57' lang='lat' dir='ltr'><strong>Eufh.</strong></span> <span class='ocrx_word' id='word_1_343' title='bbox 771 4441 875 4512; x_wconf 62' lang='grc' dir='ltr'>Μίμας.</span> <span class='ocrx_word' id='word_1_344' title='bbox 887 4440 950 4512; x_wconf 74' lang='grc' dir='ltr'>αὕτη</span> <span class='ocrx_word' id='word_1_345' title='bbox 963 4441 1015 4533; x_wconf 68' lang='grc' dir='ltr'>Εδ.</span> <span class='ocrx_word' id='word_1_346' title='bbox 1125 4512 1130 4524; x_wconf 43' lang='grc' dir='ltr'>Ι</span> <span class='ocrx_word' id='word_1_347' title='bbox 1189 4458 1230 4512; x_wconf 82' lang='lat'>13·</span> <span class='ocrx_word' id='word_1_348' title='bbox 1248 4440 1328 4566; x_wconf 53' lang='lat'>³55&amp;</span> <span class='ocrx_word' id='word_1_349' title='bbox 1341 4442 1425 4498; x_wconf 72' lang='lat' dir='ltr'><strong>Ruth.</strong></span> 
     </span>
     <span class='ocr_line' id='line_1_35' title="bbox 231 4508 1383 4584; baseline 0.003 -20"><span class='ocrx_word' id='word_1_350' title='bbox 231 4511 272 4566; x_wconf 77' lang='grc' dir='ltr'>ιθ.</span> <span class='ocrx_word' id='word_1_351' title='bbox 290 4512 430 4582; x_wconf 78' lang='grc' dir='ltr'>λεγόμενον</span> <span class='ocrx_word' id='word_1_352' title='bbox 441 4508 525 4566; x_wconf 80' lang='lat' dir='ltr'><strong>Ruth.</strong></span> <span class='ocrx_word' id='word_1_353' title='bbox 571 4508 636 4583; x_wconf 66' lang='grc' dir='ltr'>ἐγὼ]</span> <span class='ocrx_word' id='word_1_354' title='bbox 652 4516 682 4576; x_wconf 84' lang='lat'>÷</span> <span class='ocrx_word' id='word_1_355' title='bbox 696 4510 725 4565; x_wconf 77' lang='grc' dir='ltr'>δι</span> <span class='ocrx_word' id='word_1_356' title='bbox 738 4510 771 4566; x_wconf 87' lang='grc' dir='ltr'>Ε.</span> <span class='ocrx_word' id='word_1_357' title='bbox 879 4528 922 4567; x_wconf 83' lang='grc' dir='ltr'>τι.</span> <span class='ocrx_word' id='word_1_358' title='bbox 940 4533 1020 4584; x_wconf 83' lang='grc' dir='ltr'>χωρις</span> <span class='ocrx_word' id='word_1_359' title='bbox 1031 4514 1113 4584; x_wconf 83' lang='grc' dir='ltr'>λόγου</span> <span class='ocrx_word' id='word_1_360' title='bbox 1124 4529 1229 4568; x_wconf 80' lang='grc' dir='ltr'>ιατςτοο</span> <span class='ocrx_word' id='word_1_361' title='bbox 1241 4530 1258 4566; x_wconf 95' lang='grc' dir='ltr'>ο</span> <span class='ocrx_word' id='word_1_362' title='bbox 1291 4530 1336 4568; x_wconf 78' lang='lat' dir='ltr'>me</span> <span class='ocrx_word' id='word_1_363' title='bbox 1349 4512 1383 4569; x_wconf 87' lang='lat' dir='ltr'>B.</span> 
     </span>
    </p>
   </div>
   <div class='ocr_carea' id='block_1_8' title="bbox 0 0 1528 5018">
    <p class='ocr_par' dir='ltr' id='par_1_10' title="bbox 0 0 1528 5018">
     <span class='ocr_line' id='line_1_36' title="bbox 0 0 1528 5018; baseline 0 0"><span class='ocrx_word' id='word_1_364' title='bbox 0 0 1528 5018; x_wconf 95' lang='lat' dir='ltr'> </span> 
     </span>
    </p>
   </div>
  </div>
 </body>
</html>
