3038 5018
675 997 916 1074 KE<1>AAH
958 998 1001 1076 Ε.

204 1117 230 1184 δ

234 1253 307 1320 Ὀτι
327 1254 380 1318 οὐκ
403 1257 435 1319 δυ
456 1259 517 1322 τοῖς
539 1254 757 1336 προσκυνοΰσίν
780 1256 864 1320 ἐστιν
886 1257 903 1318 (ί
923 1253 1004 1333 was,
1025 1252 1045 1342 ᾗ
1067 1255 1165 1334 Λόγος
1187 1252 1252 1319 ἐστὶ
1276 1253 1323 1318 καί
1345 1253 1443 1332 Θεὸς,

397 1348 399 1352 Ι
513 1388 722 1462 προσκυνεῖται
745 1385 778 1446 δὲ
799 1387 920 1461 μᾶλλον
940 1385 1016 1463 μετδ
1037 1381 1164 1462 Πατρδς,

189 1643 225 1684 22
282 1613 397 1694 Ὑμεῖο
427 1611 638 1703 προσκυνεῖτε
670 1617 688 1682 ὂ
721 1615 779 1681 οὐκ
811 1612 933 1682 οἴδατε·
971 1612 1064 1692 ιἰμεῖο
1096 1620 1336 1705 προσκυνοῦμεν
1365 1620 1386 1685 ὃ

381 1749 527 1834 οἴδαμεν,
552 1755 602 1819 ὄτι
630 1754 648 1818 ίι
678 1754 822 1842 οωτιιρία
850 1755 886 1820 ἑκ
912 1754 979 1819 τῶν
1002 1753 1172 1820 Ἰουδαίων
1200 1753 1297 1819 ὲοτίν.
1456 1769 1476 1828 5

295 1941 455 2018 ΛΑΛΕΙ
473 1936 539 2037 μὲν
556 1929 669 2017 πάλιν
688 1941 736 2021 ὡς
746 1935 923 2046 Ἰουδαῖος
947 1939 1006 2019 καί
1025 1941 1073 2022 ὡς
1091 1938 1289 2043 ἅνθρωπος,
1307 1945 1442 2017 τοῦτον

209 2064 296 2144 οκαί
317 2069 379 2140 νῦν
397 2061 619 2159 ἀπαιτούσης
644 2058 708 2140 τὸν
726 2059 861 2164 τράπον
879 2065 943 2161 τῆς
967 2069 1031 2141 τοῦ
1058 2059 1269 2164 πράγματος
1294 2066 1437 2140 οἰκονο-

237 2187 330 2284 μίας·
359 2184 439 2264 οῦδέ
456 2183 529 2286 γάρ
548 2182 592 2263 ἀν
606 2193 729 2286 καιροῦ
746 2192 810 2263 τοῦ
826 2184 1024 2287 πρέποντος
1043 2181 1245 2290 ἀπεσφάλη
1258 2181 1436 2287 Χριστός·

238 2311 403 2408 ἀπονέμει
433 2306 475 2388 δέ
500 2340 536 2386 τι
566 2312 624 2386 καί
652 2307 767 2386 πλέον
781 2312 842 2400 ,είς
871 2307 1022 2387 σύνεσιν
1051 2316 1127 2390 ταῖς
1156 2308 1337 2387 Ἰουδαίων
1364 2316 1436 2385 λιι·

238 2433 377 2534 τρείαις.
417 2435 632 2531 Σαμαρεῖται
658 2428 725 2529 μὲν
749 2427 902 2534 γάρ,’ὡς
927 2433 965 2509 ἐν
987 2432 1094 2537 ἁπλῷ
1122 2464 1161 2510 τε
1189 2433 1247 2509 καὶ
1274 2427 1439 2538 ἀζητήτῳ
1455 2471 1497 2511 10

238 2555 339 2661 λόγῳ
366 2560 615 2656 προσκυνοῦσι
643 2553 708 2633 τὸν
736 2553 844 2634 Θεάν·
887 2556 1050 2635 Ἰουδαῖοι
1078 2553 1125 2652 δὲ,
1154 2554 1212 2632 διὰ
1240 2552 1349 2650 νόμου
1377 2557 1456 2633 καὶ.

237 2683 435 2783 προφητῶν
462 2675 529 2771 τὴν
552 2685 616 2756 τοῦ
644 2676 747 2761 ὄντος
775 2683 913 2777 γνῶσιν
938 2676 1030 2758 κατὰ
1057 2676 1099 2757 τὸ
1127 2679 1309 2782 ἐγχωροῦν
1334 2674 1440 2782 δεχό-

236 2834 347 2899 μενοι.
387 2798 445 2880 διά
469 2808 575 2879 τοῦτο
595 2802 817 2902 Σαμαρείτας
843 2798 908 2897 μέν
926 2803 991 2880 οῦκ
1015 2800 1140 2882 εἰδέναι
1169 2804 1295 2905 φησίν,
1314 2800 1437 2908 ε’ξεττί·

236 2930 399 3004 σπασθαι
425 2924 469 3004 δέ
487 2958 565 3007 πως
583 2924 787 3022 Ἰουδαίους,
805 2925 850 3031 ἐξ
871 2921 922 3003 ὧν
939 2927 997 3005 καί
1023 2921 1349 3028 ἀναδειχθήσεσθαι
1370 2922 1441 3024 τὴν

237 3054 408 3156 σωτηρίαν,
440 3043 565 3127 ἑαυτὸν
595 3046 762 3146 δηλονότι
796 3045 1055 3151 διισχυρίζεται.
1108 3044 1180 3128 ἀπὸ
1212 3045 1284 3147 γὰρ
1315 3047 1496 3152 wip-15

203 3185 348 3269 ἀματος
367 3174 501 3251 Δαυείδ
518 3168 560 3248 τδ
584 3169 676 3250 κατά
698 3169 819 3273 σάρκα
837 3167 1010 3273 Χριστὸς,
1029 3175 1149 3278 φυλῆς
1174 3168 1212 3249 δὲ
1235 3175 1300 3269 τῆς
1316 3169 1439 3251 Ἰούδα

238 3294 385 3394 γέγονεν
413 3297 432 3373 ὁ
462 3295 605 3373 Δαυείδ.
645 3296 683 3373 έν
711 3291 749 3372 δὲ
776 3301 850 3378 τοῖς
877 3301 1147 3396 προσκυνοῦσιν
1174 3293 1299 3373 ἑαυτὸν
1326 3328 1439 3374 κατα-

237 3415 357 3496 τάττει
383 3414 495 3496 πάλιν
519 3419 567 3499 ὡς
595 3417 835 3520 ἀνθρωπος,ὁ
863 3415 953 3513 μετὰ
980 3424 1044 3496 τοῦ
1068 3421 1163 3496 Θεοῦ
1191 3420 1249 3498 καὶ
1274 3416 1435 3519 Πατρὸς,

236 3538 327 3641 πρός
362 3572 398 3617 τε
430 3540 532 3637 ἡμῶν
563 3543 622 3619 καί
657 3547 730 3618 τῶν
763 3540 875 3642 ἀγίων
907 3539 1076 3641 ἀγγέλων
1107 3541 1433 3644 προσκυνούμενος.

236 3662 356 3763 ἐπειδὴ
394 3661 465 3765 γάρ
502 3659 544 3742 τὸ
581 3662 751 3743 οἰκετικὸν
785 3660 1018 3766 περιεβάλετο
1053 3667 1192 3765 σχῆμα,
1222 3661 1287 3763 τὴν
1319 3662 1437 3770 οἰκέτῃ
1454 3706 1497 3751 ιο

235 3788 447 3892 πρέπουσαν
474 3788 685 3889 ἀποπληροῖ
708 3789 943 3890 λειτουργίαν,
973 3787 1036 3866 οὐκ
1064 3786 1250 3872 ἀπολέσας
1277 3785 1320 3867 τδ
1347 3782 1437 3868 εἶναι

237 3911 330 3995 θεὸς
351 3914 410 3990 καὶ
430 3909 562 4012 Κύριος
587 3913 646 3990 καί
669 3909 930 4013 προσκυνητός·
959 3909 1056 4008 μένει
1074 3906 1145 4012 γάρ
1164 3910 1185 3990 ὁ
1203 3908 1309 3994 αὐτὸς
1327 3915 1356 3991 εί
1376 3913 1437 3992 καί

273 4140 297 4188 2,
310 4140 336 4194 3.
356 4123 420 4179 Om.
435 4122 478 4187 B„
508 4122 700 4193 uitransponit
710 4126 743 4176 ut
755 4140 835 4192 supra
848 4122 945 4178 notavi.
1020 4121 1045 4177 6.
1065 4123 1100 4178 ὣς
1110 4122 1156 4175 alt.
1170 4129 1340 4192 assumptum
1352 4139 1386 4175 οτι
1402 4123 1434 4178 Β.

236 4195 262 4249 8.
280 4198 326 4249 τοῦ
340 4194 372 4249 Β.
384 4217 412 4249 τε
425 4195 466 4246 καί
505 4193 533 4247 d.
625 4211 651 4264 9.
670 4195 715 4260 τῆς
726 4191 856 4247 Ἰουδαίων
868 4193 987 4262 λατρείας
1001 4192 1033 4247 B.
1046 4193 1136 4247 invitis
1149 4191 1219 4247 catt.
1312 4208 1354 4260 14.
1373 4193 1436 4251 ποῦς

234 4264 374 4321 Ἰουδαίους
387 4264 438 4319 Ed.
451 4265 536 4318 invito
550 4263 581 4317 B.
761 4277 802 4345 15.
821 4263 911 4344 ἑαυτὸν
922 4263 1022 4317 correxi
1036 4279 1117 4316 sensu
1128 4263 1259 4333 exigente.
1271 4263 1368 4317 ἑαυτῶν
1380 4263 1435 4319 Ed.

238 4334 280 4390 16.
298 4339 345 4389 τοῦ
357 4335 494 4405 ρτοτὸΒ.
589 4347 628 4403 17.
646 4334 724 4387 αὑτὸν
737 4332 769 4386 Β.
782 4342 872 4387 ιονιιις
884 4350 908 4386 ε.
922 4332 1003 4387 Cord.
1099 4333 1141 4386 18.
1159 4336 1206 4387 τοῦ
1217 4340 1388 4404 assumptum
1401 4351 1436 4390 ox

236 4404 363 4530 Bahgoz
376 4475 416 4529 co
431 4475 448 4529 d
501 4422 544 4460 20.
563 4407 731 4473 περιεβάλετο
745 4402 816 4458 B.D.
830 4402 901 4458 catt.
913 4404 1101 4472 περιεβάλλετο
1114 4402 1165 4459 Ed.
1281 4419 1323 4461 22.
1343 4403 1366 4457 εί
1378 4422 1435 4461 om.

337 4494 350 4529 e
418 4493 457 4528 r.
